{"gold_per_floor":[119,42,42,52,67,67,93,93,166,185,185,28,46,60,60,157,157,170,190,190,190,190,220,236,236,317,336,352,378,388,127,127,231,231,245,263,209,259,259,259,288,288,361,361,376,394,419,437,437,437,437,437,10,40,40],"floor_reached":56,"playtime":3312,"items_purged":["Strike_B","Writhe"],"score":1249,"play_id":"bd60796f-3e9d-4d0c-ab68-7b09662b4a7c","local_time":"20190221192452","is_ascension_mode":false,"campfire_choices":[{"data":"Genetic Algorithm","floor":6.0,"key":"SMITH"},{"data":"Dualcast","floor":8.0,"key":"SMITH"},{"data":"Gash","floor":11.0,"key":"SMITH"},{"data":"White Noise","floor":15.0,"key":"SMITH"},{"floor":25.0,"key":"REST"},{"data":"Strike_B","floor":32.0,"key":"PURGE"},{"data":"Strike_B","floor":40.0,"key":"PURGE"},{"data":"Strike_B","floor":42.0,"key":"PURGE"},{"floor":49.0,"key":"RECALL"},{"data":"Defend_B","floor":52.0,"key":"PURGE"}],"neow_cost":"NONE","seed_source_timestamp":0,"circlet_count":0,"master_deck":["Defend_B","Defend_B","Defend_B","Zap+1","Dualcast+1","Coolheaded","FTL","Capacitor","Genetic Algorithm+1","Go for the Eyes","Gash+1","White Noise+1","Electrodynamics","Gash","Core Surge","Steam+1","BootSequence+1","Consume","RitualDagger","Glacier+1","Self Repair","Coolheaded","Biased Cognition","Seek","Echo Form","Chaos+1","Tempest","Conserve Battery","Madness","Blizzard","Defend_G","Gash","Hologram","Auto Shields"],"special_seed":0,"relics":["Cracked Core","Bag of Preparation","Fusion Hammer","Calipers","Peace Pipe","Bottled Flame","Oddly Smooth Stone","Philosopher\u0027s Stone","Thread and Needle","Blue Candle","Pear","DataDisk","ClockworkSouvenir","Vajra","Letter Opener"],"potions_floor_usage":[55,55,55],"damage_taken":[{"damage":0.0,"enemies":"Small Slimes","floor":1.0,"turns":3.0},{"damage":0.0,"enemies":"Cultist","floor":4.0,"turns":3.0},{"damage":6.0,"enemies":"Jaw Worm","floor":5.0,"turns":4.0},{"damage":10.0,"enemies":"Lagavulin","floor":7.0,"turns":9.0},{"damage":1.0,"enemies":"Looter","floor":10.0,"turns":2.0},{"damage":0.0,"enemies":"Large Slime","floor":13.0,"turns":6.0},{"damage":0.0,"enemies":"Blue Slaver","floor":14.0,"turns":3.0},{"damage":15.0,"enemies":"The Guardian","floor":16.0,"turns":8.0},{"damage":0.0,"enemies":"Spheric Guardian","floor":18.0,"turns":3.0},{"damage":2.0,"enemies":"3 Byrds","floor":19.0,"turns":4.0},{"damage":10.0,"enemies":"Slavers","floor":23.0,"turns":3.0},{"damage":17.0,"enemies":"Sentry and Sphere","floor":24.0,"turns":4.0},{"damage":1.0,"enemies":"Centurion and Healer","floor":27.0,"turns":6.0},{"damage":0.0,"enemies":"Chosen and Byrds","floor":28.0,"turns":6.0},{"damage":0.0,"enemies":"Gremlin Leader","floor":29.0,"turns":5.0},{"damage":0.0,"enemies":"3 Cultists","floor":30.0,"turns":4.0},{"damage":9.0,"enemies":"Automaton","floor":33.0,"turns":11.0},{"damage":0.0,"enemies":"3 Darklings","floor":35.0,"turns":3.0},{"damage":0.0,"enemies":"3 Shapes","floor":36.0,"turns":2.0},{"damage":18.0,"enemies":"2 Orb Walkers","floor":38.0,"turns":3.0},{"damage":0.0,"enemies":"Nemesis","floor":41.0,"turns":7.0},{"damage":7.0,"enemies":"Spire Growth","floor":45.0,"turns":6.0},{"damage":0.0,"enemies":"Sphere and 2 Shapes","floor":46.0,"turns":9.0},{"damage":26.0,"enemies":"Giant Head","floor":47.0,"turns":11.0},{"damage":0.0,"enemies":"Transient","floor":48.0,"turns":5.0},{"damage":3.0,"enemies":"Awakened One","floor":50.0,"turns":16.0},{"damage":15.0,"enemies":"Shield and Spear","floor":54.0,"turns":6.0},{"damage":49,"enemies":"The Heart","floor":55,"turns":12}],"seed_played":"-7554730940685468872","potions_obtained":[{"floor":1.0,"key":"Regen Potion"},{"floor":7.0,"key":"Swift Potion"},{"floor":14.0,"key":"FocusPotion"},{"floor":18.0,"key":"PowerPotion"},{"floor":24.0,"key":"Block Potion"},{"floor":36.0,"key":"GamblersBrew"},{"floor":38.0,"key":"GamblersBrew"},{"floor":45.0,"key":"EntropicBrew"},{"floor":54.0,"key":"SkillPotion"}],"is_trial":false,"path_per_floor":["M","$","?","M","M","R","E","R","T","M","R","$","M","M","R","B",null,"M","M","?","?","?","E","M","R","T","M","M","E","M","$","R","B",null,"M","M","$","?","?","R","E","R","T","?","M","M","E","M","R","B",null,"R","$","E","B",null],"character_chosen":"DEFECT","items_purchased":["Capacitor","White Noise","Seek","Conserve Battery","ClockworkSouvenir","Vajra","Auto Shields"],"campfire_rested":1,"item_purchase_floors":[2,12,31,37,53,53,53],"current_hp_per_floor":[75,75,75,75,69,69,59,59,59,58,58,58,58,58,58,43,75,75,73,73,67,67,57,40,62,62,68,75,75,75,75,75,73,75,75,75,75,64,55,55,55,55,65,65,65,72,53,60,60,79,85,85,85,77,42],"gold":40,"neow_bonus":"THREE_CARDS","is_prod":false,"is_daily":false,"chose_seed":false,"campfire_upgraded":4,"win_rate":0,"timestamp":1550744692,"path_taken":["M","$","?","M","M","R","E","R","T","?","R","$","M","M","R","BOSS","M","M","?","?","?","E","M","R","T","M","M","E","M","$","R","BOSS","M","M","$","?","?","R","E","R","T","?","?","M","E","M","R","BOSS","R","$","E","BOSS"],"build_version":"2019-01-23","purchased_purges":2,"victory":true,"max_hp_per_floor":[75,75,75,75,75,75,75,75,75,75,75,75,75,75,75,75,75,75,75,75,75,75,75,75,75,75,75,75,75,75,75,75,75,75,75,75,75,75,75,75,75,75,85,85,85,85,85,85,85,85,85,85,85,85,85],"card_choices":[{"not_picked":["Barrage","Leap"],"picked":"Coolheaded","floor":0.0},{"not_picked":["Rebound","Redo"],"picked":"FTL","floor":1.0},{"not_picked":["Ball Lightning","Steam Power"],"picked":"Genetic Algorithm","floor":4.0},{"not_picked":["Rebound","Cold Snap"],"picked":"Go for the Eyes","floor":5.0},{"not_picked":["Capacitor","Beam Cell"],"picked":"Gash","floor":7.0},{"not_picked":["Stack","Force Field","Rip and Tear"],"picked":"SKIP","floor":10.0},{"not_picked":["Defragment","Turbo"],"picked":"Electrodynamics","floor":13.0},{"not_picked":["Turbo","Reinforced Body"],"picked":"Gash","floor":14.0},{"not_picked":["Fission","Biased Cognition"],"picked":"Core Surge","floor":16.0},{"not_picked":["Go for the Eyes+1","Recycle"],"picked":"Steam+1","floor":18.0},{"not_picked":["Barrage","Cold Snap"],"picked":"BootSequence+1","floor":19.0},{"not_picked":["Rebound","Reboot"],"picked":"Glacier+1","floor":23.0},{"not_picked":["Go for the Eyes","Conserve Battery"],"picked":"Self Repair","floor":24.0},{"not_picked":["Cold Snap","Capacitor"],"picked":"Coolheaded","floor":27.0},{"not_picked":["Lockon","Turbo","Melter"],"picked":"SKIP","floor":28.0},{"not_picked":["Streamline","Coolheaded"],"picked":"Biased Cognition","floor":29.0},{"not_picked":["Steam+1","Beam Cell+1","Turbo"],"picked":"SKIP","floor":30.0},{"not_picked":["Machine Learning","Multi-Cast"],"picked":"Echo Form","floor":33.0},{"not_picked":["Melter","Compile Driver"],"picked":"Chaos+1","floor":35.0},{"not_picked":["Coolheaded","Redo"],"picked":"Tempest","floor":36.0},{"not_picked":["Cold Snap+1","Steam"],"picked":"Blizzard","floor":41.0},{"not_picked":["Rebound+1","Reprogram","Doom and Gloom+1"],"picked":"SKIP","floor":45.0},{"not_picked":["Rebound","Doom and Gloom+1"],"picked":"Gash","floor":46.0},{"not_picked":["Rebound","Stack+1","Electrodynamics"],"picked":"SKIP","floor":47.0},{"not_picked":["Rebound+1","Steam Power"],"picked":"Hologram","floor":48.0},{"not_picked":["Turbo+1","Steam+1","Rip and Tear+1"],"picked":"SKIP","floor":54.0}],"player_experience":344010,"relics_obtained":[{"floor":7.0,"key":"Bag of Preparation"},{"floor":23.0,"key":"Peace Pipe"},{"floor":26.0,"key":"Bottled Flame"},{"floor":29.0,"key":"Oddly Smooth Stone"},{"floor":38.0,"key":"Thread and Needle"},{"floor":41.0,"key":"Blue Candle"},{"floor":43.0,"key":"Pear"},{"floor":47.0,"key":"DataDisk"},{"floor":54.0,"key":"Letter Opener"}],"event_choices":[{"damage_healed":0.0,"max_hp_gain":0.0,"max_hp_loss":0.0,"gold_gain":0.0,"event_name":"Upgrade Shrine","player_choice":"Upgraded","floor":3.0,"gold_loss":0.0,"damage_taken":0.0,"cards_upgraded":["Zap"]},{"damage_healed":0.0,"max_hp_gain":0.0,"max_hp_loss":0.0,"gold_gain":0.0,"event_name":"The Library","player_choice":"Read","floor":20.0,"gold_loss":0.0,"damage_taken":0.0,"cards_obtained":["Consume"]},{"damage_healed":0.0,"max_hp_gain":0.0,"max_hp_loss":0.0,"gold_gain":0.0,"event_name":"Nest","player_choice":"Joined the Cult","floor":21.0,"gold_loss":0.0,"damage_taken":6.0,"cards_obtained":["RitualDagger"]},{"damage_healed":0.0,"max_hp_gain":0.0,"max_hp_loss":0.0,"gold_gain":0.0,"event_name":"The Mausoleum","player_choice":"Opened","floor":22.0,"gold_loss":0.0,"damage_taken":0.0,"relics_obtained":["Calipers"],"cards_obtained":["Writhe"]},{"damage_healed":0.0,"max_hp_gain":0.0,"max_hp_loss":0.0,"gold_gain":0.0,"event_name":"Mysterious Sphere","player_choice":"Fight","floor":38.0,"gold_loss":0.0,"damage_taken":0.0},{"damage_healed":0.0,"max_hp_gain":0.0,"max_hp_loss":0.0,"gold_gain":0.0,"event_name":"Winding Halls","player_choice":"Embrace Madness","floor":39.0,"gold_loss":0.0,"damage_taken":9.0,"cards_obtained":["Madness","Madness"]},{"cards_removed":["Madness"],"damage_healed":0.0,"max_hp_gain":0.0,"max_hp_loss":0.0,"gold_gain":0.0,"event_name":"NoteForYourself","player_choice":"Took Card","floor":44.0,"gold_loss":0.0,"damage_taken":0.0,"cards_obtained":["Defend_G"]}],"is_beta":false,"boss_relics":[{"not_picked":["White Beast Statue","Lizard Tail"],"picked":"Fusion Hammer"},{"not_picked":["Runic Dome","Tiny House"],"picked":"Philosopher\u0027s Stone"}],"items_purged_floors":[12,31],"is_endless":false,"potions_floor_spawned":[1,7,14,18,19,24,28,36,38,45,54],"ascension_level":0}