{"gold_per_floor":[365,365,95,45,45,75,75,106,106,124,142,162,179,179,179,280,280,295,90,90,39,39,39,74,84,84,84,97,20,20,39,39,144,144,159,171,71,87,87,87,87,98,98,109,109,56,56,71,71,71],"floor_reached":50,"playtime":4348,"items_purged":["Strike_R","Defend_R"],"score":470,"play_id":"6755aed7-5524-4e5d-aee2-ccedb9720041","local_time":"20190221064435","is_ascension_mode":false,"campfire_choices":[{"data":"Inflame","floor":7.0,"key":"SMITH"},{"floor":15.0,"key":"REST"},{"data":"True Grit","floor":23.0,"key":"SMITH"},{"floor":27.0,"key":"REST"},{"data":"Dual Wield","floor":30.0,"key":"SMITH"},{"data":"Shrug It Off","floor":32.0,"key":"SMITH"},{"floor":40.0,"key":"REST"},{"floor":45.0,"key":"REST"},{"data":"Shrug It Off","floor":47.0,"key":"SMITH"},{"floor":49.0,"key":"REST"}],"neow_cost":"CURSE","seed_source_timestamp":34387089682254,"circlet_count":0,"master_deck":["Strike_R","Strike_R","Strike_R","Defend_R","Defend_R","Defend_R","Bash","True Grit+1","Inflame+1","Pommel Strike","True Grit+1","Uppercut","Battle Trance","Cleave","Shrug It Off+1","Feed","Inflame+1","Shrug It Off+1","Dual Wield+1","Armaments+1","Feel No Pain","Headbutt+1","Reaper","Heavy Blade+1","Shrug It Off"],"special_seed":0,"relics":["Burning Blood","Bag of Preparation","Bronze Scales","Incense Burner","Bottled Tornado","Lizard Tail","DollysMirror","MutagenicStrength","Ornamental Fan","Shuriken","Busted Crown","Peace Pipe"],"potions_floor_usage":[50,50],"damage_taken":[{"damage":10.0,"enemies":"Jaw Worm","floor":1.0,"turns":4.0},{"damage":30.0,"enemies":"3 Sentries","floor":6.0,"turns":11.0},{"damage":24.0,"enemies":"Lagavulin","floor":8.0,"turns":8.0},{"damage":0.0,"enemies":"Small Slimes","floor":10.0,"turns":3.0},{"damage":0.0,"enemies":"Cultist","floor":11.0,"turns":3.0},{"damage":12.0,"enemies":"3 Louse","floor":12.0,"turns":3.0},{"damage":3.0,"enemies":"Exordium Wildlife","floor":13.0,"turns":3.0},{"damage":41.0,"enemies":"Hexaghost","floor":16.0,"turns":11.0},{"damage":20.0,"enemies":"2 Thieves","floor":18.0,"turns":4.0},{"damage":27.0,"enemies":"Gremlin Leader","floor":24.0,"turns":8.0},{"damage":9.0,"enemies":"Chosen","floor":25.0,"turns":4.0},{"damage":7.0,"enemies":"Snake Plant","floor":28.0,"turns":5.0},{"damage":18.0,"enemies":"Shelled Parasite and Fungi","floor":31.0,"turns":7.0},{"damage":31.0,"enemies":"Champ","floor":33.0,"turns":13.0},{"damage":21.0,"enemies":"Orb Walker","floor":35.0,"turns":6.0},{"damage":29.0,"enemies":"3 Darklings","floor":36.0,"turns":9.0},{"damage":66.0,"enemies":"Writhing Mass","floor":38.0,"turns":7.0},{"damage":15.0,"enemies":"Jaw Worm Horde","floor":42.0,"turns":5.0},{"damage":35.0,"enemies":"Maw","floor":44.0,"turns":8.0},{"damage":48.0,"enemies":"4 Shapes","floor":48.0,"turns":6.0},{"damage":124,"enemies":"Time Eater","floor":50,"turns":12}],"seed_played":"8138215753452160238","potions_obtained":[{"floor":1.0,"key":"PowerPotion"},{"floor":10.0,"key":"SteroidPotion"},{"floor":13.0,"key":"SkillPotion"},{"floor":16.0,"key":"AttackPotion"},{"floor":18.0,"key":"GamblersBrew"},{"floor":35.0,"key":"FairyPotion"},{"floor":38.0,"key":"Ancient Potion"},{"floor":44.0,"key":"BloodPotion"}],"is_trial":false,"path_per_floor":["M","?","$","?","?","E","R","E","T","M","M","M","M","?","R","B",null,"M","$","?","$","?","R","E","M","T","R","M","$","R","M","R","B",null,"M","M","$","M","?","R","?","M","T","M","R","$","R","M","R","B"],"character_chosen":"IRONCLAD","items_purchased":["Inflame","Bag of Preparation","DollysMirror","Shrug It Off","Feel No Pain","Shrug It Off"],"campfire_rested":5,"item_purchase_floors":[3,3,19,21,29,46],"current_hp_per_floor":[76,76,76,76,76,52,52,34,34,40,46,40,43,43,67,32,80,66,66,66,66,66,66,45,45,45,69,68,68,68,59,59,34,86,71,86,86,36,36,62,62,53,53,24,50,50,50,26,53,0],"gold":71,"neow_bonus":"TWO_FIFTY_GOLD","is_prod":false,"is_daily":false,"chose_seed":false,"campfire_upgraded":5,"win_rate":0.0,"timestamp":1550756675,"path_taken":["M","?","$","?","?","E","R","E","T","?","M","M","M","?","R","BOSS","M","$","?","$","?","R","E","M","T","R","M","?","R","?","R","BOSS","M","M","$","M","?","R","?","M","T","?","R","$","R","M","R","BOSS"],"build_version":"2019-01-23","purchased_purges":2,"victory":false,"max_hp_per_floor":[80,80,80,80,80,80,80,80,80,80,80,80,80,80,80,80,80,80,80,80,80,80,80,80,83,83,83,83,83,83,86,86,86,86,86,86,86,89,89,89,89,89,89,89,89,89,89,92,92,92],"card_choices":[{"not_picked":["Headbutt","Body Slam"],"picked":"True Grit","floor":1.0},{"not_picked":["Sword Boomerang","Clash"],"picked":"Pommel Strike","floor":6.0},{"not_picked":["Heavy Blade","Flex"],"picked":"True Grit","floor":8.0},{"not_picked":["Shockwave","Warcry"],"picked":"Uppercut","floor":10.0},{"not_picked":["Iron Wave","Brutality"],"picked":"Battle Trance","floor":11.0},{"not_picked":["Dropkick","Anger"],"picked":"Cleave","floor":12.0},{"not_picked":["Thunderclap","Rupture"],"picked":"Shrug It Off","floor":13.0},{"not_picked":["Bludgeon","Berserk"],"picked":"Feed","floor":16.0},{"not_picked":["Thunderclap+1","Cleave","Hemokinesis+1"],"picked":"SKIP","floor":18.0},{"not_picked":["Body Slam","Second Wind"],"picked":"Armaments+1","floor":24.0},{"not_picked":["Armaments","Twin Strike","Intimidate"],"picked":"SKIP","floor":25.0},{"not_picked":["Clothesline","Bloodletting","Blood for Blood"],"picked":"SKIP","floor":28.0},{"not_picked":["Burning Pact","Shrug It Off"],"picked":"Headbutt+1","floor":31.0},{"not_picked":["Brutality","Feed"],"picked":"Reaper","floor":33.0},{"not_picked":["Reckless Charge+1"],"picked":"SKIP","floor":35.0},{"not_picked":[],"picked":"Heavy Blade+1","floor":36.0},{"not_picked":["Flex"],"picked":"SKIP","floor":38.0},{"not_picked":["Warcry"],"picked":"SKIP","floor":42.0},{"not_picked":["Rage"],"picked":"SKIP","floor":44.0},{"not_picked":["Flex+1"],"picked":"SKIP","floor":48.0}],"player_experience":62603,"relics_obtained":[{"floor":6.0,"key":"Bronze Scales"},{"floor":8.0,"key":"Incense Burner"},{"floor":9.0,"key":"Bottled Tornado"},{"floor":24.0,"key":"Ornamental Fan"},{"floor":26.0,"key":"Shuriken"},{"floor":43.0,"key":"Peace Pipe"}],"event_choices":[{"damage_healed":0.0,"max_hp_gain":0.0,"max_hp_loss":0.0,"gold_gain":0.0,"event_name":"Liars Game","player_choice":"Ignored","floor":2.0,"gold_loss":0.0,"damage_taken":0.0},{"cards_removed":["Strike_R"],"damage_healed":0.0,"max_hp_gain":0.0,"max_hp_loss":0.0,"gold_gain":0.0,"event_name":"The Cleric","player_choice":"Card Removal","floor":4.0,"gold_loss":50.0,"damage_taken":0.0},{"damage_healed":0.0,"max_hp_gain":0.0,"max_hp_loss":0.0,"gold_gain":0.0,"event_name":"Accursed Blacksmith","player_choice":"Forge","floor":5.0,"gold_loss":0.0,"damage_taken":0.0,"cards_upgraded":["True Grit"]},{"cards_removed":["Injury"],"damage_healed":0.0,"max_hp_gain":0.0,"max_hp_loss":0.0,"gold_gain":0.0,"event_name":"Living Wall","player_choice":"Forget","floor":14.0,"gold_loss":0.0,"damage_taken":0.0},{"damage_healed":0.0,"max_hp_gain":0.0,"max_hp_loss":0.0,"gold_gain":0.0,"event_name":"Drug Dealer","player_choice":"Inject Mutagens","floor":20.0,"gold_loss":0.0,"damage_taken":0.0,"relics_obtained":["MutagenicStrength"]},{"damage_healed":0.0,"max_hp_gain":0.0,"max_hp_loss":0.0,"gold_gain":0.0,"event_name":"The Library","player_choice":"Read","floor":22.0,"gold_loss":0.0,"damage_taken":0.0,"cards_obtained":["Dual Wield"]},{"damage_healed":0.0,"max_hp_gain":0.0,"max_hp_loss":0.0,"gold_gain":0.0,"event_name":"Tomb of Lord Red Mask","player_choice":"Ignored","floor":39.0,"gold_loss":0.0,"damage_taken":0.0},{"damage_healed":0.0,"max_hp_gain":0.0,"max_hp_loss":0.0,"gold_gain":0.0,"event_name":"SecretPortal","player_choice":"Ignored","floor":41.0,"gold_loss":0.0,"damage_taken":0.0}],"is_beta":false,"boss_relics":[{"not_picked":["Snecko Eye","White Beast Statue"],"picked":"Lizard Tail"},{"not_picked":["Calling Bell","Orrery"],"picked":"Busted Crown"}],"items_purged_floors":[3,37],"is_endless":false,"potions_floor_spawned":[1,10,13,16,18,35,38,44],"killed_by":"Time Eater","ascension_level":0}