{"gold_per_floor":[116,132,132,149,165,197,197,197,197,162,177,177,191,191,191,296,296,314,132,10,10,10,35,53,65,65,80,98,98,124,141,141,240,240,256,602,602,602,602,602,622,622,622,651,304,102,137,151,151,151],"floor_reached":51,"playtime":3139,"items_purged":[],"score":1088,"play_id":"7eb37601-2bd9-4972-a13d-83fed775c36f","local_time":"20180811143656","is_ascension_mode":true,"campfire_choices":[{"data":"Tempest","floor":7.0,"key":"SMITH"},{"data":"Undo","floor":12.0,"key":"SMITH"},{"data":"Zap","floor":15.0,"key":"SMITH"},{"floor":29.0,"key":"REST"},{"floor":32.0,"key":"REST"},{"floor":40.0,"key":"REST"},{"floor":42.0,"key":"REST"},{"floor":49,"key":"REST"}],"neow_cost":"NONE","seed_source_timestamp":0,"circlet_count":0,"master_deck":["Strike_B","Strike_B","Strike_B","Strike_B","Defend_B","Defend_B","Defend_B","Zap+1","Dualcast","Heatsinks","Undo+1","Capacitor","Tempest+1","Ball Lightning+1","Hologram+1","Glacier+1","Electrodynamics","Darkness+1","Rebound+1","Turbo+1","Sunder","BootSequence+1","Defragment+1","Chaos+1","Leap+1","Consume+1","Compile Driver+1","Stack+1","Seek+1","Decay","Clumsy","Decay","Redo+1","Conserve Battery+1","Master of Strategy+1","Secret Technique+1","Deep Breath+1","Normality","Hello World+1","Reprogram+1","Master of Strategy+1","Echo Form+1","Madness+1","White Noise+1","Aggregate+1","Seek+1"],"special_seed":0,"relics":["Black Star","Ornamental Fan","Bottled Tornado","Question Card","Toxic Egg 2","Strawberry","Nuclear Battery","Blood Vial","Enchiridion","Blue Candle","Frozen Egg 2","The Courier","Orichalcum","Centennial Puzzle","Calling Bell","Ancient Tea Set","Symbiotic Virus","Du-Vu Doll","Old Coin","Kunai","Pear","Singing Bowl","Darkstone Periapt","Lantern","Whetstone","Potion Belt","Dream Catcher"],"potions_floor_usage":[47,50],"damage_taken":[{"damage":11.0,"enemies":"Jaw Worm","floor":1.0,"turns":4.0},{"damage":3.0,"enemies":"2 Louse","floor":2.0,"turns":3.0},{"damage":9.0,"enemies":"Small Slimes","floor":4.0,"turns":4.0},{"damage":1.0,"enemies":"Exordium Wildlife","floor":5.0,"turns":3.0},{"damage":1.0,"enemies":"3 Sentries","floor":6.0,"turns":6.0},{"damage":2.0,"enemies":"3 Louse","floor":11.0,"turns":3.0},{"damage":9.0,"enemies":"Red Slaver","floor":13.0,"turns":2.0},{"damage":17.0,"enemies":"The Guardian","floor":16.0,"turns":12.0},{"damage":14.0,"enemies":"Chosen","floor":18.0,"turns":6.0},{"damage":31.0,"enemies":"Slavers","floor":23.0,"turns":3.0},{"damage":5.0,"enemies":"Shell Parasite","floor":24.0,"turns":4.0},{"damage":0.0,"enemies":"Snecko","floor":25.0,"turns":3.0},{"damage":0.0,"enemies":"Centurion and Healer","floor":27.0,"turns":5.0},{"damage":18.0,"enemies":"3 Cultists","floor":28.0,"turns":4.0},{"damage":17.0,"enemies":"Book of Stabbing","floor":30.0,"turns":5.0},{"damage":5.0,"enemies":"Chosen and Byrds","floor":31.0,"turns":3.0},{"damage":47.0,"enemies":"Automaton","floor":33.0,"turns":11.0},{"damage":24.0,"enemies":"3 Darklings","floor":35.0,"turns":3.0},{"damage":16.0,"floor":36.0,"turns":7.0},{"damage":10.0,"enemies":"Orb Walker","floor":41.0,"turns":3.0},{"damage":8,"enemies":"Nemesis","floor":44,"turns":5},{"damage":57,"enemies":"Giant Head","floor":47,"turns":8},{"damage":18,"enemies":"4 Shapes","floor":48,"turns":4},{"damage":45,"enemies":"Awakened One","floor":50,"turns":14}],"seed_played":"-3844507756207701346","potions_obtained":[{"floor":1.0,"key":"EntropicBrew"},{"floor":5.0,"key":"EssenceOfSteel"},{"floor":6.0,"key":"FairyPotion"},{"floor":11.0,"key":"AttackPotion"},{"floor":18.0,"key":"EssenceOfSteel"},{"floor":25.0,"key":"FairyPotion"},{"floor":27.0,"key":"Regen Potion"},{"floor":28.0,"key":"Regen Potion"},{"floor":31.0,"key":"Strength Potion"},{"floor":44,"key":"Block Potion"},{"floor":47,"key":"PowerPotion"}],"is_trial":false,"path_per_floor":["M","M","?","M","M","E","R","T","T","?","M","R","M","T","R","B",null,"M","$","$","?","?","E","M","M","T","M","M","R","E","M","R","B",null,"M","?","?","?","?","R","M","R","T","E","$","$","E","M","R","B"],"character_chosen":"DEFECT","items_purchased":["Blood Vial","Rebound","Turbo+1","Sunder","Master of Strategy+1","Echo Form+1","Lantern","Madness+1","Whetstone"],"campfire_rested":5,"item_purchase_floors":[19,19,20,20,45,45,45,46,46],"current_hp_per_floor":[57,54,47,38,37,36,36,36,36,54,52,52,43,50,50,33,70,56,56,56,56,40,11,8,17,17,19,15,39,38,35,59,14,65,43,29,19,19,19,43,35,59,69,63,63,63,8,7,34,8],"gold":151,"neow_bonus":"BOSS_RELIC","is_prod":false,"is_daily":false,"chose_seed":false,"campfire_upgraded":3,"win_rate":0,"timestamp":1533991016,"path_taken":["M","M","?","M","M","E","R","?","T","?","?","R","M","?","R","BOSS","M","?","$","?","?","E","M","M","T","?","M","R","E","M","R","BOSS","M","?","?","?","?","R","?","R","T","E","?","$","E","M","R","BOSS"],"build_version":"2018-08-09","purchased_purges":0,"victory":true,"max_hp_per_floor":[75,75,75,75,75,75,75,75,75,75,75,75,75,82,82,82,82,82,82,82,82,82,82,82,82,82,82,82,82,82,82,82,82,82,82,82,82,82,82,82,82,82,92,92,92,92,92,92,92,92],"card_choices":[{"not_picked":["Compile Driver","Gash"],"picked":"Heatsinks","floor":1.0},{"not_picked":["Rebound","Tempest"],"picked":"Undo","floor":2.0},{"not_picked":["Stack","Sweeping Beam"],"picked":"Capacitor","floor":4.0},{"not_picked":["Capacitor","Compile Driver"],"picked":"Tempest","floor":5.0},{"not_picked":["Loop","Conserve Battery"],"picked":"Ball Lightning","floor":6.0},{"not_picked":["Compile Driver","Steam+1","Streamline"],"picked":"Hologram+1","floor":11.0},{"not_picked":["Creative AI","Sweeping Beam","Turbo+1"],"picked":"Glacier+1","floor":13.0},{"not_picked":["Fission+1","Machine Learning","Creative AI"],"picked":"Electrodynamics","floor":16.0},{"not_picked":["Streamline","Rebound+1","Beam Cell"],"picked":"Darkness+1","floor":18.0},{"not_picked":["Redo+1","Cold Snap","Machine Learning"],"picked":"BootSequence+1","floor":23.0},{"not_picked":["Steam+1","Go for the Eyes","White Noise+1"],"picked":"Defragment+1","floor":24.0},{"not_picked":["Compile Driver+1","Streamline","Cold Snap"],"picked":"Chaos+1","floor":25.0},{"not_picked":["Steam+1","Creative AI+1","Heatsinks+1"],"picked":"Leap+1","floor":27.0},{"not_picked":["Hologram+1","Beam Cell+1","Redo+1"],"picked":"Consume+1","floor":28.0},{"not_picked":["Turbo+1","Consume+1","Biased Cognition+1"],"picked":"Compile Driver+1","floor":30.0},{"not_picked":["Beam Cell+1","Rebound","Blizzard"],"picked":"Stack+1","floor":31.0},{"not_picked":["Meteor Strike","Fission+1","Multi-Cast+1"],"picked":"Seek+1","floor":33.0},{"not_picked":["Sweeping Beam+1","Streamline+1","Genetic Algorithm+1"],"picked":"Redo+1","floor":35.0},{"not_picked":["Go for the Eyes","Aggregate+1","Hologram+1"],"picked":"Conserve Battery+1","floor":36.0},{"not_picked":["Madness+1","Flash of Steel","Finesse+1"],"picked":"Master of Strategy+1","floor":37.0},{"not_picked":["Dramatic Entrance","Master of Strategy+1","Purity+1"],"picked":"Secret Technique+1","floor":37.0},{"not_picked":["Secret Technique+1","Jack Of All Trades+1","Panacea+1"],"picked":"Deep Breath+1","floor":37.0},{"not_picked":["Ball Lightning","Sweeping Beam","Go for the Eyes+1"],"picked":"Hello World+1","floor":41.0},{"not_picked":["Turbo+1","Genetic Algorithm+1","Rebound"],"picked":"Reprogram+1","floor":44},{"not_picked":["Barrage","Beam Cell","Compile Driver+1"],"picked":"White Noise+1","floor":47},{"not_picked":["Coolheaded+1","Chaos+1","Turbo+1"],"picked":"Aggregate+1","floor":48},{"not_picked":["Genetic Algorithm+1","Gash+1","Compile Driver"],"picked":"Seek+1","floor":49}],"player_experience":871145,"relics_obtained":[{"floor":6.0,"key":"Ornamental Fan"},{"floor":6.0,"key":"Bottled Tornado"},{"floor":8.0,"key":"Question Card"},{"floor":9.0,"key":"Toxic Egg 2"},{"floor":14.0,"key":"Strawberry"},{"floor":22.0,"key":"Enchiridion"},{"floor":23.0,"key":"Blue Candle"},{"floor":23.0,"key":"Frozen Egg 2"},{"floor":26.0,"key":"The Courier"},{"floor":30.0,"key":"Orichalcum"},{"floor":30.0,"key":"Centennial Puzzle"},{"floor":34.0,"key":"Ancient Tea Set"},{"floor":34.0,"key":"Symbiotic Virus"},{"floor":34.0,"key":"Du-Vu Doll"},{"floor":36.0,"key":"Old Coin"},{"floor":43.0,"key":"Pear"},{"floor":44,"key":"Singing Bowl"},{"floor":44,"key":"Darkstone Periapt"},{"floor":47,"key":"Potion Belt"},{"floor":47,"key":"Dream Catcher"}],"event_choices":[{"event_name":"Golden Wing","player_choice":"Card Removal","floor":3.0,"damage_taken":0.0},{"event_name":"The Cleric","player_choice":"Healed","floor":10.0,"damage_taken":0.0},{"event_name":"Beggar","player_choice":"Ignored","floor":21.0,"damage_taken":0.0},{"event_name":"Cursed Tome","player_choice":"Obtained Book","floor":22.0,"damage_taken":0.0},{"event_name":"Mysterious Sphere","player_choice":"Fight","floor":36.0,"damage_taken":0.0},{"event_name":"SensoryStone","player_choice":"Memory 3","floor":37.0,"damage_taken":0.0},{"event_name":"Accursed Blacksmith","player_choice":"Rummage","floor":38.0,"damage_taken":0.0},{"event_name":"Tomb of Lord Red Mask","player_choice":"Ignored","floor":39.0,"damage_taken":0.0}],"is_beta":false,"boss_relics":[{"not_picked":["Lizard Tail","Astrolabe"],"picked":"Nuclear Battery"},{"not_picked":["Eternal Feather","Cursed Key"],"picked":"Calling Bell"}],"items_purged_floors":[],"is_endless":false,"potions_floor_spawned":[1,5,6,11,18,25,27,28,31,44,47],"ascension_level":7}