{"gold_per_floor":[109,121,121,196,196,196,45,88,111,142,161,161,161,174,174,264,264,247,265,288],"floor_reached":20,"playtime":1820,"items_purged":[],"score":386,"play_id":"c27b2a64-fdff-423c-87b2-0223445cf794","local_time":"20190205181644","is_ascension_mode":true,"campfire_choices":[{"data":"Sunder","floor":6.0,"key":"SMITH"},{"data":"1","floor":13,"key":"LIFT"},{"data":"2","floor":15,"key":"LIFT"}],"neow_cost":"NONE","seed_source_timestamp":881506720628691,"circlet_count":0,"master_deck":["AscendersBane","Strike_B","Strike_B","Strike_B","Defend_B","Defend_B","Zap+1","Dualcast","Sunder+1","Coolheaded","Sunder+1","Coolheaded","Chill","Go for the Eyes","Echo Form","Coolheaded+1","Storm+1","Storm+1","Steam","Cold Snap","Beam Cell"],"special_seed":0,"relics":["Cracked Core","NeowsBlessing","Golden Idol","PreservedInsect","Question Card","Happy Flower","Girya","Astrolabe"],"potions_floor_usage":[18,20],"damage_taken":[{"damage":0.0,"enemies":"Small Slimes","floor":1.0,"turns":1.0},{"damage":0.0,"enemies":"2 Louse","floor":2.0,"turns":1.0},{"damage":0.0,"enemies":"3 Sentries","floor":8.0,"turns":1.0},{"damage":0.0,"enemies":"Gremlin Nob","floor":10.0,"turns":2.0},{"damage":0.0,"enemies":"Cultist","floor":11.0,"turns":2.0},{"damage":2,"enemies":"Blue Slaver","floor":14,"turns":3},{"damage":39,"enemies":"The Guardian","floor":16,"turns":12},{"damage":26,"enemies":"2 Thieves","floor":18,"turns":4},{"damage":7,"enemies":"Spheric Guardian","floor":19,"turns":3},{"damage":14,"enemies":"Snake Plant","floor":20,"turns":3}],"seed_played":"5181563905386577593","potions_obtained":[{"floor":1.0,"key":"PowerPotion"},{"floor":2.0,"key":"Explosive Potion"},{"floor":14,"key":"Fruit Juice"},{"floor":20,"key":"SmokeBomb"}],"is_trial":false,"path_per_floor":["M","M","?","?","?","R","$","E","T","E","M","?","R","M","R","B",null,"M","M","M"],"character_chosen":"DEFECT","items_purchased":["PreservedInsect"],"campfire_rested":0,"item_purchase_floors":[7],"current_hp_per_floor":[68,68,68,57,57,57,57,57,57,57,57,57,57,55,55,16,56,35,28,14],"gold":288,"neow_bonus":"THREE_ENEMY_KILL","is_prod":false,"is_daily":false,"chose_seed":false,"campfire_upgraded":1,"win_rate":0,"timestamp":1549387004,"path_taken":["M","M","?","?","?","R","$","E","T","E","?","?","R","M","R","BOSS","M","?","M"],"build_version":"2019-01-23","purchased_purges":0,"victory":false,"max_hp_per_floor":[75,75,69,69,69,69,69,69,69,69,69,69,69,69,69,69,69,74,74,74],"card_choices":[{"not_picked":["Redo","Chaos"],"picked":"Sunder","floor":1.0},{"not_picked":["Rebound","Go for the Eyes"],"picked":"Coolheaded","floor":2.0},{"not_picked":["Rebound","Lockon"],"picked":"Sunder","floor":8.0},{"not_picked":["Gash","Streamline","Go for the Eyes"],"picked":"Coolheaded","floor":10.0},{"not_picked":["Sweeping Beam","Go for the Eyes","Redo"],"picked":"Chill","floor":11.0},{"not_picked":["Amplify","Gash","Chaos"],"picked":"Go for the Eyes","floor":14},{"not_picked":["Thunder Strike","Meteor Strike","Creative AI"],"picked":"Echo Form","floor":16},{"not_picked":["Redo","Steam Power","Stack"],"picked":"Steam","floor":18},{"not_picked":["Recycle","Lockon+1","Genetic Algorithm"],"picked":"Cold Snap","floor":19},{"not_picked":["Force Field","Compile Driver+1","Static Discharge+1"],"picked":"Beam Cell","floor":20}],"player_experience":2201285,"relics_obtained":[{"floor":8.0,"key":"Question Card"},{"floor":9.0,"key":"Happy Flower"},{"floor":10.0,"key":"Girya"}],"event_choices":[{"damage_healed":0.0,"max_hp_gain":0.0,"max_hp_loss":6.0,"gold_gain":0.0,"event_name":"Golden Idol","player_choice":"Lose Max HP","floor":3.0,"gold_loss":0.0,"damage_taken":0.0,"relics_obtained":["Golden Idol"]},{"damage_healed":0.0,"max_hp_gain":0.0,"max_hp_loss":0.0,"gold_gain":75.0,"event_name":"World of Goop","player_choice":"Gather Gold","floor":4.0,"gold_loss":0.0,"damage_taken":11.0},{"damage_healed":0.0,"max_hp_gain":0.0,"max_hp_loss":0.0,"gold_gain":0.0,"event_name":"Upgrade Shrine","player_choice":"Upgraded","floor":5.0,"gold_loss":0.0,"damage_taken":0.0,"cards_upgraded":["Zap"]},{"damage_healed":0,"gold_gain":0,"player_choice":"Forge","damage_taken":0,"max_hp_gain":0,"max_hp_loss":0,"event_name":"Accursed Blacksmith","floor":12,"gold_loss":0,"cards_upgraded":["Sunder"]}],"is_beta":false,"boss_relics":[{"not_picked":["Cursed Key","Runic Dome"],"picked":"Astrolabe"}],"items_purged_floors":[],"is_endless":false,"potions_floor_spawned":[1,2,14,20],"killed_by":"Snake Plant","ascension_level":13}