{"gold_per_floor":[209,209,225,97,97,97,97,97,97,109,126,126,138,38,38,142,142,155,155,170,45,45,45,45,45,45,72,84,119,119,133,133,228,228,242,242,254,273,273,273,287,287,368,218,228,228,228,53,53,53],"floor_reached":51,"playtime":20627,"items_purged":["Defend_G","Strike_G","Strike_G","Strike_G","Strike_G"],"score":628,"play_id":"72e64fd4-cccf-44d2-8f54-149cc8cbfec1","local_time":"20190215013430","is_ascension_mode":false,"campfire_choices":[{"data":"Cloak And Dagger","floor":6,"key":"SMITH"},{"data":"Survivor","floor":8,"key":"SMITH"},{"data":"Malaise","floor":15,"key":"SMITH"},{"data":"Burst","floor":23,"key":"SMITH"},{"data":"Accuracy","floor":25,"key":"SMITH"},{"data":"Neutralize","floor":30,"key":"SMITH"},{"floor":32,"key":"REST"},{"data":"Footwork","floor":40,"key":"SMITH"},{"data":"Glass Knife","floor":42,"key":"SMITH"},{"data":"Madness","floor":47,"key":"SMITH"},{"floor":49,"key":"REST"}],"neow_cost":"NONE","seed_source_timestamp":15323477275526,"circlet_count":0,"master_deck":["Defend_G","Defend_G","Defend_G+1","Strike_G+1","Survivor+1","Neutralize+1","Accuracy+1","Cloak And Dagger+1","Blade Dance+1","Malaise+1","Burst+1","Glass Knife+1","Endless Agony","After Image","Madness","Madness+1","Footwork+1","Finisher+1"],"relics":["Ring of the Snake","Boot","Runic Pyramid","Ginger","Ninja Scroll","Strawberry","Red Mask","Bottled Flame"],"potions_floor_usage":[13,16,33,50,50,50],"damage_taken":[{"damage":0,"enemies":"Jaw Worm","floor":1,"turns":5},{"damage":0,"enemies":"2 Louse","floor":3,"turns":4},{"damage":0,"enemies":"Small Slimes","floor":10,"turns":2},{"damage":0,"enemies":"2 Fungi Beasts","floor":11,"turns":3},{"damage":0,"enemies":"Looter","floor":13,"turns":2},{"damage":5,"enemies":"Hexaghost","floor":16,"turns":11},{"damage":2,"enemies":"Spheric Guardian","floor":18,"turns":4},{"damage":0,"enemies":"Chosen","floor":20,"turns":4},{"damage":0,"enemies":"Gremlin Leader","floor":27,"turns":7},{"damage":0,"enemies":"Snecko","floor":28,"turns":4},{"damage":0,"enemies":"Masked Bandits","floor":29,"turns":3},{"damage":1,"enemies":"Snake Plant","floor":31,"turns":3},{"damage":12,"enemies":"Champ","floor":33,"turns":9},{"damage":1,"enemies":"3 Darklings","floor":35,"turns":6},{"damage":0,"enemies":"3 Shapes","floor":37,"turns":3},{"damage":4,"enemies":"Transient","floor":38,"turns":5},{"damage":0,"enemies":"3 Darklings","floor":41,"turns":6},{"damage":0,"enemies":"Sphere and 2 Shapes","floor":45,"turns":3},{"damage":10,"enemies":"Donu and Deca","floor":50,"turns":12}],"seed_played":"2294465846257801153","potions_obtained":[{"floor":11,"key":"EssenceOfSteel"},{"floor":13,"key":"FearPotion"},{"floor":16,"key":"Poison Potion"},{"floor":31,"key":"LiquidBronze"},{"floor":33,"key":"Fire Potion"},{"floor":37,"key":"FearPotion"},{"floor":41,"key":"SkillPotion"},{"floor":45,"key":"EssenceOfSteel"}],"is_trial":false,"path_per_floor":["M","?","M","$","?","R","$","R","T","M","M","?","M","$","R","B",null,"M","?","M","$","?","R","$","R","T","E","M","?","R","M","R","B",null,"M","?","M","M","?","R","M","R","T","$","M","?","R","$","R","B",null],"character_chosen":"THE_SILENT","items_purchased":["Cloak And Dagger"],"campfire_rested":2,"item_purchase_floors":[4],"current_hp_per_floor":[70,63,63,63,49,49,49,49,49,49,49,49,49,49,49,44,70,68,55,55,55,55,55,55,55,55,62,62,62,62,61,82,70,82,81,71,71,67,67,67,67,67,67,67,67,67,67,67,82,72],"gold":53,"neow_bonus":"HUNDRED_GOLD","is_prod":false,"is_daily":false,"chose_seed":false,"campfire_upgraded":9,"win_rate":0,"timestamp":1550162070,"path_taken":["M","?","M","$","?","R","$","R","T","M","M","?","M","$","R","BOSS","M","?","M","$","?","R","$","R","T","E","?","?","R","M","R","BOSS","M","?","M","M","?","R","?","R","T","$","M","?","R","$","R","BOSS"],"build_version":"2019-01-23","purchased_purges":5,"victory":true,"max_hp_per_floor":[70,70,70,70,70,70,70,70,70,70,70,70,70,70,70,70,70,70,75,75,75,75,75,75,75,75,82,82,82,82,82,82,82,82,82,82,82,82,82,82,82,82,82,82,82,82,82,82,82,82],"card_choices":[{"not_picked":["Slice","Outmaneuver"],"picked":"Accuracy","floor":1},{"not_picked":["Poisoned Stab","Outmaneuver","Sucker Punch"],"picked":"SKIP","floor":3},{"not_picked":["Dodge and Roll","Choke"],"picked":"Blade Dance","floor":10},{"not_picked":["Heel Hook","Riddle With Holes"],"picked":"Malaise","floor":11},{"not_picked":["Dodge and Roll","Deflect","Bane"],"picked":"SKIP","floor":13},{"not_picked":["Unload","Storm of Steel"],"picked":"Burst","floor":16},{"not_picked":["Underhanded Strike","Distraction"],"picked":"Backstab+1","floor":18},{"not_picked":["Catalyst","Underhanded Strike","Noxious Fumes"],"picked":"SKIP","floor":20},{"not_picked":["Deflect","Dash","Predator"],"picked":"SKIP","floor":27},{"not_picked":["Dagger Throw","Poisoned Stab"],"picked":"Glass Knife","floor":28},{"not_picked":["Outmaneuver","Deflect+1"],"picked":"Endless Agony","floor":31},{"not_picked":["Corpse Explosion","Doppelganger"],"picked":"After Image","floor":33},{"not_picked":["Backflip","Dagger Throw","Masterful Stab+1"],"picked":"SKIP","floor":35},{"not_picked":["Dagger Throw","Sucker Punch+1"],"picked":"Footwork","floor":37},{"not_picked":["Cloak And Dagger","Tactician","Dodge and Roll"],"picked":"SKIP","floor":38},{"not_picked":["Dagger Spray+1","Cloak And Dagger+1","Outmaneuver+1"],"picked":"SKIP","floor":41},{"not_picked":["Deflect","Glass Knife"],"picked":"Finisher+1","floor":45}],"player_experience":98461,"relics_obtained":[{"floor":9,"key":"Boot"},{"floor":26,"key":"Ninja Scroll"},{"floor":27,"key":"Strawberry"},{"floor":29,"key":"Red Mask"},{"floor":43,"key":"Bottled Flame"}],"event_choices":[{"cards_removed":["Defend_G"],"damage_healed":0,"gold_gain":0,"player_choice":"Card Removal","damage_taken":7,"max_hp_gain":0,"max_hp_loss":0,"event_name":"Golden Wing","floor":2,"gold_loss":0},{"damage_healed":0,"gold_gain":0,"player_choice":"Entered Light","damage_taken":14,"max_hp_gain":0,"max_hp_loss":0,"event_name":"Shining Light","floor":5,"gold_loss":0,"cards_upgraded":["Strike_G","Defend_G"]},{"damage_healed":0,"gold_gain":0,"player_choice":"Grow","damage_taken":0,"max_hp_gain":0,"max_hp_loss":0,"event_name":"Living Wall","floor":12,"gold_loss":0,"cards_upgraded":["Blade Dance"]},{"damage_healed":0,"gold_gain":0,"player_choice":"Shed Blood","damage_taken":18,"max_hp_gain":5,"max_hp_loss":0,"event_name":"Forgotten Altar","floor":19,"gold_loss":0},{"damage_healed":0,"gold_gain":0,"player_choice":"Gave Potion","damage_taken":0,"relics_obtained":["Ginger"],"max_hp_gain":0,"max_hp_loss":0,"event_name":"WeMeetAgain","floor":22,"gold_loss":0},{"damage_healed":0,"gold_gain":0,"player_choice":"Fought Bandits","damage_taken":0,"max_hp_gain":0,"max_hp_loss":0,"event_name":"Masked Bandits","floor":29,"gold_loss":0},{"damage_healed":0,"gold_gain":0,"player_choice":"Embrace Madness","damage_taken":10,"max_hp_gain":0,"max_hp_loss":0,"event_name":"Winding Halls","floor":36,"gold_loss":0,"cards_obtained":["Madness","Madness"]},{"damage_healed":0,"gold_gain":0,"player_choice":"Bought 0 Potions","damage_taken":0,"max_hp_gain":0,"max_hp_loss":0,"event_name":"The Woman in Blue","floor":39,"gold_loss":0},{"cards_removed":["Backstab"],"damage_healed":0,"gold_gain":0,"player_choice":"Removed Attack","damage_taken":0,"max_hp_gain":0,"max_hp_loss":0,"event_name":"Falling","floor":46,"gold_loss":0}],"is_beta":false,"boss_relics":[{"not_picked":["Black Star","Ectoplasm"],"picked":"Runic Pyramid"},{"not_picked":["Runic Dome","Snecko Eye","Velvet Choker"]}],"items_purged_floors":[4,14,21,44,48],"is_endless":false,"potions_floor_spawned":[11,13,16,31,33,37,41,45],"ascension_level":0}