{"gold_per_floor":[111,130,130,130,55,88,88,98,98,98,108,108,8,23,23,120,120,135,210,12,27,27,27,45,45,45,63,98,6,6,16,16,16],"floor_reached":33,"playtime":2340,"items_purged":["Defend_R","Defend_R","Strike_R"],"score":363,"play_id":"ddca9633-1bd8-491a-b6ec-85a3df33a97e","local_time":"20190113110519","is_ascension_mode":true,"campfire_choices":[{"data":"Shrug It Off","floor":7,"key":"SMITH"},{"data":"Shrug It Off","floor":12,"key":"SMITH"},{"data":"Flex","floor":15,"key":"SMITH"},{"floor":23,"key":"REST"},{"floor":25,"key":"REST"},{"floor":30,"key":"REST"},{"floor":32,"key":"REST"}],"neow_cost":"NONE","seed_source_timestamp":12061595996161942,"circlet_count":0,"master_deck":["Strike_R","Strike_R","Strike_R","Defend_R","Defend_R","Bash","Shrug It Off+1","Brutality","Shrug It Off+1","Flex+1","Limit Break","Flex","Rage","Dropkick+1","Rage","Panacea","Shrug It Off"],"relics":["Burning Blood","NeowsBlessing","Darkstone Periapt","Letter Opener","PreservedInsect","Fusion Hammer","Incense Burner","Matryoshka"],"potions_floor_usage":[14,16,28,33],"damage_taken":[{"damage":0,"enemies":"Small Slimes","floor":1,"turns":1},{"damage":0,"enemies":"Cultist","floor":2,"turns":1},{"damage":0,"enemies":"3 Sentries","floor":6,"turns":2},{"damage":1,"enemies":"Jaw Worm","floor":8,"turns":4},{"damage":7,"enemies":"Exordium Wildlife","floor":11,"turns":4},{"damage":6,"enemies":"Red Slaver","floor":14,"turns":6},{"damage":81,"enemies":"Slime Boss","floor":16,"turns":21},{"damage":11,"enemies":"Shell Parasite","floor":18,"turns":6},{"damage":11,"enemies":"Spheric Guardian","floor":21,"turns":5},{"damage":25,"enemies":"Snecko","floor":24,"turns":7},{"damage":27,"enemies":"Shelled Parasite and Fungi","floor":27,"turns":9},{"damage":8,"enemies":"Book of Stabbing","floor":28,"turns":4},{"damage":6,"enemies":"Sentry and Sphere","floor":31,"turns":6},{"damage":104,"enemies":"Champ","floor":33,"turns":12}],"seed_played":"-1223382540111133009","potions_obtained":[{"floor":2,"key":"EssenceOfSteel"},{"floor":8,"key":"Fruit Juice"},{"floor":16,"key":"Explosive Potion"},{"floor":18,"key":"AttackPotion"},{"floor":24,"key":"Fire Potion"}],"is_trial":false,"path_per_floor":["M","M","?","?","$","E","R","M","T","?","M","R","$","M","R","B",null,"M","?","$","M","?","R","M","R","T","M","E","$","R","M","R","B"],"character_chosen":"IRONCLAD","items_purchased":["Rage","Panacea"],"campfire_rested":4,"item_purchase_floors":[20,29],"current_hp_per_floor":[80,80,80,80,80,80,80,80,80,80,79,79,79,84,84,9,66,61,53,53,48,32,57,38,63,63,42,40,40,65,65,85,0],"gold":16,"neow_bonus":"THREE_ENEMY_KILL","is_prod":false,"is_daily":false,"chose_seed":false,"campfire_upgraded":3,"win_rate":0,"timestamp":1547373919,"path_taken":["M","M","?","?","$","E","R","?","T","?","M","R","$","M","R","BOSS","M","?","$","?","?","R","M","R","T","?","E","$","R","M","R","BOSS"],"build_version":"2019-01-10","purchased_purges":3,"victory":false,"max_hp_per_floor":[80,80,80,80,80,80,80,80,80,80,80,80,80,85,85,85,85,85,85,85,85,85,85,85,85,85,85,85,85,85,85,85,85],"card_choices":[{"not_picked":["Flex","Warcry"],"picked":"Shrug It Off","floor":1},{"not_picked":["Perfected Strike","Thunderclap","Clothesline"],"picked":"SKIP","floor":2},{"not_picked":["Perfected Strike","Warcry","Sentinel"],"picked":"SKIP","floor":6},{"not_picked":["Dark Embrace","Disarm","Combust"],"picked":"SKIP","floor":8},{"not_picked":["Pommel Strike","Twin Strike"],"picked":"Shrug It Off","floor":11},{"not_picked":["Dual Wield","Anger"],"picked":"Flex","floor":14},{"not_picked":["Fiend Fire","Offering"],"picked":"Limit Break","floor":16},{"not_picked":["Iron Wave","Armaments"],"picked":"Flex","floor":18},{"not_picked":["Wild Strike","Clothesline"],"picked":"Dropkick+1","floor":21},{"not_picked":["Havoc+1","Dark Embrace","Armaments"],"picked":"SKIP","floor":24},{"not_picked":["Wild Strike","Clash"],"picked":"Rage","floor":27},{"not_picked":["Uppercut","Corruption+1","Disarm"],"picked":"SKIP","floor":28},{"not_picked":["Thunderclap+1","Dual Wield"],"picked":"Shrug It Off","floor":31}],"player_experience":220104,"relics_obtained":[{"floor":6,"key":"Darkstone Periapt"},{"floor":9,"key":"Letter Opener"},{"floor":26,"key":"Incense Burner"},{"floor":28,"key":"Matryoshka"}],"event_choices":[{"damage_healed":0,"gold_gain":0,"cards_transformed":["Strike_R"],"player_choice":"Change","damage_taken":0,"max_hp_gain":0,"max_hp_loss":0,"event_name":"Living Wall","floor":3,"gold_loss":0,"cards_obtained":["Brutality"]},{"damage_healed":0,"gold_gain":0,"player_choice":"Bought 0 Potions","damage_taken":0,"max_hp_gain":0,"max_hp_loss":0,"event_name":"The Woman in Blue","floor":4,"gold_loss":0},{"damage_healed":0,"gold_gain":0,"player_choice":"Searched \u00272\u0027 times","damage_taken":0,"relics_obtained":["PreservedInsect"],"max_hp_gain":0,"max_hp_loss":0,"event_name":"Dead Adventurer","floor":10,"gold_loss":0},{"damage_healed":0,"gold_gain":75,"player_choice":"Touch","damage_taken":8,"max_hp_gain":0,"max_hp_loss":0,"event_name":"FaceTrader","floor":19,"gold_loss":0},{"damage_healed":0,"gold_gain":0,"player_choice":"POTION ","damage_taken":16,"max_hp_gain":0,"max_hp_loss":0,"event_name":"Knowing Skull","floor":22,"potions_obtained":["EssenceOfSteel"],"gold_loss":0,"cards_obtained":[]}],"is_beta":false,"boss_relics":[{"not_picked":["Velvet Choker","Ectoplasm"],"picked":"Fusion Hammer"}],"items_purged_floors":[5,13,20],"is_endless":false,"potions_floor_spawned":[2,8,16,18,24],"killed_by":"Champ","ascension_level":5}