{"gold_per_floor":[119,138,138,151,163,163,163,163,163,163,177,189,40,52,52,152,152,168,267,247,247,258,258,268,268,268,268,193,193,211,57,57,162,162,176,176,191,91,91,91,106,125,125,125,125],"floor_reached":45,"playtime":5989,"items_purged":["Strike_G","Strike_G"],"score":407,"play_id":"ff60996e-5b36-42d9-87c7-2d37e56efe3d","local_time":"20190128013515","is_ascension_mode":false,"campfire_choices":[{"data":"Bouncing Flask","floor":6,"key":"SMITH"},{"data":"Dagger Spray","floor":8,"key":"SMITH"},{"data":"Neutralize","floor":10,"key":"SMITH"},{"floor":15,"key":"REST"},{"data":"Envenom","floor":23,"key":"SMITH"},{"floor":25,"key":"REST"},{"data":"Noxious Fumes","floor":27,"key":"SMITH"},{"data":"Infinite Blades","floor":32,"key":"SMITH"},{"data":"After Image","floor":40,"key":"SMITH"}],"neow_cost":"NONE","seed_source_timestamp":106884606816400,"circlet_count":0,"master_deck":["Defend_G","Defend_G","Defend_G","Defend_G","Defend_G+1","Strike_G","Strike_G+1","Survivor","Neutralize+1","Bouncing Flask+1","Dagger Spray+1","Cloak And Dagger","Cloak And Dagger","Acrobatics","Noxious Fumes+1","Envenom+1","Accuracy","Prepared","Infinite Blades+1","After Image+1"],"relics":["Ring of the Snake","Kunai","Snake Skull","Orrery","MutagenicStrength","Bottled Flame","Bag of Preparation","Lizard Tail","GremlinMask","Bag of Marbles","Pantograph"],"potions_floor_usage":[16,22,33,35,42],"damage_taken":[{"damage":1,"enemies":"2 Louse","floor":1,"turns":3},{"damage":3,"enemies":"Jaw Worm","floor":2,"turns":3},{"damage":0,"enemies":"Cultist","floor":4,"turns":3},{"damage":0,"enemies":"3 Louse","floor":5,"turns":3},{"damage":1,"enemies":"Blue Slaver","floor":11,"turns":3},{"damage":0,"enemies":"Looter","floor":12,"turns":4},{"damage":3,"enemies":"Large Slime","floor":14,"turns":4},{"damage":10,"enemies":"The Guardian","floor":16,"turns":6},{"damage":0,"enemies":"Chosen","floor":18,"turns":5},{"damage":22,"enemies":"2 Thieves","floor":20,"turns":4},{"damage":20,"enemies":"Snake Plant","floor":22,"turns":5},{"damage":10,"enemies":"Snecko","floor":24,"turns":5},{"damage":13,"enemies":"Centurion and Healer","floor":30,"turns":6},{"damage":45,"enemies":"Automaton","floor":33,"turns":7},{"damage":12,"enemies":"3 Darklings","floor":35,"turns":5},{"damage":15,"enemies":"3 Shapes","floor":37,"turns":4},{"damage":35,"enemies":"Jaw Worm Horde","floor":41,"turns":5},{"damage":43,"enemies":"Spire Growth","floor":42,"turns":5},{"damage":24,"enemies":"3 Darklings","floor":45,"turns":3}],"seed_played":"4035212574982188119","potions_obtained":[{"floor":4,"key":"GhostInAJar"},{"floor":12,"key":"GamblersBrew"},{"floor":20,"key":"Energy Potion"},{"floor":30,"key":"Energy Potion"},{"floor":33,"key":"GhostInAJar"},{"floor":41,"key":"Energy Potion"}],"is_trial":false,"path_per_floor":["M","M","?","M","M","R","?","R","T","R","M","M","$","M","R","B",null,"M","?","M","?","M","R","M","R","T","R","?","?","M","$","R","B",null,"M","?","M","$","?","R","M","M","T","T","M"],"character_chosen":"THE_SILENT","items_purchased":["Noxious Fumes","Bag of Preparation"],"campfire_rested":2,"item_purchase_floors":[13,31],"current_hp_per_floor":[76,73,58,58,58,58,58,58,58,58,57,57,57,54,77,67,77,77,77,55,55,35,35,25,48,48,48,48,73,60,60,60,15,77,65,65,50,50,50,50,15,21,21,21,0],"gold":125,"neow_bonus":"TEN_PERCENT_HP_BONUS","is_prod":false,"is_daily":false,"chose_seed":false,"campfire_upgraded":7,"win_rate":0.0,"timestamp":1548657315,"path_taken":["M","M","?","M","M","R","?","R","T","R","?","M","$","M","R","BOSS","M","?","M","?","M","R","M","R","T","R","?","?","M","$","R","BOSS","M","?","?","$","?","R","M","M","T","?","?"],"build_version":"2019-01-23","purchased_purges":2,"victory":false,"max_hp_per_floor":[77,77,77,77,77,77,77,77,77,77,77,77,77,77,77,77,77,77,77,77,77,77,77,77,77,77,77,77,77,77,77,77,77,77,77,77,77,77,77,77,77,77,77,77,77],"card_choices":[{"not_picked":["Flying Knee","Dodge and Roll"],"picked":"Bouncing Flask","floor":1},{"not_picked":["Acrobatics","Bane"],"picked":"Dagger Spray","floor":2},{"not_picked":["Slice","Adrenaline"],"picked":"Cloak And Dagger","floor":4},{"not_picked":["Choke","Poisoned Stab"],"picked":"Cloak And Dagger","floor":5},{"not_picked":["Masterful Stab","Poisoned Stab"],"picked":"Acrobatics","floor":11},{"not_picked":["Outmaneuver","Choke","Caltrops"],"picked":"SKIP","floor":12},{"not_picked":["Poisoned Stab","Finisher","PiercingWail"],"picked":"SKIP","floor":14},{"not_picked":["Unload","Bullet Time"],"picked":"Envenom","floor":16},{"not_picked":["Underhanded Strike","PiercingWail"],"picked":"Accuracy","floor":17},{"not_picked":["Quick Slash","Slice"],"picked":"Prepared","floor":17},{"not_picked":["Riddle With Holes","Sucker Punch","Prepared"],"picked":"SKIP","floor":18},{"not_picked":["Flying Knee+1","Quick Slash","Dagger Spray+1"],"picked":"SKIP","floor":20},{"not_picked":["Calculated Gamble+1","Deadly Poison+1","Finisher"],"picked":"SKIP","floor":22},{"not_picked":["Bouncing Flask+1","Skewer+1","Slice"],"picked":"SKIP","floor":24},{"not_picked":["Distraction+1","Crippling Poison"],"picked":"Infinite Blades","floor":30},{"not_picked":["Malaise","Doppelganger"],"picked":"After Image","floor":33},{"not_picked":["Dodge and Roll+1","Heel Hook","Prepared"],"picked":"SKIP","floor":35},{"not_picked":["Bane","Outmaneuver+1","Escape Plan"],"picked":"SKIP","floor":37},{"not_picked":["Flying Knee+1","Poisoned Stab","Leg Sweep+1"],"picked":"SKIP","floor":41},{"not_picked":["Bane+1","All Out Attack+1","Dagger Spray+1"],"picked":"SKIP","floor":42}],"player_experience":120934,"relics_obtained":[{"floor":9,"key":"Snake Skull"},{"floor":26,"key":"Bottled Flame"},{"floor":43,"key":"Bag of Marbles"},{"floor":44,"key":"Pantograph"}],"event_choices":[{"damage_healed":0,"gold_gain":0,"player_choice":"Entered Light","damage_taken":15,"max_hp_gain":0,"max_hp_loss":0,"event_name":"Shining Light","floor":3,"gold_loss":0,"cards_upgraded":["Strike_G","Defend_G"]},{"damage_healed":0,"gold_gain":0,"player_choice":"Gave Potion","damage_taken":0,"relics_obtained":["Kunai"],"max_hp_gain":0,"max_hp_loss":0,"event_name":"WeMeetAgain","floor":7,"gold_loss":0},{"damage_healed":0,"gold_gain":99,"player_choice":"Stole From Cult","damage_taken":0,"max_hp_gain":0,"max_hp_loss":0,"event_name":"Nest","floor":19,"gold_loss":0},{"damage_healed":0,"gold_gain":0,"player_choice":"Inject Mutagens","damage_taken":0,"relics_obtained":["MutagenicStrength"],"max_hp_gain":0,"max_hp_loss":0,"event_name":"Drug Dealer","floor":21,"gold_loss":0},{"cards_removed":["Strike_G"],"damage_healed":0,"gold_gain":0,"player_choice":"Gave Gold","damage_taken":0,"max_hp_gain":0,"max_hp_loss":0,"event_name":"Beggar","floor":28,"gold_loss":75},{"damage_healed":25,"gold_gain":0,"player_choice":"Heal","damage_taken":0,"max_hp_gain":0,"max_hp_loss":0,"event_name":"The Library","floor":29,"gold_loss":0},{"damage_healed":0,"gold_gain":0,"player_choice":"Trade","damage_taken":0,"relics_obtained":["GremlinMask"],"max_hp_gain":0,"max_hp_loss":0,"event_name":"FaceTrader","floor":36,"gold_loss":0},{"damage_healed":0,"gold_gain":0,"player_choice":"Ignored","damage_taken":0,"max_hp_gain":0,"max_hp_loss":0,"event_name":"Mysterious Sphere","floor":39,"gold_loss":0}],"is_beta":false,"boss_relics":[{"not_picked":["Fusion Hammer","Snecko Eye"],"picked":"Orrery"},{"not_picked":["HoveringKite","White Beast Statue"],"picked":"Lizard Tail"}],"items_purged_floors":[13,38],"is_endless":false,"potions_floor_spawned":[4,12,20,30,33,41],"killed_by":"3 Darklings","ascension_level":0}