{"path_per_floor":["M","M","M","M","M","R","E","R","T","R","M","M","?","M","R"],"character_chosen":"THE_SILENT","items_purchased":[],"gold_per_floor":[119,133,152,166,182,182,208,208,235,235,252,262,334,354,354,354],"floor_reached":16,"campfire_rested":0,"playtime":749,"current_hp_per_floor":[70,67,67,67,58,58,48,48,48,48,48,45,45,44,44,0],"items_purged":[],"gold":354,"score":117,"play_id":"7e0c7e27-b810-4298-887a-df107d76f501","local_time":"20180502130110","is_prod":false,"is_daily":false,"chose_seed":false,"is_ascension_mode":true,"campfire_upgraded":3,"timestamp":1525258870,"path_taken":["M","M","?","M","M","R","E","R","T","R","M","M","?","M","R","BOSS"],"build_version":"2018-04-28v2","seed_source_timestamp":848398446091151,"purchased_purges":0,"victory":false,"master_deck":["Defend_G","Defend_G","Defend_G","Defend_G","Defend_G","Strike_G","Strike_G","Strike_G","Strike_G","Survivor","Neutralize","Prepared","Flying Knee","Underhanded Strike","Choke+1","Footwork","Blur+1","Dagger Throw","PiercingWail","Setup+1"],"max_hp_per_floor":[70,70,70,70,70,70,70,70,70,70,70,70,70,70,70,70],"relics":["Ring of the Snake","Pen Nib","Peace Pipe","Snake Skull"],"card_choices":[{"not_picked":["Eviscerate","Finisher"],"picked":"Prepared","floor":1.0},{"not_picked":["Distraction","Acrobatics"],"picked":"Flying Knee","floor":2.0},{"not_picked":["Poisoned Stab","Blur"],"picked":"Underhanded Strike","floor":3.0},{"not_picked":["Sucker Punch","Blade Dance"],"picked":"Choke","floor":4.0},{"not_picked":["Corpse Explosion","Choke"],"picked":"Footwork","floor":5.0},{"not_picked":["Catalyst","Reflex"],"picked":"Blur","floor":7.0},{"not_picked":["Outmaneuver","Concentrate"],"picked":"Dagger Throw","floor":11.0},{"not_picked":["Backflip","Storm of Steel"],"picked":"PiercingWail","floor":12.0},{"not_picked":["PiercingWail","Skewer"],"picked":"Setup","floor":14}],"player_experience":399508,"potions_floor_usage":[16],"damage_taken":[{"damage":0.0,"enemies":"Cultist","floor":1.0,"turns":5.0},{"damage":3.0,"enemies":"Jaw Worm","floor":2.0,"turns":6.0},{"damage":0.0,"enemies":"2 Louse","floor":3.0,"turns":3.0},{"damage":0.0,"enemies":"Gremlin Gang","floor":4.0,"turns":2.0},{"damage":9.0,"enemies":"2 Fungi Beasts","floor":5.0,"turns":3.0},{"damage":10.0,"enemies":"Gremlin Nob","floor":7.0,"turns":3.0},{"damage":0.0,"enemies":"Looter","floor":11.0,"turns":3.0},{"damage":3.0,"enemies":"3 Louse","floor":12.0,"turns":4.0},{"damage":1,"enemies":"2 Fungi Beasts","floor":14,"turns":2},{"damage":50,"enemies":"Slime Boss","floor":16,"turns":12}],"event_choices":[{"event_name":"Golden Wing","player_choice":"Gained Gold","floor":13.0,"damage_taken":0.0}],"boss_relics":[],"potions_floor_spawned":[1,3,5,11],"seed_played":"-8519877062522225497","killed_by":"Slime Boss","ascension_level":2,"is_trial":false}