{"path_per_floor":["M","?","$","M","?","E","R","M","T","E","M","M","E","?","R","B",null,"M","M","M","?","M","E","T"],"character_chosen":"IRONCLAD","items_purchased":["Shuriken","Whirlwind","Armaments"],"gold_per_floor":[116,416,73,90,90,122,122,135,160,190,206,217,245,245,245,342,372,391,405,416,416,427,461,461,461],"floor_reached":25,"campfire_rested":0,"playtime":1824,"current_hp_per_floor":[80,77,77,80,80,80,80,80,80,80,80,80,58,58,58,61,85,77,85,51,42,42,42,42,0],"items_purged":[],"gold":461,"score":318,"play_id":"b423cd32-c4f7-45bd-a559-d1b63448e440","local_time":"20180414095108","is_prod":false,"is_daily":false,"chose_seed":false,"is_ascension_mode":false,"campfire_upgraded":2,"timestamp":1523692268,"path_taken":["M","?","$","M","?","E","R","M","T","E","?","M","E","?","R","BOSS","M","M","M","?","M","E","?","E"],"build_version":"2018-04-12","seed_source_timestamp":292319287481080,"purchased_purges":0,"victory":false,"master_deck":["Strike_R","Strike_R","Strike_R","Strike_R","Strike_R","Defend_R","Defend_R","Defend_R","Defend_R","Bash","Rage","Whirlwind+1","Armaments+1","Cleave","Intimidate+1","Heavy Blade","Whirlwind","Pommel Strike","Double Tap","Berserk","Heavy Blade","Ghostly","Ghostly","Ghostly","Ghostly","Ghostly","Feed","Dual Wield"],"max_hp_per_floor":[80,80,80,80,80,80,80,80,80,80,80,80,80,80,80,80,85,85,85,85,42,42,42,42,42],"relics":["Burning Blood","NeowsBlessing","Old Coin","Shuriken","Magic Flower","Mercury Hourglass","Bag of Marbles","Pantograph","Orichalcum","Tiny House","Lantern","Shovel"],"card_choices":[{"not_picked":["Iron Wave","Burning Pact"],"picked":"Rage","floor":1.0},{"not_picked":["Second Wind","Infernal Blade"],"picked":"Cleave","floor":4.0},{"not_picked":["Clothesline","Immolate"],"picked":"Intimidate","floor":6.0},{"not_picked":["Body Slam","Wild Strike"],"picked":"Heavy Blade","floor":10.0},{"not_picked":["True Grit","Sentinel"],"picked":"Whirlwind","floor":11.0},{"not_picked":["Disarm","Shockwave"],"picked":"Pommel Strike","floor":12.0},{"not_picked":["Pummel","Metallicize"],"picked":"Double Tap","floor":13.0},{"not_picked":["Bludgeon","Barricade"],"picked":"Berserk","floor":16.0},{"not_picked":["Bludgeon","Anger"],"picked":"Heavy Blade","floor":20.0},{"not_picked":["Clash","Sword Boomerang"],"picked":"Feed","floor":22.0},{"not_picked":["Reckless Charge","Shrug It Off"],"picked":"Dual Wield","floor":23.0}],"player_experience":199951,"potions_floor_usage":[25],"damage_taken":[{"damage":0.0,"enemies":"Jaw Worm","floor":1.0,"turns":1.0},{"damage":0.0,"enemies":"2 Louse","floor":4.0,"turns":1.0},{"damage":0.0,"enemies":"Lagavulin","floor":6.0,"turns":1.0},{"damage":2.0,"enemies":"Cultist","floor":8.0,"turns":3.0},{"damage":9.0,"enemies":"3 Sentries","floor":10.0,"turns":3.0},{"damage":0.0,"enemies":"Exordium Wildlife","floor":11.0,"turns":3.0},{"damage":0.0,"enemies":"Looter","floor":12.0,"turns":2.0},{"damage":31.0,"enemies":"Lagavulin","floor":13.0,"turns":7.0},{"damage":28.0,"enemies":"The Guardian","floor":16.0,"turns":9.0},{"damage":17.0,"enemies":"Spheric Guardian","floor":18.0,"turns":4.0},{"damage":0.0,"enemies":"3 Byrds","floor":19.0,"turns":4.0},{"damage":43.0,"enemies":"Slaver and Parasite","floor":20.0,"turns":7.0},{"damage":0.0,"enemies":"Centurion and Healer","floor":22.0,"turns":5.0},{"damage":0.0,"enemies":"Slavers","floor":23.0,"turns":5.0},{"damage":45,"enemies":"Gremlin Leader","floor":25,"turns":8}],"event_choices":[{"event_name":"Scrap Ooze","player_choice":"success","floor":2.0,"damage_taken":3.0},{"event_name":"Big Fish","player_choice":"Box","floor":5.0,"damage_taken":0.0},{"event_name":"Living Wall","player_choice":"Forget","floor":14.0,"damage_taken":0.0},{"event_name":"Ghosts","player_choice":"Became a Ghost","floor":21.0,"damage_taken":0.0}],"boss_relics":[],"potions_floor_spawned":[1,11,13,16,18,20,22],"seed_played":"-3145628029925467679","killed_by":"Gremlin Leader","ascension_level":0,"is_trial":false}