{"gold_per_floor":[119,119,119,139,163,163,184,184,184,184,202,127,127,143,143,263,263,276,301,120,120,120,120,139,139,191,191,106,106,142,160,160,289,289,307,307,432,188,148,148,23,58,81,81,104,118,132,151,151,151,151,151,19,58,58],"floor_reached":55,"playtime":5753,"items_purged":["Strike_B","Strike_B","Strike_B+1"],"score":680,"play_id":"36699424-4383-4dd7-9386-d3b6f2e57dd1","local_time":"20190105231056","is_ascension_mode":false,"campfire_choices":[{"data":"Zap","floor":6.0,"key":"SMITH"},{"data":"Static Discharge","floor":8.0,"key":"SMITH"},{"data":"Dualcast","floor":10.0,"key":"SMITH"},{"floor":15.0,"key":"REST"},{"floor":23.0,"key":"RECALL"},{"data":"Recycle","floor":25.0,"key":"SMITH"},{"data":"Coolheaded","floor":27.0,"key":"SMITH"},{"data":"Defragment","floor":32.0,"key":"SMITH"},{"data":"Capacitor","floor":40.0,"key":"SMITH"},{"data":"Skim","floor":44.0,"key":"SMITH"},{"floor":49.0,"key":"REST"},{"data":"Electrodynamics","floor":52.0,"key":"SMITH"}],"neow_cost":"NONE","seed_source_timestamp":957402027896011,"circlet_count":0,"master_deck":["Defend_B+1","Defend_B+1","Defend_B+1","Defend_B+1","Zap+1","Dualcast+1","Sweeping Beam+1","Recycle+1","Static Discharge+1","Skim+1","Thunder Strike+1","Redo+1","Coolheaded+1","Capacitor+1","Coolheaded+1","Ball Lightning+1","Defragment+1","Electrodynamics+1","Cold Snap+1","Scrape+1","Conserve Battery+1","Consume+1","Fusion+1","Tempest+1","Loop"],"special_seed":0,"relics":["Cracked Core","Golden Idol","Blood Vial","Eternal Feather","MutagenicStrength","Whetstone","Mercury Hourglass","Strawberry","Lizard Tail","Du-Vu Doll","HandDrill","Calipers","Bottled Tornado"],"potions_floor_usage":[55],"damage_taken":[{"damage":1.0,"enemies":"2 Louse","floor":1.0,"turns":3.0},{"damage":0.0,"enemies":"Jaw Worm","floor":4.0,"turns":5.0},{"damage":0.0,"enemies":"Small Slimes","floor":5.0,"turns":3.0},{"damage":7.0,"enemies":"2 Fungi Beasts","floor":7.0,"turns":4.0},{"damage":7.0,"enemies":"Blue Slaver","floor":11.0,"turns":3.0},{"damage":9.0,"enemies":"3 Louse","floor":14.0,"turns":1.0},{"damage":39.0,"enemies":"Hexaghost","floor":16.0,"turns":5.0},{"damage":5.0,"enemies":"3 Byrds","floor":18.0,"turns":2.0},{"damage":11.0,"enemies":"Chosen","floor":19.0,"turns":5.0},{"damage":20.0,"enemies":"Snecko","floor":24.0,"turns":4.0},{"damage":19.0,"enemies":"Book of Stabbing","floor":30.0,"turns":5.0},{"damage":13.0,"enemies":"Snake Plant","floor":31.0,"turns":4.0},{"damage":29.0,"enemies":"Champ","floor":33.0,"turns":11.0},{"damage":0.0,"enemies":"3 Shapes","floor":35.0,"turns":3.0},{"damage":22.0,"enemies":"Mind Bloom Boss Battle","floor":37.0,"turns":4.0},{"damage":19.0,"enemies":"Nemesis","floor":42.0,"turns":9.0},{"damage":14.0,"enemies":"Orb Walker","floor":45.0,"turns":2.0},{"damage":8.0,"enemies":"Jaw Worm Horde","floor":46.0,"turns":2.0},{"damage":30.0,"enemies":"Spire Growth","floor":47.0,"turns":4.0},{"damage":16.0,"enemies":"4 Shapes","floor":48.0,"turns":5.0},{"damage":61.0,"enemies":"Awakened One","floor":50.0,"turns":9.0},{"damage":61.0,"enemies":"Shield and Spear","floor":54.0,"turns":4.0},{"damage":73,"enemies":"The Heart","floor":55,"turns":3}],"seed_played":"-7351106572276797442","potions_obtained":[{"floor":4.0,"key":"Poison Potion"},{"floor":11.0,"key":"Regen Potion"},{"floor":16.0,"key":"FearPotion"},{"floor":19.0,"key":"AttackPotion"},{"floor":33.0,"key":"EssenceOfSteel"},{"floor":35.0,"key":"Poison Potion"},{"floor":45.0,"key":"Fire Potion"},{"floor":47.0,"key":"Explosive Potion"},{"floor":54.0,"key":"Fruit Juice"}],"is_trial":false,"path_per_floor":["M","?","?","M","M","R","M","R","T","R","M","$","?","M","R","B",null,"M","M","$","?","?","R","M","R","T","R","?","$","E","M","R","B",null,"M","?","?","$","?","R","$","E","T","R","M","M","M","M","R","B",null,"R","$","E","B"],"character_chosen":"DEFECT","items_purchased":["Capacitor","Coolheaded","Conserve Battery","HandDrill","Loop","Poison Potion"],"campfire_rested":2,"item_purchase_floors":[20,20,38,38,53,53],"current_hp_per_floor":[81,74,54,54,54,54,54,54,54,54,56,56,56,49,73,57,82,82,78,78,78,78,82,69,78,78,82,82,82,77,66,75,55,89,89,89,67,67,67,79,79,62,62,74,62,56,28,14,52,38,89,89,89,33,0],"gold":58,"neow_bonus":"TEN_PERCENT_HP_BONUS","is_prod":false,"is_daily":false,"chose_seed":false,"campfire_upgraded":9,"win_rate":0,"timestamp":1546697456,"path_taken":["M","?","?","M","M","R","M","R","T","R","M","?","?","M","R","BOSS","M","M","$","?","?","R","M","R","T","R","?","?","E","M","R","BOSS","M","?","?","$","?","R","$","E","T","R","?","M","M","M","R","BOSS","R","$","E","BOSS"],"build_version":"2019-01-03v4","purchased_purges":3,"victory":false,"max_hp_per_floor":[82,82,82,82,82,82,82,82,82,82,82,82,82,82,82,82,82,82,82,82,82,82,82,82,82,82,82,82,82,89,89,89,89,89,89,89,89,89,89,89,89,89,89,89,89,89,89,89,89,89,89,89,89,94,94],"card_choices":[{"not_picked":["Streamline","Barrage"],"picked":"Sweeping Beam","floor":1.0},{"not_picked":["Sunder","Conserve Battery"],"picked":"Recycle","floor":4.0},{"not_picked":["Doom and Gloom","Redo"],"picked":"Self Repair","floor":5.0},{"not_picked":["Sweeping Beam","Gash"],"picked":"Static Discharge","floor":7.0},{"not_picked":["Turbo","Steam","Force Field"],"picked":"SKIP","floor":11.0},{"not_picked":["Turbo","Genetic Algorithm"],"picked":"Skim","floor":14.0},{"not_picked":["Seek","Rainbow"],"picked":"Thunder Strike","floor":16.0},{"not_picked":["Stack","Consume"],"picked":"Redo+1","floor":18.0},{"not_picked":["Barrage+1","Compile Driver"],"picked":"Coolheaded","floor":19.0},{"not_picked":["Go for the Eyes","Conserve Battery"],"picked":"Ball Lightning","floor":24.0},{"not_picked":["Thunder Strike","Stack","Go for the Eyes"],"picked":"SKIP","floor":30.0},{"not_picked":["White Noise","Fusion"],"picked":"Defragment","floor":31.0},{"not_picked":["Rainbow","Machine Learning"],"picked":"Electrodynamics","floor":33.0},{"not_picked":["Turbo","Rebound"],"picked":"Cold Snap+1","floor":35.0},{"not_picked":["Sunder","Fission"],"picked":"Scrape+1","floor":37.0},{"not_picked":["Skim","Go for the Eyes+1","Gash+1"],"picked":"SKIP","floor":42.0},{"not_picked":["Go for the Eyes+1","Barrage"],"picked":"Consume+1","floor":45.0},{"not_picked":["Barrage","Steam Power","Recycle"],"picked":"SKIP","floor":46.0},{"not_picked":["Hologram+1","Storm+1"],"picked":"Fusion+1","floor":47.0},{"not_picked":["Undo","Go for the Eyes"],"picked":"Tempest+1","floor":48.0},{"not_picked":["Coolheaded","Steam+1","Echo Form"],"picked":"SKIP","floor":54.0}],"player_experience":292687,"relics_obtained":[{"floor":9.0,"key":"Blood Vial"},{"floor":26.0,"key":"Whetstone"},{"floor":30.0,"key":"Strawberry"},{"floor":37.0,"key":"Du-Vu Doll"},{"floor":42.0,"key":"Calipers"},{"floor":54.0,"key":"Bottled Tornado"}],"event_choices":[{"cards_removed":["Strike_B"],"damage_healed":0.0,"max_hp_gain":0.0,"max_hp_loss":0.0,"gold_gain":0.0,"event_name":"Golden Wing","player_choice":"Card Removal","floor":2.0,"gold_loss":0.0,"damage_taken":7.0},{"damage_healed":0.0,"max_hp_gain":0.0,"max_hp_loss":0.0,"gold_gain":0.0,"event_name":"Golden Idol","player_choice":"Take Damage","floor":3.0,"gold_loss":0.0,"damage_taken":20.0,"relics_obtained":["Golden Idol"]},{"damage_healed":0.0,"max_hp_gain":0.0,"max_hp_loss":0.0,"gold_gain":0.0,"event_name":"Living Wall","player_choice":"Grow","floor":13.0,"gold_loss":0.0,"damage_taken":0.0,"cards_upgraded":["Sweeping Beam"]},{"damage_healed":0.0,"max_hp_gain":0.0,"max_hp_loss":0.0,"gold_gain":0.0,"event_name":"Back to Basics","player_choice":"Simplicity","floor":21.0,"gold_loss":0.0,"damage_taken":0.0,"cards_upgraded":["Strike_B","Defend_B","Defend_B","Defend_B","Defend_B"]},{"damage_healed":0.0,"max_hp_gain":0.0,"max_hp_loss":0.0,"gold_gain":0.0,"event_name":"Drug Dealer","player_choice":"Inject Mutagens","floor":22.0,"gold_loss":0.0,"damage_taken":0.0,"relics_obtained":["MutagenicStrength"]},{"damage_healed":0.0,"max_hp_gain":0.0,"max_hp_loss":0.0,"gold_gain":0.0,"event_name":"Addict","player_choice":"Obtained Relic","floor":28.0,"gold_loss":85.0,"damage_taken":0.0,"relics_obtained":["Mercury Hourglass"]},{"cards_removed":["Self Repair"],"damage_healed":0.0,"max_hp_gain":0.0,"max_hp_loss":0.0,"gold_gain":0.0,"event_name":"Falling","player_choice":"Removed Power","floor":36.0,"gold_loss":0.0,"damage_taken":0.0},{"damage_healed":0.0,"max_hp_gain":0.0,"max_hp_loss":0.0,"gold_gain":0.0,"event_name":"MindBloom","player_choice":"Fight","floor":37.0,"gold_loss":0.0,"damage_taken":0.0},{"damage_healed":0.0,"max_hp_gain":0.0,"max_hp_loss":0.0,"gold_gain":0.0,"event_name":"Designer","player_choice":"Upgraded Two","floor":39.0,"gold_loss":40.0,"damage_taken":0.0,"cards_upgraded":["Coolheaded","Conserve Battery"]}],"is_beta":false,"boss_relics":[{"not_picked":["Runic Pyramid","Black Star"],"picked":"Eternal Feather"},{"not_picked":["White Beast Statue","Astrolabe"],"picked":"Lizard Tail"}],"items_purged_floors":[12,20,41],"is_endless":false,"potions_floor_spawned":[4,11,16,19,33,35,45,47,54],"killed_by":"The Heart","ascension_level":0}