{"gold_per_floor":[115,145,161,5,24,58,76,76,103,103,116,162,188,203,203,298,298,298,298,298,298,298,298,298,298,298,298,298,298,298,298,298,298,298,298,268,268,268,268],"floor_reached":39,"playtime":1242,"items_purged":["Regret"],"score":691,"play_id":"6fad25b9-6410-4ed4-9567-5c8f3b26d285","local_time":"20181007170331","is_ascension_mode":true,"campfire_choices":[{"data":"Whirlwind","floor":10.0,"key":"SMITH"},{"floor":15.0,"key":"REST"},{"data":"Demon Form","floor":23.0,"key":"SMITH"},{"floor":32,"key":"REST"}],"neow_cost":"NONE","seed_source_timestamp":101032036013345,"circlet_count":0,"master_deck":["Strike_R","Strike_R","Strike_R","Strike_R","Strike_R","Defend_R","Defend_R","Defend_R","Defend_R","Bash","AscendersBane","Carnage","Shrug It Off","Offering","Cleave","Whirlwind+1","Sword Boomerang","Pain","Thunderclap","Combust","Demon Form+1","Impervious","Wild Strike+1","Iron Wave+1","Pommel Strike+1","Perfected Strike+1","True Grit","Limit Break","Pummel+1","Brutality","Heavy Blade+1","Pommel Strike","Twin Strike+1","Exhume","Sword Boomerang+1","Infernal Blade+1"],"special_seed":0,"relics":["Burning Blood","Orichalcum","Tiny Chest","PreservedInsect","WarpedTongs","Pen Nib","Lantern","Dodecahedron","Ectoplasm","Red Mask","Vajra","Art of War","Mercury Hourglass","Black Star","Frozen Egg 2"],"potions_floor_usage":[25,33,33],"damage_taken":[{"damage":8.0,"enemies":"2 Louse","floor":1.0,"turns":3.0},{"damage":15.0,"enemies":"Small Slimes","floor":3.0,"turns":4.0},{"damage":0.0,"enemies":"Cultist","floor":5.0,"turns":2.0},{"damage":16.0,"enemies":"Gremlin Nob","floor":6.0,"turns":3.0},{"damage":6.0,"enemies":"2 Fungi Beasts","floor":7.0,"turns":2.0},{"damage":15.0,"enemies":"Looter","floor":11.0,"turns":2.0},{"damage":4.0,"enemies":"3 Sentries","floor":13.0,"turns":3.0},{"damage":12.0,"enemies":"3 Louse","floor":14.0,"turns":2.0},{"damage":47.0,"enemies":"Hexaghost","floor":16.0,"turns":7.0},{"damage":10.0,"enemies":"Chosen","floor":18.0,"turns":5.0},{"damage":6.0,"enemies":"Masked Bandits","floor":19.0,"turns":2.0},{"damage":0.0,"enemies":"Shell Parasite","floor":20.0,"turns":3.0},{"damage":2.0,"enemies":"Centurion and Healer","floor":21.0,"turns":5.0},{"damage":16.0,"enemies":"Cultist and Chosen","floor":22.0,"turns":4.0},{"damage":12.0,"enemies":"Book of Stabbing","floor":24.0,"turns":4.0},{"damage":6,"enemies":"Snake Plant","floor":25,"turns":3},{"damage":1,"enemies":"Snecko","floor":27,"turns":2},{"damage":25,"enemies":"Shelled Parasite and Fungi","floor":28,"turns":4},{"damage":7,"enemies":"Sentry and Sphere","floor":29,"turns":3},{"damage":2,"enemies":"Cultist and Chosen","floor":31,"turns":2},{"damage":16,"enemies":"Collector","floor":33,"turns":5},{"damage":45,"enemies":"3 Darklings","floor":35,"turns":4},{"damage":25,"enemies":"3 Shapes","floor":38,"turns":7},{"damage":0,"enemies":"Sphere and 2 Shapes","floor":39,"turns":3}],"seed_played":"1387086779012335357","potions_obtained":[{"floor":3.0,"key":"PowerPotion"},{"floor":7.0,"key":"Block Potion"},{"floor":11.0,"key":"BloodPotion"},{"floor":13.0,"key":"Ancient Potion"},{"floor":14.0,"key":"SmokeBomb"},{"floor":19.0,"key":"Poison Potion"},{"floor":22.0,"key":"GamblersBrew"},{"floor":25,"key":"Poison Potion"},{"floor":31,"key":"SkillPotion"},{"floor":36,"key":"Weak Potion"},{"floor":36,"key":"PowerPotion"}],"is_trial":false,"path_per_floor":["M","?","M","$","M","E","M","?","T","R","M","T","E","M","R","B",null,"M","?","M","M","M","R","E","M","T","M","M","M","T","M","R","B",null,"M","?","T","M"],"character_chosen":"IRONCLAD","items_purchased":["Offering"],"campfire_rested":2,"item_purchase_floors":[4],"current_hp_per_floor":[70,70,61,61,67,57,57,57,57,57,48,48,58,52,76,35,69,65,65,71,75,65,65,59,59,59,64,45,44,44,48,72,62,76,37,37,37,18,18],"gold":268,"neow_bonus":"RANDOM_COMMON_RELIC","is_prod":false,"is_daily":false,"chose_seed":false,"campfire_upgraded":2,"win_rate":0,"timestamp":1538924611,"path_taken":["M","?","M","$","M","E","M","?","T","R","M","?","E","M","R","BOSS","M","?","?","M","M","R","E","M","T","M","?","?","?","M","R","BOSS","M","?","?","M","M"],"build_version":"2018-10-04v2","purchased_purges":1,"victory":false,"max_hp_per_floor":[80,80,80,80,80,80,80,80,80,80,80,80,80,80,80,80,80,80,80,80,80,80,80,80,80,80,80,80,80,80,80,80,80,80,80,80,80,80,80],"card_choices":[{"not_picked":["True Grit","Headbutt"],"picked":"Carnage","floor":1.0},{"not_picked":["Pommel Strike","Heavy Blade"],"picked":"Shrug It Off","floor":3.0},{"not_picked":["Perfected Strike","Warcry"],"picked":"Cleave","floor":5.0},{"not_picked":["Sword Boomerang","Double Tap"],"picked":"Whirlwind","floor":6.0},{"not_picked":["Heavy Blade","Clash"],"picked":"Sword Boomerang","floor":7.0},{"not_picked":["Havoc","Perfected Strike"],"picked":"Thunderclap","floor":11.0},{"not_picked":["Thunderclap","Dropkick"],"picked":"Combust","floor":13.0},{"not_picked":["Heavy Blade","Anger"],"picked":"Demon Form","floor":14.0},{"not_picked":["Fiend Fire","Immolate"],"picked":"Impervious","floor":16.0},{"not_picked":["Armaments","Pummel+1"],"picked":"Wild Strike+1","floor":18.0},{"not_picked":["Clothesline","Whirlwind"],"picked":"Iron Wave+1","floor":19.0},{"not_picked":["Clothesline+1","Heavy Blade"],"picked":"Pommel Strike+1","floor":20.0},{"not_picked":["Flex","Clothesline"],"picked":"Perfected Strike+1","floor":21.0},{"not_picked":["Headbutt","Wild Strike"],"picked":"True Grit","floor":22.0},{"not_picked":["Wild Strike+1","Fire Breathing"],"picked":"Limit Break","floor":24.0},{"not_picked":["Sentinel","Iron Wave"],"picked":"Pummel+1","floor":25},{"not_picked":["Iron Wave","Body Slam+1"],"picked":"Brutality","floor":27},{"not_picked":["Thunderclap","Burning Pact"],"picked":"Heavy Blade+1","floor":28},{"not_picked":["Corruption","Rage"],"picked":"Pommel Strike","floor":29},{"not_picked":["Anger","Flex"],"picked":"Twin Strike+1","floor":31},{"not_picked":["Brutality","Fiend Fire"],"picked":"Exhume","floor":33},{"not_picked":["Twin Strike","Heavy Blade"],"picked":"Sword Boomerang+1","floor":35},{"not_picked":["Thunderclap","Warcry"],"picked":"Infernal Blade+1","floor":38}],"player_experience":1065838,"relics_obtained":[{"floor":6.0,"key":"PreservedInsect"},{"floor":9.0,"key":"Pen Nib"},{"floor":12.0,"key":"Lantern"},{"floor":13.0,"key":"Dodecahedron"},{"floor":19.0,"key":"Red Mask"},{"floor":24.0,"key":"Vajra"},{"floor":26,"key":"Art of War"},{"floor":30,"key":"Mercury Hourglass"},{"floor":37,"key":"Frozen Egg 2"}],"event_choices":[{"event_name":"Big Fish","player_choice":"Box","floor":2.0,"damage_taken":0.0},{"event_name":"Accursed Blacksmith","player_choice":"Rummage","floor":8.0,"damage_taken":0.0},{"event_name":"Masked Bandits","player_choice":"Fought Bandits","floor":19.0,"damage_taken":0.0},{"event_name":"The Woman in Blue","player_choice":"Bought 2 Potions","floor":36,"damage_taken":0}],"is_beta":false,"boss_relics":[{"not_picked":["Eternal Feather","Tiny House"],"picked":"Ectoplasm"},{"not_picked":["Calling Bell","Runic Cube"],"picked":"Black Star"}],"items_purged_floors":[4],"is_endless":false,"potions_floor_spawned":[3,7,11,13,14,19,22,24,25,31],"killed_by":"Sphere and 2 Shapes","ascension_level":10}