{"gold_per_floor":[110,120,137,84,103,103,159,159,182,201,201,233,302,319,319,397,397,411,336,180,198,198,198,226,238,250,276,288,325,357,398,410,496,508,531,543,555,594,656,668,690,702,738,765,777,143,172,93,93,93,93,93,93,93,93],"floor_reached":55,"playtime":5355,"items_purged":["Strike_G","Pain"],"score":2097,"play_id":"68ba636a-4af6-4dda-b025-c5c490dd3432","local_time":"20190102174256","is_ascension_mode":true,"campfire_choices":[{"data":"Predator","floor":6.0,"key":"SMITH"},{"floor":8.0,"key":"REST"},{"floor":15.0,"key":"REST"},{"floor":23.0,"key":"RECALL"},{"floor":32.0,"key":"DIG"},{"floor":40.0,"key":"DIG"},{"floor":42.0,"key":"DIG"},{"floor":45.0,"key":"DIG"},{"floor":49.0,"key":"DIG"},{"floor":53.0,"key":"DIG"}],"neow_cost":"NONE","seed_source_timestamp":123069617139921,"circlet_count":0,"master_deck":["AscendersBane","Defend_G","Defend_G+1","Defend_G","Defend_G","Defend_G","Strike_G","Survivor","Neutralize","Quick Slash","Blur","Dagger Spray+1","Predator+1","Adrenaline","Night Terror","Backflip","After Image","Acrobatics+1","Dodge and Roll","Ghostly","Ghostly","Ghostly+1","Well Laid Plans","All Out Attack","Tactician","Noxious Fumes","Burst","Leg Sweep","Cloak And Dagger","Cloak And Dagger","Well Laid Plans","PiercingWail","Caltrops","Deflect+1"],"special_seed":0,"relics":["Ring of the Snake","Tiny Chest","Dream Catcher","Anchor","Letter Opener","Fusion Hammer","MawBank","Shovel","WarpedTongs","Boot","Meat on the Bone","Thread and Needle","Orrery","War Paint","Regal Pillow","Vajra","Omamori","Dodecahedron","Bag of Marbles","Sling","Sundial","Oddly Smooth Stone","Pantograph"],"potions_floor_usage":[],"damage_taken":[{"damage":3.0,"enemies":"2 Louse","floor":1.0,"turns":3.0},{"damage":3.0,"enemies":"Jaw Worm","floor":2.0,"turns":5.0},{"damage":0.0,"enemies":"Cultist","floor":3.0,"turns":3.0},{"damage":3.0,"enemies":"Looter","floor":5.0,"turns":3.0},{"damage":39.0,"enemies":"Lagavulin","floor":7.0,"turns":7.0},{"damage":3.0,"enemies":"Blue Slaver","floor":10.0,"turns":4.0},{"damage":8.0,"enemies":"Gremlin Nob","floor":12.0,"turns":3.0},{"damage":0.0,"enemies":"2 Fungi Beasts","floor":14.0,"turns":2.0},{"damage":24.0,"enemies":"The Guardian","floor":16.0,"turns":14.0},{"damage":0.0,"enemies":"3 Byrds","floor":18.0,"turns":5.0},{"damage":7.0,"enemies":"2 Thieves","floor":21.0,"turns":3.0},{"damage":0.0,"enemies":"Slavers","floor":24.0,"turns":9.0},{"damage":0.0,"enemies":"Snake Plant","floor":27.0,"turns":6.0},{"damage":5.0,"enemies":"Book of Stabbing","floor":29.0,"turns":8.0},{"damage":2.0,"enemies":"Snecko","floor":30.0,"turns":10.0},{"damage":7.0,"enemies":"Gremlin Leader","floor":31.0,"turns":8.0},{"damage":15.0,"enemies":"Champ","floor":33.0,"turns":26.0},{"damage":0.0,"enemies":"Orb Walker","floor":35.0,"turns":8.0},{"damage":2.0,"enemies":"3 Shapes","floor":41.0,"turns":5.0},{"damage":1.0,"enemies":"Sphere and 2 Shapes","floor":44.0,"turns":7.0},{"damage":5.0,"enemies":"Nemesis","floor":47.0,"turns":11.0},{"damage":0.0,"enemies":"Awakened One","floor":50.0,"turns":31.0},{"damage":14.0,"enemies":"Donu and Deca","floor":51.0,"turns":20.0},{"damage":32,"enemies":"Shield and Spear","floor":55,"turns":12}],"seed_played":"4641179300160288571","potions_obtained":[{"floor":0.0,"key":"Swift Potion"},{"floor":0.0,"key":"GhostInAJar"},{"floor":7.0,"key":"Dexterity Potion"},{"floor":10.0,"key":"SteroidPotion"},{"floor":14.0,"key":"LiquidBronze"},{"floor":16.0,"key":"AttackPotion"},{"floor":30.0,"key":"Poison Potion"},{"floor":33.0,"key":"Poison Potion"},{"floor":41.0,"key":"EssenceOfSteel"},{"floor":44.0,"key":"Poison Potion"}],"is_trial":false,"path_per_floor":["M","M","M","$","M","R","E","R","T","M","?","E","T","M","R","B",null,"M","?","$","M","?","R","E","?","T","M","?","E","M","E","R","B",null,"M","?","T","T","?","R","M","R","T","M","R","$","E","$","R","B","B",null,"R","$","E"],"character_chosen":"THE_SILENT","items_purchased":["Dagger Spray","GhostInAJar","Caltrops","Bag of Marbles","Sling","LiquidBronze","LiquidBronze"],"campfire_rested":2,"item_purchase_floors":[4,20,46,46,46,46,48],"current_hp_per_floor":[56,53,53,53,50,50,11,30,30,27,27,19,19,19,38,14,53,53,53,53,46,33,33,33,33,33,33,33,28,26,19,19,16,29,29,29,29,29,29,29,27,27,27,26,26,26,21,21,21,21,19,30,30,30,0],"gold":93,"neow_bonus":"THREE_SMALL_POTIONS","is_prod":false,"is_daily":false,"chose_seed":false,"campfire_upgraded":1,"win_rate":0,"timestamp":1546422176,"path_taken":["M","M","M","$","M","R","E","R","T","M","?","E","?","?","R","BOSS","M","?","$","M","?","R","E","?","T","M","?","E","?","E","R","BOSS","M","?","?","?","?","R","M","R","T","?","R","$","E","?","R","BOSS","BOSS","R","$","E"],"build_version":"2019-01-01","purchased_purges":2,"victory":false,"max_hp_per_floor":[66,66,66,66,66,66,66,66,66,66,66,66,66,66,66,66,66,66,66,66,66,33,33,33,33,33,33,33,33,33,33,33,33,33,33,33,33,33,33,33,33,33,33,33,33,33,33,33,33,33,33,33,33,33,33],"card_choices":[{"not_picked":["PiercingWail","Distraction"],"picked":"Sucker Punch","floor":1.0},{"not_picked":["PiercingWail","Backflip"],"picked":"Quick Slash","floor":2.0},{"not_picked":["Underhanded Strike","Choke"],"picked":"Blur","floor":3.0},{"not_picked":["Outmaneuver","Deadly Poison"],"picked":"Predator","floor":5.0},{"not_picked":["Blade Dance","Slice","Prepared"],"picked":"SKIP","floor":7.0},{"not_picked":["Dagger Throw","Acrobatics"],"picked":"Adrenaline","floor":10.0},{"not_picked":["Dagger Spray","Flying Knee","Blade Dance"],"picked":"SKIP","floor":12.0},{"not_picked":["Underhanded Strike","Bane"],"picked":"Night Terror","floor":14.0},{"not_picked":["Sucker Punch","Catalyst"],"picked":"Backflip","floor":15.0},{"not_picked":["Doppelganger","Die Die Die"],"picked":"After Image","floor":16.0},{"not_picked":["Slice","Flechettes"],"picked":"Acrobatics+1","floor":18.0},{"not_picked":["Acrobatics","Tactician"],"picked":"Dodge and Roll","floor":21.0},{"not_picked":["Heel Hook","PiercingWail"],"picked":"Well Laid Plans","floor":24.0},{"not_picked":["Slice","Skewer"],"picked":"Noxious Fumes","floor":27.0},{"not_picked":["Bane","Expertise"],"picked":"Burst","floor":29.0},{"not_picked":["Deadly Poison","Underhanded Strike"],"picked":"Leg Sweep","floor":30.0},{"not_picked":["Dagger Throw","Prepared","Heel Hook"],"picked":"SKIP","floor":31.0},{"not_picked":["Flying Knee","Endless Agony"],"picked":"Cloak And Dagger","floor":34.0},{"not_picked":["Well Laid Plans","Sucker Punch"],"picked":"Cloak And Dagger","floor":34.0},{"not_picked":["Quick Slash+1","Bane"],"picked":"Well Laid Plans","floor":34.0},{"not_picked":["Prepared","Dodge and Roll","Expertise"],"picked":"SKIP","floor":35.0},{"not_picked":["Slice+1","Prepared"],"picked":"PiercingWail","floor":41.0},{"not_picked":["Deadly Poison","Tactician","Underhanded Strike"],"picked":"SKIP","floor":44.0},{"not_picked":["Deadly Poison","Tactician","Underhanded Strike"],"picked":"SKIP","floor":44.0},{"not_picked":["Deadly Poison","Tactician","Underhanded Strike"],"picked":"SKIP","floor":44.0},{"not_picked":["Skewer+1","Backstab"],"picked":"Deflect+1","floor":47.0}],"player_experience":1285614,"relics_obtained":[{"floor":7.0,"key":"Tiny Chest"},{"floor":9.0,"key":"Dream Catcher"},{"floor":12.0,"key":"Anchor"},{"floor":13.0,"key":"Letter Opener"},{"floor":24.0,"key":"MawBank"},{"floor":26.0,"key":"Shovel"},{"floor":29.0,"key":"Boot"},{"floor":31.0,"key":"Meat on the Bone"},{"floor":32.0,"key":"Thread and Needle"},{"floor":38.0,"key":"War Paint"},{"floor":40.0,"key":"Regal Pillow"},{"floor":42.0,"key":"Vajra"},{"floor":43.0,"key":"Omamori"},{"floor":45.0,"key":"Dodecahedron"},{"floor":47.0,"key":"Sundial"},{"floor":49.0,"key":"Oddly Smooth Stone"},{"floor":53.0,"key":"Pantograph"}],"event_choices":[{"damage_healed":0.0,"max_hp_gain":0.0,"max_hp_loss":0.0,"gold_gain":0.0,"event_name":"Living Wall","player_choice":"Grow","floor":11.0,"gold_loss":0.0,"damage_taken":0.0,"cards_upgraded":["Dagger Spray"]},{"cards_removed":["Strike_G"],"damage_healed":0.0,"max_hp_gain":0.0,"max_hp_loss":0.0,"gold_gain":0.0,"event_name":"Beggar","player_choice":"Gave Gold","floor":19.0,"gold_loss":75.0,"damage_taken":0.0},{"damage_healed":0.0,"max_hp_gain":0.0,"max_hp_loss":33.0,"gold_gain":0.0,"event_name":"Ghosts","player_choice":"Became a Ghost","floor":22.0,"gold_loss":0.0,"damage_taken":0.0,"cards_obtained":["Ghostly","Ghostly","Ghostly"]},{"damage_healed":0.0,"max_hp_gain":0.0,"max_hp_loss":0.0,"gold_gain":0.0,"cards_transformed":["Strike_G","Strike_G"],"event_name":"Drug Dealer","player_choice":"Became Test Subject","floor":25.0,"gold_loss":0.0,"damage_taken":0.0,"cards_obtained":["All Out Attack","Tactician"]},{"damage_healed":0.0,"max_hp_gain":0.0,"max_hp_loss":0.0,"gold_gain":0.0,"event_name":"Accursed Blacksmith","player_choice":"Rummage","floor":28.0,"gold_loss":0.0,"damage_taken":0.0,"relics_obtained":["WarpedTongs"],"cards_obtained":["Pain"]},{"cards_removed":["Sucker Punch"],"damage_healed":0.0,"max_hp_gain":0.0,"max_hp_loss":0.0,"gold_gain":0.0,"event_name":"Falling","player_choice":"Removed Attack","floor":36.0,"gold_loss":0.0,"damage_taken":0.0},{"damage_healed":0.0,"max_hp_gain":0.0,"max_hp_loss":0.0,"gold_gain":50.0,"event_name":"Golden Shrine","player_choice":"Pray","floor":39.0,"gold_loss":0.0,"damage_taken":0.0}],"is_beta":true,"boss_relics":[{"not_picked":["Calling Bell","Runic Dome"],"picked":"Fusion Hammer"},{"not_picked":["WristBlade","Busted Crown"],"picked":"Orrery"}],"items_purged_floors":[20,46],"is_endless":false,"potions_floor_spawned":[1,2,7,10,14,16,18,21,30,33,41,44],"killed_by":"Shield and Spear","ascension_level":20}