{"gold_per_floor":[115,115,125,138,104,104,130,130,130,202,218,218,235,108,108,206,256,276,345,345,332,344,344,344,359,359,373,142,142,175,187,187,187],"floor_reached":33,"playtime":2920,"items_purged":["Strike_R","Defend_R"],"score":317,"play_id":"d1645078-01e2-42b5-8dc2-e52ddc67fdcf","local_time":"20181219202918","is_ascension_mode":false,"campfire_choices":[{"data":"Second Wind","floor":6,"key":"SMITH"},{"floor":12,"key":"REST"},{"data":"Iron Wave","floor":15,"key":"SMITH"},{"data":"Bite","floor":23,"key":"SMITH"},{"data":"Dramatic Entrance","floor":29,"key":"SMITH"},{"data":"Bite","floor":32,"key":"SMITH"}],"neow_cost":"NONE","seed_source_timestamp":0,"circlet_count":0,"master_deck":["Defend_R+1","Defend_R","Defend_R","Bash","Twin Strike","Second Wind+1","Iron Wave","Iron Wave+1","Iron Wave+1","Dark Embrace+1","Cleave","Flame Barrier+1","Bite+1","Bite","Bite","Bite+1","Bite","Iron Wave+1","Cleave","Shrug It Off","Dramatic Entrance+1","Body Slam"],"special_seed":0,"relics":["Burning Blood","Shuriken","Self Forming Clay","Frozen Egg 2","Tiny House","Paper Frog","Ornamental Fan","Unceasing Top"],"potions_floor_usage":[30,30,33,33],"damage_taken":[{"damage":2.0,"enemies":"Small Slimes","floor":1.0,"turns":6.0},{"damage":0,"enemies":"2 Louse","floor":3,"turns":5},{"damage":1,"enemies":"Jaw Worm","floor":4,"turns":3},{"damage":52,"enemies":"Lagavulin","floor":7,"turns":9},{"damage":5,"enemies":"Exordium Thugs","floor":11,"turns":5},{"damage":8,"enemies":"Red Slaver","floor":13,"turns":3},{"damage":48,"enemies":"The Guardian","floor":16,"turns":14},{"damage":13,"enemies":"3 Byrds","floor":18,"turns":6},{"damage":13,"enemies":"2 Thieves","floor":21,"turns":4},{"damage":18,"enemies":"Centurion and Healer","floor":22,"turns":9},{"damage":17,"enemies":"3 Cultists","floor":25,"turns":6},{"damage":1,"enemies":"Snecko","floor":27,"turns":6},{"damage":37,"enemies":"Slavers","floor":30,"turns":7},{"damage":2,"enemies":"Snake Plant","floor":31,"turns":4},{"damage":90,"enemies":"Champ","floor":33,"turns":11}],"seed_played":"-4497272540371974907","potions_obtained":[{"floor":13,"key":"GamblersBrew"},{"floor":16,"key":"Dexterity Potion"},{"floor":17,"key":"AttackPotion"},{"floor":18,"key":"Ancient Potion"},{"floor":22,"key":"AttackPotion"},{"floor":31,"key":"Ancient Potion"}],"is_trial":false,"path_per_floor":["M","?","M","M","?","R","E","?","T","T","M","R","M","$","R","B",null,"M","T","?","M","M","R","?","M","T","M","$","R","E","M","R","B"],"character_chosen":"IRONCLAD","items_purchased":["Iron Wave","Shrug It Off","Dramatic Entrance"],"campfire_rested":1,"item_purchase_floors":[14,28,28],"current_hp_per_floor":[80,85,85,85,85,85,39,39,39,39,40,65,63,63,63,21,90,83,83,63,62,63,63,63,59,59,63,63,63,43,52,52,0],"gold":187,"neow_bonus":"UPGRADE_CARD","is_prod":false,"is_daily":false,"chose_seed":false,"campfire_upgraded":5,"win_rate":0.0,"timestamp":1545247758,"path_taken":["M","?","M","M","?","R","E","?","T","?","?","R","M","?","R","BOSS","M","?","?","?","M","R","?","M","T","?","$","R","E","M","R","BOSS"],"build_version":"2018-12-13","purchased_purges":2,"victory":false,"max_hp_per_floor":[80,85,85,85,85,85,85,85,85,85,85,85,85,85,85,85,90,90,90,63,63,63,63,63,63,63,63,63,63,63,63,63,63],"card_choices":[{"not_picked":["Heavy Blade","Sword Boomerang"],"picked":"Twin Strike","floor":1.0},{"not_picked":["Whirlwind","True Grit"],"picked":"Second Wind","floor":3},{"not_picked":["True Grit","Twin Strike"],"picked":"Iron Wave","floor":4},{"not_picked":["Anger","Juggernaut","Second Wind"],"picked":"SKIP","floor":7},{"not_picked":["True Grit","Anger","Reckless Charge"],"picked":"SKIP","floor":11},{"not_picked":["Infernal Blade","Rampage"],"picked":"Iron Wave","floor":13},{"not_picked":["Limit Break","Berserk+1"],"picked":"Dark Embrace+1","floor":16},{"not_picked":["Iron Wave","True Grit"],"picked":"Cleave","floor":17},{"not_picked":["Pommel Strike+1","Shrug It Off"],"picked":"Flame Barrier+1","floor":18},{"not_picked":["Warcry+1","Perfected Strike"],"picked":"Iron Wave+1","floor":21},{"not_picked":["Flame Barrier","Hemokinesis+1"],"picked":"Cleave","floor":22},{"not_picked":["Hemokinesis","Bloodletting+1","Twin Strike"],"picked":"SKIP","floor":25},{"not_picked":["Perfected Strike","Bludgeon","Sword Boomerang"],"picked":"SKIP","floor":27},{"not_picked":["Perfected Strike","Uppercut","Headbutt"],"picked":"SKIP","floor":30},{"not_picked":["Clash","Headbutt+1"],"picked":"Body Slam","floor":31}],"player_experience":8907,"relics_obtained":[{"floor":7,"key":"Shuriken"},{"floor":9,"key":"Self Forming Clay"},{"floor":10,"key":"Frozen Egg 2"},{"floor":19,"key":"Paper Frog"},{"floor":26,"key":"Ornamental Fan"},{"floor":30,"key":"Unceasing Top"}],"event_choices":[{"damage_healed":0.0,"max_hp_gain":5.0,"max_hp_loss":0.0,"gold_gain":0.0,"event_name":"Big Fish","player_choice":"Donut","floor":2.0,"gold_loss":0.0,"damage_taken":0.0},{"damage_healed":0,"gold_gain":0,"player_choice":"Left Gold","damage_taken":0,"max_hp_gain":0,"max_hp_loss":0,"event_name":"World of Goop","floor":5,"gold_loss":34},{"damage_healed":0,"gold_gain":0,"player_choice":"Ignored","damage_taken":0,"max_hp_gain":0,"max_hp_loss":0,"event_name":"Liars Game","floor":8,"gold_loss":0},{"damage_healed":0,"gold_gain":0,"player_choice":"Became a vampire","damage_taken":0,"max_hp_gain":0,"max_hp_loss":27,"event_name":"Vampires","floor":20,"gold_loss":0,"cards_obtained":["Bite","Bite","Bite","Bite","Bite"]},{"damage_healed":0,"gold_gain":0,"player_choice":"Upgraded","damage_taken":0,"max_hp_gain":0,"max_hp_loss":0,"event_name":"Upgrade Shrine","floor":24,"gold_loss":0,"cards_upgraded":["Iron Wave"]}],"is_beta":false,"boss_relics":[{"not_picked":["Mark of Pain","Black Star"],"picked":"Tiny House"}],"items_purged_floors":[14,28],"is_endless":false,"potions_floor_spawned":[3,13,16,18,22,25,31],"killed_by":"Champ","ascension_level":0}