{"gold_per_floor":[114,129,147,158,158,178,178,192,192,207,207,207,32,60,60,163,163,183,98,114,130,146,146,165,165,165,64,81,17,35,46,46,144,144,154,170,170],"floor_reached":37,"playtime":2984,"items_purged":["Strike_R"],"score":442,"play_id":"1dfa2442-25e6-4868-8940-50e71fbd63fe","local_time":"20190213004746","is_ascension_mode":true,"campfire_choices":[{"floor":7,"key":"REST"},{"data":"Body Slam","floor":11,"key":"SMITH"},{"data":"Body Slam","floor":15,"key":"SMITH"},{"floor":23,"key":"REST"},{"floor":25,"key":"REST"},{"data":"Pommel Strike","floor":32,"key":"SMITH"}],"neow_cost":"NONE","seed_source_timestamp":120994842822300,"circlet_count":0,"master_deck":["Strike_R","Strike_R","Strike_R","Strike_R","Defend_R","Defend_R","Defend_R","Defend_R","Bash","Uppercut","Shockwave","Body Slam+1","True Grit","Body Slam+1","Armaments","Pommel Strike+1","Armaments+1","Demon Form","Flame Barrier+1","Body Slam+1","Cleave+1","Body Slam+1","Twin Strike+1","Whirlwind+1","Shrug It Off+1","Iron Wave+1","Fiend Fire+1","Pommel Strike+1","Sever Soul+1","Limit Break+1","Twin Strike+1","Rampage+1"],"relics":["Burning Blood","NeowsBlessing","The Courier","Art of War","Anchor","Toxic Egg 2","Velvet Choker","Molten Egg 2","Question Card","Cursed Key"],"potions_floor_usage":[14,21,28,31,33],"damage_taken":[{"damage":0,"enemies":"Small Slimes","floor":1,"turns":1},{"damage":0,"enemies":"2 Louse","floor":2,"turns":1},{"damage":0,"enemies":"Cultist","floor":3,"turns":1},{"damage":11,"enemies":"Blue Slaver","floor":4,"turns":5},{"damage":55,"enemies":"Gremlin Gang","floor":6,"turns":8},{"damage":2,"enemies":"Exordium Wildlife","floor":8,"turns":4},{"damage":8,"enemies":"Blue Slaver","floor":10,"turns":4},{"damage":20,"enemies":"Lagavulin","floor":14,"turns":6},{"damage":8,"enemies":"Hexaghost","floor":16,"turns":11},{"damage":25,"enemies":"2 Thieves","floor":18,"turns":4},{"damage":26,"enemies":"Spheric Guardian","floor":20,"turns":6},{"damage":7,"enemies":"Snecko","floor":21,"turns":4},{"damage":24,"enemies":"Shelled Parasite and Fungi","floor":22,"turns":9},{"damage":8,"enemies":"Centurion and Healer","floor":24,"turns":5},{"damage":0,"enemies":"Snecko","floor":28,"turns":2},{"damage":6,"enemies":"Shelled Parasite and Fungi","floor":30,"turns":4},{"damage":2,"enemies":"3 Cultists","floor":31,"turns":4},{"damage":44,"enemies":"Automaton","floor":33,"turns":10},{"damage":0,"enemies":"Orb Walker","floor":35,"turns":2},{"damage":46,"enemies":"3 Darklings","floor":36,"turns":4},{"damage":42,"enemies":"Sphere and 2 Shapes","floor":37,"turns":4}],"seed_played":"-7969490172496757595","potions_obtained":[{"floor":1,"key":"Energy Potion"},{"floor":3,"key":"Strength Potion"},{"floor":8,"key":"Fire Potion"},{"floor":20,"key":"SkillPotion"},{"floor":24,"key":"Swift Potion"},{"floor":33,"key":"FearPotion"}],"is_trial":false,"path_per_floor":["M","M","M","M","?","M","R","M","T","M","R","?","$","E","R","B",null,"M","?","M","M","M","R","M","R","T","$","M","$","M","M","R","B",null,"M","M","M"],"character_chosen":"IRONCLAD","items_purchased":["Anchor","Whirlwind+1","Shrug It Off+1","Fiend Fire+1"],"campfire_rested":3,"item_purchase_floors":[13,27,27,29],"current_hp_per_floor":[80,80,80,75,75,26,50,54,54,52,52,45,45,31,31,29,80,61,61,41,40,22,46,44,68,68,68,74,74,74,78,78,40,80,80,40,0],"gold":170,"neow_bonus":"THREE_ENEMY_KILL","is_prod":false,"is_daily":false,"chose_seed":false,"campfire_upgraded":3,"win_rate":0,"timestamp":1550036866,"path_taken":["M","M","M","M","?","M","R","M","T","M","R","?","$","E","R","BOSS","M","?","M","M","M","R","M","R","T","$","M","$","M","M","R","BOSS","M","M","M"],"build_version":"2019-01-23","purchased_purges":1,"victory":false,"max_hp_per_floor":[80,80,80,80,80,80,80,80,80,80,80,80,80,80,80,80,80,80,80,80,80,80,80,80,80,80,80,80,80,80,80,80,80,80,80,80,80],"card_choices":[{"not_picked":["Clash","Entrench"],"picked":"Uppercut","floor":1},{"not_picked":["Warcry","Headbutt"],"picked":"Shockwave","floor":2},{"not_picked":["Anger","Headbutt"],"picked":"Body Slam","floor":3},{"not_picked":["Clothesline","Battle Trance"],"picked":"True Grit","floor":4},{"not_picked":["Rampage","Perfected Strike"],"picked":"Body Slam","floor":6},{"not_picked":["Brutality","Pommel Strike"],"picked":"Armaments","floor":8},{"not_picked":["Searing Blow","Wild Strike"],"picked":"Pommel Strike","floor":10},{"not_picked":["Sword Boomerang","Dark Embrace"],"picked":"Armaments","floor":14},{"not_picked":["Immolate","Double Tap+1"],"picked":"Demon Form","floor":16},{"not_picked":["Perfected Strike+1","Flex+1"],"picked":"Flame Barrier+1","floor":18},{"not_picked":["Dropkick+1","Shockwave+1"],"picked":"Body Slam+1","floor":20},{"not_picked":["Bloodletting+1","Carnage+1"],"picked":"Cleave+1","floor":21},{"not_picked":["Perfected Strike+1","Sword Boomerang+1"],"picked":"Body Slam+1","floor":22},{"not_picked":["Flex+1","Perfected Strike+1"],"picked":"Twin Strike+1","floor":24},{"not_picked":["Body Slam+1","Combust","Seeing Red+1"],"picked":"Iron Wave+1","floor":28},{"not_picked":["True Grit+1","Wild Strike+1","Searing Blow+1"],"picked":"Pommel Strike+1","floor":30},{"not_picked":["Rupture","Berserk","Searing Blow+1"],"picked":"Sever Soul+1","floor":31},{"not_picked":["Impervious+1","Reaper+1","Berserk"],"picked":"Limit Break+1","floor":33},{"not_picked":["Body Slam+1","Clothesline+1","Wild Strike+1"],"picked":"Twin Strike+1","floor":35},{"not_picked":["Clothesline+1","Wild Strike+1","Rupture+1"],"picked":"Rampage+1","floor":36}],"player_experience":87439,"relics_obtained":[{"floor":9,"key":"The Courier"},{"floor":14,"key":"Toxic Egg 2"},{"floor":26,"key":"Question Card"}],"event_choices":[{"damage_healed":0,"gold_gain":0,"player_choice":"Ignored","damage_taken":0,"max_hp_gain":0,"max_hp_loss":0,"event_name":"Liars Game","floor":5,"gold_loss":0},{"damage_healed":0,"gold_gain":0,"player_choice":"Success","damage_taken":7,"relics_obtained":["Art of War"],"max_hp_gain":0,"max_hp_loss":0,"event_name":"Scrap Ooze","floor":12,"gold_loss":0},{"damage_healed":0,"gold_gain":0,"player_choice":"Obtained Relic","damage_taken":0,"relics_obtained":["Molten Egg 2"],"max_hp_gain":0,"max_hp_loss":0,"event_name":"Addict","floor":19,"gold_loss":85}],"is_beta":false,"boss_relics":[{"not_picked":["Coffee Dripper","Runic Cube"],"picked":"Velvet Choker"},{"not_picked":["Mark of Pain","Fusion Hammer"],"picked":"Cursed Key"}],"items_purged_floors":[13],"is_endless":false,"potions_floor_spawned":[1,3,8,20,24,33],"killed_by":"Sphere and 2 Shapes","ascension_level":2}