{"gold_per_floor":[111,111,111,111,76,76,91,129,129,170,195,231,231,256,256,380,380,405,200,216,216,176,216,216,216,216,259,116,41,80,98,98,98],"floor_reached":33,"playtime":842,"items_purged":[],"score":461,"play_id":"b7a80ce6-6064-423b-803b-92b9e363b15b","local_time":"20180701200425","is_ascension_mode":true,"campfire_choices":[{"data":"Dualcast","floor":6.0,"key":"SMITH"},{"data":"Ball Lightning","floor":13.0,"key":"SMITH"},{"data":"Consume","floor":15.0,"key":"SMITH"},{"data":"Magnetism","floor":24.0,"key":"SMITH"},{"floor":32.0,"key":"REST"}],"neow_cost":"","seed_source_timestamp":265981783422447,"circlet_count":0,"master_deck":["Strike_B","Strike_B+1","Strike_B+1","Strike_B+1","Defend_B+1","Defend_B","Defend_B","Zap+1","Dualcast+1","Ball Lightning+1","Reprogram","Conserve Battery","Ball Lightning","Rebound","Capacitor","Consume+1","Reboot","Conserve Battery+1","Magnetism+1","Stack+1","Electrodynamics","Undo","Electrodynamics"],"special_seed":0,"relics":["Cracked Core","NeowsBlessing","Golden Idol","DataDisk","Gremlin Horn","Vajra","Mercury Hourglass","Nuclear Battery","Bag of Preparation","Whetstone","Shuriken","Art of War","Omamori","Peace Pipe"],"potions_floor_usage":[33],"damage_taken":[{"damage":0.0,"enemies":"Small Slimes","floor":1.0,"turns":1.0},{"damage":0.0,"enemies":"Jaw Worm","floor":7.0,"turns":1.0},{"damage":0.0,"enemies":"Lagavulin","floor":8.0,"turns":1.0},{"damage":3.0,"enemies":"3 Sentries","floor":10.0,"turns":4.0},{"damage":0.0,"enemies":"Cultist","floor":11.0,"turns":2.0},{"damage":13.0,"enemies":"Gremlin Nob","floor":12.0,"turns":3.0},{"damage":0.0,"enemies":"Looter","floor":14.0,"turns":1.0},{"damage":20.0,"enemies":"Hexaghost","floor":16.0,"turns":6.0},{"damage":0.0,"enemies":"Spheric Guardian","floor":18.0,"turns":2.0},{"damage":3.0,"enemies":"3 Byrds","floor":20.0,"turns":2.0},{"damage":10.0,"enemies":"Slavers","floor":23.0,"turns":4.0},{"damage":0.0,"enemies":"Gremlin Leader","floor":27.0,"turns":3.0},{"damage":29.0,"enemies":"Slavers","floor":30.0,"turns":3.0},{"damage":1.0,"enemies":"Centurion and Healer","floor":31.0,"turns":3.0},{"damage":35,"enemies":"Collector","floor":33,"turns":7}],"seed_played":"5909910223057965198","potions_obtained":[{"floor":8.0,"key":"Explosive Potion"},{"floor":11.0,"key":"PowerPotion"},{"floor":16.0,"key":"LiquidBronze"},{"floor":18.0,"key":"Weak Potion"},{"floor":22.0,"key":"AttackPotion"},{"floor":22.0,"key":"EssenceOfSteel"},{"floor":22.0,"key":"SkillPotion"},{"floor":31.0,"key":"Dexterity Potion"}],"is_trial":false,"path_per_floor":["M","?","?","?","?","R","M","E","T","E","M","E","R","M","R","B",null,"M","$","M","?","?","E","R","?","T","E","$","?","E","M","R"],"character_chosen":"DEFECT","items_purchased":["Magnetism","Omamori"],"campfire_rested":1,"item_purchase_floors":[],"current_hp_per_floor":[75,57,57,42,60,60,60,60,60,57,57,44,44,44,44,24,62,62,62,59,59,59,49,49,49,49,49,49,49,20,19,41,6],"gold":98,"neow_bonus":"","is_prod":false,"is_daily":false,"chose_seed":false,"campfire_upgraded":4,"win_rate":0,"timestamp":1530468265,"path_taken":["M","?","?","?","?","R","?","E","T","E","M","E","R","M","R","BOSS","M","$","M","?","?","E","R","?","T","E","?","?","E","M","R","BOSS"],"build_version":"2018-06-28","purchased_purges":0,"victory":false,"max_hp_per_floor":[75,75,75,75,75,75,75,75,75,75,75,75,75,75,75,75,75,75,75,75,75,75,75,75,75,75,75,75,75,75,75,75,75],"card_choices":[{"not_picked":["Steam","Cold Snap"],"picked":"Ball Lightning","floor":1.0},{"not_picked":["Turbo","Steam"],"picked":"Reprogram","floor":7.0},{"not_picked":["Fission","Reprogram"],"picked":"Conserve Battery","floor":8.0},{"not_picked":["Hologram","Compile Driver"],"picked":"Ball Lightning","floor":10.0},{"not_picked":["Stack","Hologram"],"picked":"Rebound","floor":11.0},{"not_picked":["Barrage","Turbo"],"picked":"Capacitor","floor":12.0},{"not_picked":["White Noise","Stack"],"picked":"Consume","floor":14.0},{"not_picked":["Meteor Strike","All For One"],"picked":"Reboot","floor":16.0},{"not_picked":["Go for the Eyes+1","Rebound"],"picked":"Conserve Battery+1","floor":18.0},{"not_picked":["Gash+1","Static Discharge"],"picked":"Stack+1","floor":20.0},{"not_picked":["Turbo+1","Beam Cell+1"],"picked":"Electrodynamics","floor":23.0},{"not_picked":["Streamline","Ball Lightning"],"picked":"Undo","floor":27.0},{"not_picked":["Lockon","Conserve Battery"],"picked":"Electrodynamics","floor":30.0},{"not_picked":["Streamline","Go for the Eyes","Capacitor+1"],"picked":"SKIP","floor":31.0}],"player_experience":807540,"relics_obtained":[{"floor":8.0,"key":"DataDisk"},{"floor":9.0,"key":"Gremlin Horn"},{"floor":10.0,"key":"Vajra"},{"floor":12.0,"key":"Mercury Hourglass"},{"floor":23.0,"key":"Whetstone"},{"floor":26.0,"key":"Shuriken"},{"floor":27.0,"key":"Art of War"},{"floor":30.0,"key":"Peace Pipe"}],"event_choices":[{"event_name":"Golden Idol","player_choice":"Take Damage","floor":2.0,"damage_taken":0.0},{"event_name":"Living Wall","player_choice":"Grow","floor":3.0,"damage_taken":0.0},{"event_name":"Shining Light","player_choice":"Entered Light","floor":4.0,"damage_taken":0.0},{"event_name":"The Cleric","player_choice":"Healed","floor":5.0,"damage_taken":0.0},{"event_name":"The Mausoleum","player_choice":"Yes","floor":21.0,"damage_taken":0.0},{"event_name":"The Woman in Blue","player_choice":"Bought 3 Potions","floor":22.0,"damage_taken":0.0},{"event_name":"Ghosts","player_choice":"Ignored","floor":25.0,"damage_taken":0.0},{"event_name":"Beggar","player_choice":"Gave Gold","floor":29.0,"damage_taken":0.0}],"boss_relics":[{"not_picked":["Cursed Key","Astrolabe"],"picked":"Nuclear Battery"}],"items_purged_floors":[],"is_endless":false,"potions_floor_spawned":[8,11,16,18,31],"killed_by":"Collector","ascension_level":5}