{"path_per_floor":["M","M","M","?","$","E","R","E","T","M","R","M","E","?","R","B",null,"M","M","$","?","M","R","E","M","T","M","$","R","?","M","R","B",null,"M","M","$","M","M"],"character_chosen":"IRONCLAD","items_purchased":["Flex","Red Skull","Energy Potion","Regen Potion","Pear"],"gold_per_floor":[113,129,139,139,38,71,71,103,103,123,123,139,167,342,342,444,444,455,473,49,49,61,61,393,408,431,446,446,446,446,459,459,557,557,576,586,247,258,271,271],"floor_reached":40,"campfire_rested":3,"playtime":1720,"current_hp_per_floor":[41,47,53,53,53,32,32,25,25,18,42,38,36,42,42,22,70,60,31,31,31,29,54,26,32,32,14,14,39,39,41,41,29,72,69,49,59,47,49,0],"items_purged":["Strike_R","Strike_R"],"gold":271,"score":619,"play_id":"0bb41c6b-b47a-4785-b5f0-6cccb4812e22","local_time":"20180520000851","is_prod":false,"is_daily":false,"chose_seed":false,"is_ascension_mode":true,"campfire_upgraded":3,"timestamp":1526767731,"campfire_choices":[{"data":"Flex","floor":7.0,"key":"SMITH"},{"floor":11.0,"key":"REST"},{"data":"Flex","floor":15.0,"key":"SMITH"},{"floor":23.0,"key":"REST"},{"floor":29,"key":"REST"},{"data":"Limit Break","floor":32,"key":"SMITH"}],"path_taken":["M","M","?","?","$","E","R","E","T","M","R","M","E","?","R","BOSS","M","M","$","?","M","R","E","M","T","M","$","R","?","M","R","BOSS","M","M","$","M","M","E"],"build_version":"2018-05-17","seed_source_timestamp":0,"purchased_purges":2,"victory":false,"master_deck":["Strike_R","Strike_R","Defend_R","Defend_R","Defend_R","Bash","Pommel Strike","Armaments","Rampage","Flex+1","Limit Break+1","Wild Strike","Flex+1","Reckless Charge","Doubt","Offering","Headbutt+1","Infernal Blade+1","Heavy Blade+1","Whirlwind+1","Flame Barrier+1"],"max_hp_per_floor":[80,80,80,80,80,80,80,80,80,80,80,80,80,86,86,86,86,86,86,86,86,86,86,86,86,86,86,86,86,86,86,86,86,86,86,86,96,96,96,96],"relics":["Burning Blood","Toolbox","Centennial Puzzle","Darkstone Periapt","Mercury Hourglass","Black Star","Red Skull","Champion Belt","Old Coin","Bronze Scales","Sozu","Pear"],"card_choices":[{"not_picked":["Warcry","Sword Boomerang"],"picked":"Pommel Strike","floor":1.0},{"not_picked":["True Grit","Evolve"],"picked":"Armaments","floor":2.0},{"not_picked":["Dual Wield","Heavy Blade"],"picked":"Entrench","floor":3.0},{"not_picked":["Clothesline","Power Through"],"picked":"Limit Break","floor":6.0},{"not_picked":["Twin Strike","Anger","Fire Breathing"],"picked":"SKIP","floor":8.0},{"not_picked":["Fire Breathing","Corruption"],"picked":"Wild Strike","floor":10.0},{"not_picked":["Pommel Strike","True Grit"],"picked":"Flex","floor":12.0},{"not_picked":["Body Slam","Sword Boomerang"],"picked":"Reckless Charge","floor":13.0},{"not_picked":["Reaper","Dark Embrace"],"picked":"Offering","floor":16.0},{"not_picked":["Clothesline","Body Slam+1"],"picked":"Headbutt+1","floor":18.0},{"not_picked":["Second Wind","Entrench","Searing Blow"],"picked":"SKIP","floor":19.0},{"not_picked":["Pommel Strike","Twin Strike","Evolve"],"picked":"SKIP","floor":22.0},{"not_picked":["Pommel Strike","Thunderclap"],"picked":"Infernal Blade+1","floor":24.0},{"not_picked":["Reckless Charge","Iron Wave","Shockwave+1"],"picked":"SKIP","floor":25.0},{"not_picked":["Sword Boomerang","Feel No Pain+1","Bloodletting"],"picked":"SKIP","floor":27.0},{"not_picked":["Sword Boomerang","Feel No Pain+1","Bloodletting"],"picked":"SKIP","floor":27.0},{"not_picked":["Headbutt","Warcry+1"],"picked":"Heavy Blade+1","floor":31},{"not_picked":["True Grit+1","Iron Wave"],"picked":"Whirlwind+1","floor":35},{"not_picked":["Perfected Strike","Anger+1","Bloodletting"],"picked":"SKIP","floor":36},{"not_picked":["Sever Soul+1","Anger"],"picked":"Flame Barrier+1","floor":38},{"not_picked":["Perfected Strike","Rupture+1","Thunderclap+1"],"picked":"SKIP","floor":39}],"player_experience":493879,"potions_floor_usage":[33,33],"damage_taken":[{"damage":5.0,"enemies":"Cultist","floor":1.0,"turns":4.0},{"damage":0.0,"enemies":"Small Slimes","floor":2.0,"turns":3.0},{"damage":0.0,"enemies":"Jaw Worm","floor":3.0,"turns":5.0},{"damage":27.0,"enemies":"Lagavulin","floor":6.0,"turns":5.0},{"damage":13.0,"enemies":"3 Sentries","floor":8.0,"turns":4.0},{"damage":13.0,"enemies":"Large Slime","floor":10.0,"turns":3.0},{"damage":10.0,"enemies":"Lots of Slimes","floor":12.0,"turns":5.0},{"damage":8.0,"enemies":"Gremlin Nob","floor":13.0,"turns":3.0},{"damage":26.0,"enemies":"Slime Boss","floor":16.0,"turns":6.0},{"damage":16.0,"enemies":"Chosen","floor":18.0,"turns":2.0},{"damage":35.0,"enemies":"3 Byrds","floor":19.0,"turns":4.0},{"damage":20.0,"enemies":"Centurion and Healer","floor":22.0,"turns":4.0},{"damage":34.0,"enemies":"Gremlin Leader","floor":24.0,"turns":4.0},{"damage":0.0,"enemies":"Snake Plant","floor":25.0,"turns":2.0},{"damage":24.0,"enemies":"Snecko","floor":27.0,"turns":4.0},{"damage":4,"enemies":"Snake Plant","floor":31,"turns":2},{"damage":18,"enemies":"Collector","floor":33,"turns":3},{"damage":9,"enemies":"3 Shapes","floor":35,"turns":2},{"damage":26,"enemies":"3 Darklings","floor":36,"turns":3},{"damage":18,"enemies":"4 Shapes","floor":38,"turns":2},{"damage":4,"enemies":"Sphere and 2 Shapes","floor":39,"turns":2},{"damage":60,"enemies":"Giant Head","floor":40,"turns":5}],"relics_obtained":[{"floor":6.0,"key":"Toolbox"},{"floor":8.0,"key":"Centennial Puzzle"},{"floor":9.0,"key":"Darkstone Periapt"},{"floor":13.0,"key":"Mercury Hourglass"},{"floor":24.0,"key":"Champion Belt"},{"floor":24.0,"key":"Old Coin"},{"floor":26.0,"key":"Bronze Scales"}],"event_choices":[{"event_name":"Transmorgrifier","player_choice":"Transform","floor":4.0,"damage_taken":0.0},{"event_name":"Liars Game","player_choice":"agreed","floor":14.0,"damage_taken":0.0},{"event_name":"Drug Dealer","player_choice":"Ignored","floor":21.0,"damage_taken":0.0},{"event_name":"Ghosts","player_choice":"Ignored","floor":30,"damage_taken":0}],"boss_relics":[{"not_picked":["Philosopher\u0027s Stone","Snecko Eye"],"picked":"Sozu"}],"potions_floor_spawned":[2,6,12,13,18,22,24,27,31],"seed_played":"-3826794247571616576","killed_by":"Giant Head","ascension_level":5,"potions_obtained":[{"floor":2.0,"key":"Poison Potion"},{"floor":6.0,"key":"PowerPotion"},{"floor":12.0,"key":"Energy Potion"},{"floor":13.0,"key":"PowerPotion"},{"floor":18.0,"key":"PowerPotion"},{"floor":22.0,"key":"Energy Potion"},{"floor":24.0,"key":"Ancient Potion"},{"floor":27.0,"key":"AttackPotion"},{"floor":31,"key":"Energy Potion"}],"is_trial":false}