{"gold_per_floor":[112,362,34,45,57,57,77,108,108,134,134,159,179,196,196,300,300,318,318,233,233],"floor_reached":21,"playtime":619,"items_purged":["Regret"],"score":280,"play_id":"70430b10-eb98-44ef-9479-b7a994a972ef","local_time":"20180703041315","is_ascension_mode":true,"campfire_choices":[{"data":"Zap","floor":6,"key":"SMITH"},{"floor":11,"key":"REST"},{"data":"Redo","floor":15,"key":"SMITH"}],"neow_cost":"","seed_source_timestamp":382074784095719,"circlet_count":0,"master_deck":["Strike_B","Strike_B","Strike_B","Strike_B","Defend_B","Defend_B","Defend_B","Defend_B","Zap+1","Dualcast","Auto Shields","Leap","Beam Cell+1","Melter+1","Go for the Eyes+1","Seek","Ball Lightning+1","White Noise","Redo+1","Fission"],"relics":["Cracked Core","Molten Egg 2","Vajra","Happy Flower","Smiling Mask","Juzu Bracelet","Snecko Eye","DataDisk"],"potions_floor_usage":[8,8,12,12,16],"damage_taken":[{"damage":9,"enemies":"2 Louse","floor":1,"turns":3},{"damage":0,"enemies":"Cultist","floor":4,"turns":3},{"damage":2,"enemies":"Jaw Worm","floor":5,"turns":4},{"damage":0,"enemies":"2 Fungi Beasts","floor":7,"turns":3},{"damage":27,"enemies":"Gremlin Nob","floor":8,"turns":4},{"damage":21,"enemies":"Lagavulin","floor":10,"turns":6},{"damage":0,"enemies":"Gremlin Nob","floor":12,"turns":2},{"damage":0,"enemies":"Looter","floor":13,"turns":3},{"damage":0,"enemies":"3 Louse","floor":14,"turns":3},{"damage":12,"enemies":"Hexaghost","floor":16,"turns":6},{"damage":18,"enemies":"Chosen","floor":18,"turns":5},{"damage":12,"enemies":"3 Byrds","floor":21,"turns":4}],"seed_played":"-6700594335781492994","potions_obtained":[{"floor":1,"key":"PowerPotion"},{"floor":5,"key":"Dexterity Potion"},{"floor":8,"key":"Explosive Potion"},{"floor":10,"key":"SteroidPotion"},{"floor":14,"key":"Block Potion"},{"floor":18,"key":"FearPotion"}],"is_trial":false,"path_per_floor":["M","?","$","M","M","R","M","E","T","E","R","E","M","M","R","B",null,"M","?","?"],"character_chosen":"DEFECT","items_purchased":["Molten Egg 2"],"campfire_rested":1,"item_purchase_floors":[3],"current_hp_per_floor":[66,66,66,66,64,64,64,37,37,16,38,38,38,38,38,26,63,45,45,45,33],"gold":233,"neow_bonus":"","is_prod":false,"is_daily":false,"chose_seed":false,"campfire_upgraded":2,"win_rate":0,"timestamp":1530583995,"path_taken":["M","?","$","M","M","R","M","E","T","E","R","E","M","M","R","BOSS","M","?","?","M"],"build_version":"2018-06-28","purchased_purges":1,"victory":false,"max_hp_per_floor":[75,75,75,75,75,75,75,75,75,75,75,75,75,75,75,75,75,75,75,75,75],"card_choices":[{"not_picked":["White Noise","Sweeping Beam"],"picked":"Auto Shields","floor":1},{"not_picked":["Redo","Compile Driver+1"],"picked":"Leap","floor":4},{"not_picked":["Leap","Aggregate"],"picked":"Beam Cell+1","floor":5},{"not_picked":["Cold Snap+1","Compile Driver+1"],"picked":"Melter+1","floor":7},{"not_picked":["Leap","Stack"],"picked":"Go for the Eyes+1","floor":8},{"not_picked":["Stack","Force Field"],"picked":"Seek","floor":10},{"not_picked":["Rip and Tear+1","Stack"],"picked":"Ball Lightning+1","floor":12},{"not_picked":["Chill","Scrape+1"],"picked":"White Noise","floor":13},{"not_picked":["Turbo","Coolheaded"],"picked":"Redo","floor":14},{"not_picked":["Biased Cognition","Buffer"],"picked":"Fission","floor":16},{"not_picked":["Beam Cell+1","Stack","Recycle"],"picked":"SKIP","floor":18}],"player_experience":811489,"relics_obtained":[{"floor":8,"key":"Vajra"},{"floor":9,"key":"Happy Flower"},{"floor":10,"key":"Smiling Mask"},{"floor":12,"key":"Juzu Bracelet"}],"event_choices":[{"event_name":"Golden Shrine","player_choice":"Desecrate","floor":2,"damage_taken":0},{"event_name":"Vampires","player_choice":"Ignored","floor":19,"damage_taken":0},{"event_name":"Addict","player_choice":"Obtained Relic","floor":20,"damage_taken":0}],"boss_relics":[{"not_picked":["Astrolabe","Velvet Choker"],"picked":"Snecko Eye"}],"items_purged_floors":[3],"is_endless":false,"potions_floor_spawned":[1,5,8,10,14,18],"killed_by":"3 Byrds","ascension_level":5}