{"gold_per_floor":[112,85,85,85,260,285,296,296],"floor_reached":8,"playtime":91,"items_purged":[],"score":126,"play_id":"b861fabf-5467-41bb-897a-0e5b4c2c00ab","local_time":"20190117133945","is_ascension_mode":true,"campfire_choices":[],"neow_cost":"NONE","seed_source_timestamp":646496453457671,"circlet_count":0,"master_deck":["AscendersBane","Defend_G","Defend_G+1","Defend_G","Defend_G","Defend_G+1","Strike_G","Strike_G","Strike_G","Strike_G","Strike_G","Survivor","Neutralize","Quick Slash","Blade Dance","Doubt","Setup","A Thousand Cuts"],"relics":["Ring of the Snake","NeowsBlessing","Orichalcum"],"potions_floor_usage":[8],"damage_taken":[{"damage":0,"enemies":"Small Slimes","floor":1,"turns":1},{"damage":0,"enemies":"Lagavulin","floor":6,"turns":1},{"damage":0,"enemies":"2 Louse","floor":7,"turns":1},{"damage":20,"enemies":"Gremlin Nob","floor":8,"turns":4}],"seed_played":"-749920702271687895","potions_obtained":[{"floor":7,"key":"Dexterity Potion"}],"is_trial":false,"path_per_floor":["M","$","?","?","?","E","M","E"],"character_chosen":"THE_SILENT","items_purchased":["Blade Dance"],"campfire_rested":0,"item_purchase_floors":[2],"current_hp_per_floor":[63,63,63,49,49,49,49,29],"gold":296,"neow_bonus":"THREE_ENEMY_KILL","is_prod":false,"is_daily":false,"chose_seed":false,"campfire_upgraded":0,"win_rate":0,"timestamp":1547728785,"path_taken":["M","$","?","?","?","E","M","E"],"build_version":"2019-01-10","purchased_purges":0,"victory":false,"max_hp_per_floor":[70,70,70,70,70,70,70,70],"card_choices":[{"not_picked":["Sucker Punch","Backflip"],"picked":"Quick Slash","floor":1},{"not_picked":["Acrobatics","Deadly Poison"],"picked":"Setup","floor":6},{"not_picked":["Dagger Throw","Flying Knee"],"picked":"A Thousand Cuts","floor":7}],"player_experience":1971333,"relics_obtained":[{"floor":6,"key":"Orichalcum"}],"event_choices":[{"damage_healed":0,"gold_gain":0,"player_choice":"Ignored","damage_taken":0,"max_hp_gain":0,"max_hp_loss":0,"event_name":"Golden Wing","floor":3,"gold_loss":0},{"damage_healed":0,"gold_gain":0,"player_choice":"Entered Light","damage_taken":14,"max_hp_gain":0,"max_hp_loss":0,"event_name":"Shining Light","floor":4,"gold_loss":0,"cards_upgraded":["Defend_G","Defend_G"]},{"damage_healed":0,"gold_gain":175,"player_choice":"AGREE","damage_taken":0,"max_hp_gain":0,"max_hp_loss":0,"event_name":"Liars Game","floor":5,"gold_loss":0,"cards_obtained":["Doubt"]}],"is_beta":false,"boss_relics":[],"items_purged_floors":[],"is_endless":false,"potions_floor_spawned":[7],"killed_by":"Gremlin Nob","ascension_level":12}