{"gold_per_floor":[112,127,142,17,17,45,120,140,140,175,175,208,208,130,130,225,225,197,25,41,58,58,58],"floor_reached":23,"playtime":736,"items_purged":["Pain","Pain"],"score":339,"play_id":"7b6d6275-5231-4192-9e2a-f39481c0e1e0","local_time":"20181014164312","is_ascension_mode":true,"campfire_choices":[{"data":"Seeing Red","floor":11.0,"key":"SMITH"},{"data":"Flame Barrier","floor":13.0,"key":"SMITH"},{"data":"Swift Strike","floor":15.0,"key":"SMITH"}],"neow_cost":"CURSE","seed_source_timestamp":0,"circlet_count":0,"master_deck":["Strike_R","Strike_R","Strike_R","Strike_R","Strike_R","Defend_R+1","Defend_R","Defend_R","Defend_R","Bash","AscendersBane","Iron Wave","Perfected Strike","Armaments+1","Flame Barrier+1","Cleave","Seeing Red+1","Intimidate","Swift Strike+1","Offering","Parasite","Injury","Infernal Blade+1","Dual Wield+1","Battle Trance","Headbutt+1","Pummel"],"special_seed":0,"relics":["Burning Blood","Ice Cream","Darkstone Periapt","The Courier","Meat on the Bone","Blood Vial","Calling Bell","Smiling Mask","Shuriken","Prayer Wheel","War Paint"],"potions_floor_usage":[],"damage_taken":[{"damage":3.0,"enemies":"Small Slimes","floor":1.0,"turns":3.0},{"damage":5.0,"enemies":"2 Louse","floor":2.0,"turns":3.0},{"damage":7.0,"enemies":"Jaw Worm","floor":3.0,"turns":3.0},{"damage":1.0,"enemies":"Lagavulin","floor":6.0,"turns":4.0},{"damage":13.0,"enemies":"3 Louse","floor":8.0,"turns":4.0},{"damage":8.0,"enemies":"Gremlin Nob","floor":10.0,"turns":3.0},{"damage":8.0,"enemies":"Lagavulin","floor":12.0,"turns":5.0},{"damage":35.0,"enemies":"Slime Boss","floor":16.0,"turns":10.0},{"damage":37.0,"enemies":"2 Thieves","floor":18.0,"turns":5.0},{"damage":17.0,"enemies":"3 Byrds","floor":20.0,"turns":6.0},{"damage":52.0,"enemies":"Snake Plant","floor":21.0,"turns":6.0},{"damage":0,"enemies":"Gremlin Leader","floor":23,"turns":1}],"seed_played":"-8977881232499640879","potions_obtained":[{"floor":3.0,"key":"SteroidPotion"},{"floor":6.0,"key":"AttackPotion"},{"floor":12.0,"key":"PowerPotion"},{"floor":21.0,"key":"Dexterity Potion"}],"is_trial":false,"path_per_floor":["M","M","M","$","?","E","?","M","T","E","R","E","R","$","R","B",null,"M","$","M","M","?"],"character_chosen":"IRONCLAD","items_purchased":["Block Potion","Swift Strike","War Paint"],"campfire_rested":0,"item_purchase_floors":[4,14,19],"current_hp_per_floor":[75,76,75,75,75,80,69,62,62,60,60,58,58,58,58,43,89,60,60,63,31,63,65],"gold":58,"neow_bonus":"ONE_RARE_RELIC","is_prod":false,"is_daily":false,"chose_seed":false,"campfire_upgraded":3,"win_rate":0,"timestamp":1539528192,"path_taken":["M","M","M","$","?","E","?","M","T","E","R","E","R","?","R","BOSS","M","$","M","M","?","E"],"build_version":"2018-10-11","purchased_purges":2,"victory":false,"max_hp_per_floor":[80,80,80,80,80,80,80,80,80,80,80,80,80,80,80,80,98,98,98,98,98,98,98],"card_choices":[{"not_picked":["Power Through","Body Slam"],"picked":"Iron Wave","floor":1.0},{"not_picked":["Searing Blow","Sword Boomerang"],"picked":"Perfected Strike","floor":2.0},{"not_picked":["Clash","Thunderclap"],"picked":"Armaments","floor":3.0},{"not_picked":["Headbutt","Armaments"],"picked":"Flame Barrier","floor":6.0},{"not_picked":["Limit Break","Perfected Strike"],"picked":"Cleave","floor":8.0},{"not_picked":["Havoc","Perfected Strike"],"picked":"Seeing Red","floor":10.0},{"not_picked":["Anger","Body Slam"],"picked":"Intimidate","floor":12.0},{"not_picked":["Exhume","Fiend Fire"],"picked":"Offering","floor":16.0},{"not_picked":["Body Slam","Iron Wave"],"picked":"Infernal Blade","floor":18.0},{"not_picked":["Clash","Wild Strike","True Grit"],"picked":"SKIP","floor":18.0},{"not_picked":["Battle Trance","Metallicize"],"picked":"Dual Wield+1","floor":20.0},{"not_picked":["Dual Wield","Wild Strike"],"picked":"Battle Trance","floor":20.0},{"not_picked":["Thunderclap","Burning Pact"],"picked":"Headbutt+1","floor":21.0},{"not_picked":["Perfected Strike","Whirlwind"],"picked":"Pummel","floor":21.0}],"player_experience":1092021,"relics_obtained":[{"floor":6.0,"key":"Darkstone Periapt"},{"floor":9.0,"key":"The Courier"},{"floor":10.0,"key":"Meat on the Bone"},{"floor":12.0,"key":"Blood Vial"},{"floor":17.0,"key":"Smiling Mask"},{"floor":17.0,"key":"Shuriken"},{"floor":17.0,"key":"Prayer Wheel"}],"event_choices":[{"event_name":"Living Wall","player_choice":"Grow","floor":5.0,"damage_taken":0.0},{"event_name":"World of Goop","player_choice":"Gather Gold","floor":7.0,"damage_taken":0.0},{"event_name":"The Library","player_choice":"Heal","floor":22.0,"damage_taken":0.0}],"is_beta":false,"boss_relics":[{"not_picked":["Empty Cage","Mark of Pain"],"picked":"Calling Bell"}],"items_purged_floors":[4,19],"is_endless":false,"potions_floor_spawned":[3,6,12,21],"killed_by":"Gremlin Leader","ascension_level":10}