{"gold_per_floor":[113,133,1,12,32,32,49,62,87,107,137,137,155,180,180,180],"floor_reached":16,"playtime":507,"items_purged":[],"score":212,"play_id":"13449149-c021-45df-b70a-dec69a5884bf","local_time":"20181103115945","is_ascension_mode":true,"campfire_choices":[{"data":"Bludgeon","floor":6.0,"key":"SMITH"},{"data":"Shockwave","floor":12.0,"key":"SMITH"},{"data":"Armaments","floor":15,"key":"SMITH"}],"neow_cost":"PERCENT_DAMAGE","seed_source_timestamp":148695802596883,"circlet_count":0,"master_deck":["AscendersBane","Strike_R","Strike_R","Strike_R","Strike_R","Strike_R","Defend_R","Defend_R","Defend_R","Defend_R","Bash","Bludgeon+1","Pommel Strike","Shockwave+1","Feed","Combust","Shrug It Off","Whirlwind","Armaments+1","Flame Barrier"],"special_seed":0,"relics":["Burning Blood","Lantern","Letter Opener","Anchor"],"potions_floor_usage":[13],"damage_taken":[{"damage":0.0,"enemies":"Cultist","floor":1.0,"turns":2.0},{"damage":7.0,"enemies":"2 Louse","floor":2.0,"turns":3.0},{"damage":9.0,"enemies":"Small Slimes","floor":4.0,"turns":4.0},{"damage":6.0,"enemies":"Exordium Wildlife","floor":5.0,"turns":3.0},{"damage":3.0,"enemies":"Blue Slaver","floor":7.0,"turns":2.0},{"damage":15.0,"enemies":"Gremlin Gang","floor":8.0,"turns":4.0},{"damage":1.0,"enemies":"Looter","floor":10.0,"turns":4.0},{"damage":18.0,"enemies":"3 Sentries","floor":11.0,"turns":5.0},{"damage":0,"enemies":"Blue Slaver","floor":13,"turns":1},{"damage":57,"enemies":"Hexaghost","floor":16,"turns":9}],"seed_played":"3481488869514139414","potions_obtained":[{"floor":2.0,"key":"FearPotion"}],"is_trial":false,"path_per_floor":["M","M","$","M","M","R","M","M","T","M","E","R","M","T","R","B"],"character_chosen":"IRONCLAD","items_purchased":["Feed","Fire Potion"],"campfire_rested":0,"item_purchase_floors":[3,3],"current_hp_per_floor":[56,55,55,55,58,58,61,55,55,60,51,51,60,60,60,3],"gold":180,"neow_bonus":"THREE_RARE_CARDS","is_prod":false,"is_daily":false,"chose_seed":false,"campfire_upgraded":3,"win_rate":0,"timestamp":1541260785,"path_taken":["M","M","$","M","M","R","?","M","T","M","E","R","M","?","R","BOSS"],"build_version":"2018-11-02","purchased_purges":0,"victory":false,"max_hp_per_floor":[75,75,75,78,81,81,81,84,84,84,87,87,90,90,90,90],"card_choices":[{"not_picked":["Dark Embrace","Offering"],"picked":"Bludgeon","floor":0.0},{"not_picked":["Sword Boomerang","Entrench"],"picked":"Pommel Strike","floor":1.0},{"not_picked":["Thunderclap","Intimidate"],"picked":"Shockwave","floor":2.0},{"not_picked":["True Grit","Headbutt"],"picked":"Combust","floor":4.0},{"not_picked":["Rampage","Fire Breathing"],"picked":"Shrug It Off","floor":5.0},{"not_picked":["Flex","Infernal Blade"],"picked":"Whirlwind","floor":7.0},{"not_picked":["Combust","Cleave"],"picked":"Armaments","floor":8.0},{"not_picked":["Pommel Strike","Thunderclap","Wild Strike"],"picked":"SKIP","floor":10.0},{"not_picked":["Warcry","Sever Soul","Perfected Strike"],"picked":"SKIP","floor":11.0},{"not_picked":["Berserk","Perfected Strike"],"picked":"Flame Barrier","floor":13}],"player_experience":1139167,"relics_obtained":[{"floor":9.0,"key":"Lantern"},{"floor":11.0,"key":"Letter Opener"},{"floor":14,"key":"Anchor"}],"event_choices":[],"is_beta":true,"boss_relics":[],"items_purged_floors":[],"is_endless":false,"potions_floor_spawned":[2,7,8,10],"killed_by":"Hexaghost","ascension_level":20}