{"gold_per_floor":[360,360,375,145,145,145,157,157,231,259,284,315,74,88,88,193,193,203,215,314,334,93,123,123,123,123,123,123,123,152,164,176,289,351,378,390,205,205,222,222,222,242,318,318,318,344,359,58,58,58],"floor_reached":51,"playtime":3192,"items_purged":["Normality","Defend_R","Strike_R"],"score":891,"play_id":"b4145eac-ddf9-4fce-a179-35282d90739b","local_time":"20190111213920","is_ascension_mode":true,"campfire_choices":[{"data":"Strike_R","floor":6,"key":"SMITH"},{"data":"Juggernaut","floor":15,"key":"SMITH"},{"data":"Shrug It Off","floor":25,"key":"SMITH"},{"data":"Shrug It Off","floor":28,"key":"SMITH"},{"data":"Shockwave","floor":32,"key":"SMITH"},{"data":"Madness","floor":40,"key":"SMITH"},{"data":"Iron Wave","floor":45,"key":"SMITH"},{"floor":49,"key":"REST"}],"neow_cost":"CURSE","seed_source_timestamp":11925973050284619,"circlet_count":0,"master_deck":["Strike_R","Strike_R+1","Strike_R+1","Defend_R","Defend_R+1","Defend_R","Bash","Shrug It Off+1","Headbutt","Shockwave+1","Intimidate+1","Shrug It Off+1","Juggernaut+1","Iron Wave+1","Impervious","Ghostly Armor","Iron Wave+1","Shrug It Off+1","Iron Wave+1","Body Slam+1","Madness+1","Madness+1","Feel No Pain","Deep Breath","Iron Wave+1","Juggernaut+1"],"relics":["Burning Blood","Vajra","Gremlin Horn","Thread and Needle","Odd Mushroom","Ancient Tea Set","Black Star","Bottled Tornado","Omamori","Lantern","Blood Vial","MutagenicStrength","Molten Egg 2","MawBank","Potion Belt","Darkstone Periapt","Tiny House","Frozen Egg 2","War Paint","Juzu Bracelet","Calipers"],"potions_floor_usage":[10,33,50,50,50,50,50,50,50,50],"damage_taken":[{"damage":1,"enemies":"Cultist","floor":1,"turns":3},{"damage":7,"enemies":"Small Slimes","floor":3,"turns":4},{"damage":0,"enemies":"2 Louse","floor":7,"turns":3},{"damage":26,"enemies":"Lagavulin","floor":10,"turns":8},{"damage":5,"enemies":"The Mushroom Lair","floor":11,"turns":7},{"damage":0,"enemies":"Gremlin Nob","floor":12,"turns":4},{"damage":4,"enemies":"2 Fungi Beasts","floor":14,"turns":3},{"damage":9,"enemies":"Hexaghost","floor":16,"turns":9},{"damage":0,"enemies":"Chosen","floor":18,"turns":4},{"damage":0,"enemies":"3 Byrds","floor":19,"turns":4},{"damage":10,"enemies":"Snake Plant","floor":21,"turns":5},{"damage":27,"enemies":"Slavers","floor":23,"turns":7},{"damage":6,"enemies":"Book of Stabbing","floor":30,"turns":6},{"damage":22,"enemies":"Automaton","floor":33,"turns":12},{"damage":0,"enemies":"Orb Walker","floor":35,"turns":3},{"damage":2,"enemies":"3 Shapes","floor":39,"turns":3},{"damage":0,"enemies":"Writhing Mass","floor":42,"turns":5},{"damage":4,"enemies":"Nemesis","floor":46,"turns":5},{"damage":42,"enemies":"3 Darklings","floor":47,"turns":5},{"damage":0,"enemies":"Time Eater","floor":50,"turns":12}],"seed_played":"2965724742995979668","potions_obtained":[{"floor":1,"key":"Regen Potion"},{"floor":7,"key":"SpeedPotion"},{"floor":10,"key":"Ancient Potion"},{"floor":11,"key":"FearPotion"},{"floor":18,"key":"Block Potion"},{"floor":21,"key":"Weak Potion"},{"floor":30,"key":"Explosive Potion"},{"floor":34,"key":"EntropicBrew"},{"floor":41,"key":"Dexterity Potion"},{"floor":46,"key":"Strength Potion"}],"is_trial":false,"path_per_floor":["M","?","M","$","?","R","M","?","T","E","?","E","$","M","R","B",null,"M","M","?","M","$","E","?","R","T","?","R","?","E","T","R","B",null,"M","?","$","?","M","R","?","M","T","?","R","E","M","$","R","B",null],"character_chosen":"IRONCLAD","items_purchased":["Vajra","Juggernaut","Bottled Tornado","Feel No Pain","Calipers"],"campfire_rested":1,"item_purchase_floors":[4,13,22,37,48],"current_hp_per_floor":[80,73,72,72,56,56,62,67,67,61,62,68,68,70,70,67,85,85,85,85,81,81,60,60,60,60,60,60,60,62,62,62,48,90,90,79,79,79,85,85,85,90,90,90,90,90,54,54,81,89],"gold":58,"neow_bonus":"TWO_FIFTY_GOLD","is_prod":false,"is_daily":false,"chose_seed":false,"campfire_upgraded":7,"win_rate":0,"timestamp":1547239160,"path_taken":["M","?","M","$","?","R","M","?","T","E","?","E","$","M","R","BOSS","M","M","?","M","$","E","?","R","T","?","R","?","E","?","R","BOSS","M","?","$","?","M","R","?","?","T","?","R","E","M","$","R","BOSS"],"build_version":"2019-01-10","purchased_purges":3,"victory":true,"max_hp_per_floor":[80,80,80,80,80,80,80,85,85,85,85,85,85,85,85,85,85,85,85,85,85,85,85,85,85,85,85,85,85,85,85,85,85,90,90,90,90,90,90,90,90,90,90,90,90,90,90,90,90,90],"card_choices":[{"not_picked":["Pommel Strike","Havoc","Warcry"],"picked":"SKIP","floor":1},{"not_picked":["Cleave","Warcry"],"picked":"Shrug It Off","floor":3},{"not_picked":["Thunderclap","Armaments"],"picked":"Headbutt","floor":7},{"not_picked":["Wild Strike","Warcry"],"picked":"Shockwave","floor":10},{"not_picked":["Twin Strike","Havoc"],"picked":"Intimidate","floor":11},{"not_picked":["Inflame","True Grit"],"picked":"Shrug It Off","floor":12},{"not_picked":["Fiend Fire","Infernal Blade"],"picked":"Iron Wave","floor":14},{"not_picked":["Dark Embrace","Exhume"],"picked":"Impervious","floor":16},{"not_picked":["Havoc","Dual Wield+1"],"picked":"Ghostly Armor","floor":18},{"not_picked":["Havoc+1","Searing Blow+1","Headbutt+1"],"picked":"SKIP","floor":19},{"not_picked":["Heavy Blade+1","Combust"],"picked":"Iron Wave+1","floor":21},{"not_picked":["Warcry","Thunderclap+1"],"picked":"Shrug It Off","floor":23},{"not_picked":["Feed+1","Entrench"],"picked":"Iron Wave+1","floor":30},{"not_picked":["Shrug It Off","Sword Boomerang+1"],"picked":"Body Slam+1","floor":34},{"not_picked":["Sword Boomerang+1","Perfected Strike+1","Wild Strike+1"],"picked":"SKIP","floor":35},{"not_picked":["Dramatic Entrance+1","Panacea"],"picked":"Deep Breath","floor":38},{"not_picked":["Flex","Clothesline+1","Entrench"],"picked":"SKIP","floor":39},{"not_picked":["Sword Boomerang+1","Armaments"],"picked":"Iron Wave+1","floor":42},{"not_picked":["Headbutt+1","Uppercut+1"],"picked":"Juggernaut+1","floor":46},{"not_picked":["Twin Strike+1","Armaments+1","Bloodletting"],"picked":"SKIP","floor":47}],"player_experience":196807,"relics_obtained":[{"floor":9,"key":"Gremlin Horn"},{"floor":10,"key":"Thread and Needle"},{"floor":11,"key":"Odd Mushroom"},{"floor":12,"key":"Ancient Tea Set"},{"floor":23,"key":"Omamori"},{"floor":23,"key":"Lantern"},{"floor":26,"key":"Blood Vial"},{"floor":30,"key":"MawBank"},{"floor":30,"key":"Potion Belt"},{"floor":31,"key":"Darkstone Periapt"},{"floor":43,"key":"Frozen Egg 2"},{"floor":46,"key":"War Paint"},{"floor":46,"key":"Juzu Bracelet"}],"event_choices":[{"cards_removed":["Strike_R"],"damage_healed":0,"gold_gain":0,"player_choice":"Card Removal","damage_taken":7,"max_hp_gain":0,"max_hp_loss":0,"event_name":"Golden Wing","floor":2,"gold_loss":0},{"damage_healed":0,"gold_gain":0,"player_choice":"Entered Light","damage_taken":16,"max_hp_gain":0,"max_hp_loss":0,"event_name":"Shining Light","floor":5,"gold_loss":0,"cards_upgraded":["Shrug It Off","Defend_R"]},{"damage_healed":0,"gold_gain":0,"player_choice":"Donut","damage_taken":0,"max_hp_gain":5,"max_hp_loss":0,"event_name":"Big Fish","floor":8,"gold_loss":0},{"damage_healed":0,"gold_gain":0,"player_choice":"Fought Mushrooms","damage_taken":0,"max_hp_gain":0,"max_hp_loss":0,"event_name":"Mushrooms","floor":11,"gold_loss":0},{"damage_healed":0,"gold_gain":99,"player_choice":"Stole From Cult","damage_taken":0,"max_hp_gain":0,"max_hp_loss":0,"event_name":"Nest","floor":20,"gold_loss":0},{"damage_healed":0,"gold_gain":0,"player_choice":"Ignored","damage_taken":0,"max_hp_gain":0,"max_hp_loss":0,"event_name":"Cursed Tome","floor":24,"gold_loss":0},{"damage_healed":0,"gold_gain":0,"player_choice":"Inject Mutagens","damage_taken":0,"relics_obtained":["MutagenicStrength"],"max_hp_gain":0,"max_hp_loss":0,"event_name":"Drug Dealer","floor":27,"gold_loss":0},{"damage_healed":0,"gold_gain":0,"player_choice":"Opened","damage_taken":0,"relics_obtained":["Molten Egg 2"],"max_hp_gain":0,"max_hp_loss":0,"event_name":"The Mausoleum","floor":29,"gold_loss":0},{"damage_healed":0,"gold_gain":0,"player_choice":"Embrace Madness","damage_taken":11,"max_hp_gain":0,"max_hp_loss":0,"event_name":"Winding Halls","floor":36,"gold_loss":0,"cards_obtained":["Madness","Madness"]},{"damage_healed":0,"gold_gain":0,"player_choice":"Memory 1","damage_taken":0,"max_hp_gain":0,"max_hp_loss":0,"event_name":"SensoryStone","floor":38,"gold_loss":0},{"damage_healed":0,"gold_gain":0,"player_choice":"Got Potions","damage_taken":0,"max_hp_gain":0,"max_hp_loss":0,"event_name":"Lab","floor":41,"gold_loss":0},{"damage_healed":0,"gold_gain":0,"player_choice":"Ignored","damage_taken":0,"max_hp_gain":0,"max_hp_loss":0,"event_name":"Tomb of Lord Red Mask","floor":44,"gold_loss":0}],"is_beta":false,"boss_relics":[{"not_picked":["Lizard Tail","Black Blood"],"picked":"Black Star"},{"not_picked":["Runic Pyramid","Calling Bell"],"picked":"Tiny House"}],"items_purged_floors":[4,13,37],"is_endless":false,"potions_floor_spawned":[1,7,10,11,18,21,23,30,42,46],"ascension_level":2}