{"gold_per_floor":[113,124,124,74,86,120,120,147,171,171,196,196,227,238,238,334,334,351,365,338,538,554,554],"floor_reached":23,"playtime":794,"items_purged":[],"score":321,"play_id":"20cce705-0935-4efb-ae89-f89b50c18582","local_time":"20180727174809","is_ascension_mode":true,"campfire_choices":[{"data":"Bash","floor":7,"key":"SMITH"},{"floor":10,"key":"REST"},{"floor":15,"key":"REST"}],"neow_cost":"NONE","seed_source_timestamp":952218883902740,"circlet_count":0,"master_deck":["Strike_R","Strike_R","Strike_R","Defend_R+1","Defend_R","Defend_R+1","Defend_R","Bash+1","Cleave","Pommel Strike","Sentinel","Dropkick","Sentinel","Headbutt","Fire Breathing","Pommel Strike","Inflame","Barricade","Sword Boomerang+1","Power Through","Flex","Ghostly Armor"],"relics":["Mark of Pain","Art of War","Happy Flower","War Paint","Mango","Pear","Oddly Smooth Stone","Black Star"],"potions_floor_usage":[8,11,18,19,23],"damage_taken":[{"damage":3,"enemies":"2 Louse","floor":1,"turns":4},{"damage":7,"enemies":"Small Slimes","floor":2,"turns":3},{"damage":1,"enemies":"Cultist","floor":5,"turns":3},{"damage":21,"enemies":"Gremlin Nob","floor":6,"turns":4},{"damage":23,"enemies":"Lagavulin","floor":8,"turns":7},{"damage":1,"enemies":"3 Sentries","floor":11,"turns":6},{"damage":29,"enemies":"Gremlin Nob","floor":13,"turns":4},{"damage":3,"enemies":"Exordium Wildlife","floor":14,"turns":3},{"damage":28,"enemies":"Hexaghost","floor":16,"turns":9},{"damage":28,"enemies":"3 Byrds","floor":18,"turns":6},{"damage":34,"enemies":"2 Thieves","floor":19,"turns":5},{"damage":30,"enemies":"Snake Plant","floor":22,"turns":4},{"damage":0,"enemies":"Book of Stabbing","floor":23,"turns":2}],"seed_played":"1057760742010259253","potions_obtained":[{"floor":5,"key":"Explosive Potion"},{"floor":6,"key":"Energy Potion"},{"floor":8,"key":"Fire Potion"},{"floor":18,"key":"Regen Potion"},{"floor":22,"key":"GamblersBrew"}],"is_trial":false,"path_per_floor":["M","M","?","?","M","E","R","E","T","R","E","T","E","M","R","B",null,"M","M","$","?","M"],"character_chosen":"IRONCLAD","items_purchased":["Flex"],"campfire_rested":2,"item_purchase_floors":[20],"current_hp_per_floor":[69,62,62,62,61,40,40,17,17,41,54,64,35,32,63,35,87,59,39,39,39,9,9],"gold":554,"neow_bonus":"BOSS_RELIC","is_prod":false,"is_daily":false,"chose_seed":false,"campfire_upgraded":1,"win_rate":0,"timestamp":1532706489,"path_taken":["M","M","?","?","?","E","R","E","T","R","E","?","E","M","R","BOSS","M","?","$","?","M","E"],"build_version":"2018-07-26","purchased_purges":0,"victory":false,"max_hp_per_floor":[80,80,80,80,80,80,80,80,80,80,94,104,104,104,104,104,104,104,104,104,104,104,104],"card_choices":[{"not_picked":["Perfected Strike","Pummel"],"picked":"Cleave","floor":1},{"not_picked":["Twin Strike","Anger"],"picked":"Pommel Strike","floor":2},{"not_picked":["Searing Blow","Entrench"],"picked":"Dropkick","floor":5},{"not_picked":["Headbutt","Bloodletting"],"picked":"Sentinel","floor":6},{"not_picked":["Limit Break","Heavy Blade"],"picked":"Headbutt","floor":8},{"not_picked":["Armaments","Seeing Red"],"picked":"Fire Breathing","floor":11},{"not_picked":["Seeing Red","Sentinel"],"picked":"Pommel Strike","floor":13},{"not_picked":["Carnage","Iron Wave"],"picked":"Inflame","floor":14},{"not_picked":["Brutality","Immolate"],"picked":"Barricade","floor":16},{"not_picked":["Clothesline","Perfected Strike"],"picked":"Sword Boomerang+1","floor":18},{"not_picked":["Armaments","Cleave"],"picked":"Power Through","floor":19},{"not_picked":["Wild Strike","Second Wind"],"picked":"Ghostly Armor","floor":22}],"player_experience":851641,"relics_obtained":[{"floor":6,"key":"Art of War"},{"floor":8,"key":"Happy Flower"},{"floor":9,"key":"War Paint"},{"floor":11,"key":"Mango"},{"floor":12,"key":"Pear"},{"floor":13,"key":"Oddly Smooth Stone"}],"event_choices":[{"event_name":"Living Wall","player_choice":"Change","floor":3,"damage_taken":0},{"event_name":"The Cleric","player_choice":"Card Removal","floor":4,"damage_taken":0},{"event_name":"The Joust","player_choice":"Bet on Owner","floor":21,"damage_taken":0}],"is_beta":false,"boss_relics":[{"not_picked":["Runic Dome","Lizard Tail"],"picked":"Black Star"}],"items_purged_floors":[],"is_endless":false,"potions_floor_spawned":[5,6,8,18,22],"killed_by":"Book of Stabbing","ascension_level":7}