{"gold_per_floor":[118,132,16,28,48,48,79,79,106,28,84,84,97,113,113,216,216,230,230,153,153,169,197,197,266,266,286,314,314,324,324,324,423,423,436,284,294,294,294,294,311,311],"floor_reached":42,"playtime":1421,"items_purged":["Regret"],"score":668,"play_id":"fa2b8573-38af-472a-afff-91dbc9cf0df4","local_time":"20180823144859","is_ascension_mode":true,"campfire_choices":[{"data":"Distraction","floor":6.0,"key":"SMITH"},{"data":"Night Terror","floor":8.0,"key":"SMITH"},{"data":"Footwork","floor":12.0,"key":"SMITH"},{"data":"Leg Sweep","floor":15.0,"key":"SMITH"},{"floor":24,"key":"REST"},{"floor":29,"key":"REST"},{"floor":32,"key":"REST"},{"floor":40,"key":"REST"}],"neow_cost":"CURSE","seed_source_timestamp":161168429209730,"circlet_count":0,"master_deck":["Defend_G+1","Defend_G+1","Defend_G+1","Defend_G+1","Strike_G+1","Strike_G+1","Strike_G+1","Strike_G+1","Survivor","Neutralize+1","Night Terror+1","Die Die Die","Backstab","Backstab","Riddle With Holes","Backstab","Distraction+1","Leg Sweep+1","Footwork+1","Deflect","Flying Knee","Venomology","J.A.X.","Flying Knee","PiercingWail","Prepared","Dagger Throw","Doppelganger","Tools of the Trade","Masterful Stab+1","Madness","Madness","Sucker Punch+1"],"special_seed":0,"relics":["Ring of the Snake","Ancient Tea Set","Bag of Marbles","Whetstone","Busted Crown","Enchiridion","Boot","Gremlin Horn","Incense Burner","Bronze Scales","Fusion Hammer","Regal Pillow"],"potions_floor_usage":[16,23,23,28,28,28,33,42,42],"damage_taken":[{"damage":0.0,"enemies":"Small Slimes","floor":1.0,"turns":2.0},{"damage":0.0,"enemies":"2 Louse","floor":2.0,"turns":2.0},{"damage":0.0,"enemies":"Cultist","floor":4.0,"turns":2.0},{"damage":1.0,"enemies":"3 Louse","floor":5.0,"turns":2.0},{"damage":0.0,"enemies":"3 Sentries","floor":7.0,"turns":3.0},{"damage":0.0,"enemies":"Lagavulin Event","floor":11.0,"turns":2.0},{"damage":0.0,"enemies":"2 Fungi Beasts","floor":13.0,"turns":1.0},{"damage":0.0,"enemies":"Blue Slaver","floor":14.0,"turns":1.0},{"damage":1,"enemies":"The Guardian","floor":16,"turns":17},{"damage":6,"enemies":"2 Thieves","floor":18,"turns":4},{"damage":0,"enemies":"3 Byrds","floor":22,"turns":8},{"damage":23,"enemies":"Book of Stabbing","floor":23,"turns":5},{"damage":17,"enemies":"Cultist and Chosen","floor":27,"turns":6},{"damage":2,"enemies":"Slavers","floor":28,"turns":6},{"damage":0,"enemies":"Snake Plant","floor":30,"turns":2},{"damage":31,"enemies":"Collector","floor":33,"turns":7},{"damage":44,"enemies":"Flame Bruiser 1 Orb","floor":35,"turns":3},{"damage":0,"enemies":"Orb Walker","floor":37,"turns":2},{"damage":8,"enemies":"Sphere and 2 Shapes","floor":41,"turns":3},{"damage":29,"enemies":"Giant Head","floor":42,"turns":6}],"seed_played":"-6536065216309208502","potions_obtained":[{"floor":1.0,"key":"SteroidPotion"},{"floor":4.0,"key":"Poison Potion"},{"floor":11.0,"key":"PowerPotion"},{"floor":13.0,"key":"AttackPotion"},{"floor":22,"key":"PowerPotion"},{"floor":30,"key":"SpeedPotion"},{"floor":33,"key":"EssenceOfSteel"}],"is_trial":false,"path_per_floor":["M","M","$","M","M","R","E","R","T","$","?","R","M","M","R","B",null,"M","?","?","?","M","E","R","T","T","M","E","R","M","?","R","B",null,"M","$","M","?","?","R","M"],"character_chosen":"THE_SILENT","items_purchased":["Riddle With Holes","Footwork","Regal Pillow"],"campfire_rested":4,"item_purchase_floors":[3,10,36],"current_hp_per_floor":[63,63,63,63,62,62,62,62,62,62,62,62,62,62,62,61,68,62,62,62,46,46,23,44,44,44,27,25,46,46,33,55,24,62,18,18,18,9,9,46,38,9],"gold":311,"neow_bonus":"TRANSFORM_TWO_CARDS","is_prod":false,"is_daily":false,"chose_seed":false,"campfire_upgraded":4,"win_rate":0,"timestamp":1535028539,"path_taken":["M","M","$","M","M","R","E","R","T","$","?","R","M","M","R","BOSS","M","?","?","?","M","E","R","?","T","M","E","R","M","?","R","BOSS","M","$","M","?","?","R","?","E"],"build_version":"2018-08-16","purchased_purges":1,"victory":false,"max_hp_per_floor":[70,70,70,70,70,70,70,70,70,70,70,70,70,70,70,70,70,70,70,70,70,70,70,70,70,70,70,70,70,70,75,75,75,75,75,75,75,75,75,75,75,75],"card_choices":[{"not_picked":["Predator","Sucker Punch"],"picked":"Backstab","floor":1.0},{"not_picked":["Tactician","Dodge and Roll"],"picked":"Backstab","floor":2.0},{"not_picked":["Sucker Punch","Deflect"],"picked":"Backstab","floor":4.0},{"not_picked":["Concentrate","Noxious Fumes"],"picked":"Distraction","floor":5.0},{"not_picked":["Deflect","Slice"],"picked":"Leg Sweep","floor":7.0},{"not_picked":["Deadly Poison","Noxious Fumes"],"picked":"Deflect","floor":13.0},{"not_picked":["Dagger Throw","Masterful Stab"],"picked":"Flying Knee","floor":14.0},{"not_picked":["Tools of the Trade","Storm of Steel"],"picked":"Venomology","floor":16},{"not_picked":["Cloak And Dagger"],"picked":"SKIP","floor":18},{"not_picked":[],"picked":"Flying Knee","floor":22},{"not_picked":[],"picked":"PiercingWail","floor":23},{"not_picked":[],"picked":"Prepared","floor":27},{"not_picked":[],"picked":"Dagger Throw","floor":28},{"not_picked":[],"picked":"Doppelganger","floor":30},{"not_picked":[],"picked":"Tools of the Trade","floor":33},{"not_picked":["Blade Dance"],"picked":"SKIP","floor":35},{"not_picked":[],"picked":"Masterful Stab+1","floor":37},{"not_picked":[],"picked":"Sucker Punch+1","floor":41}],"player_experience":920836,"relics_obtained":[{"floor":7.0,"key":"Ancient Tea Set"},{"floor":9.0,"key":"Bag of Marbles"},{"floor":11.0,"key":"Whetstone"},{"floor":21,"key":"Enchiridion"},{"floor":23,"key":"Boot"},{"floor":25,"key":"Gremlin Horn"},{"floor":26,"key":"Incense Burner"},{"floor":28,"key":"Bronze Scales"}],"event_choices":[{"event_name":"Dead Adventurer","player_choice":"Searched \u00272\u0027 times","floor":11.0,"damage_taken":0.0},{"event_name":"Back to Basics","player_choice":"Simplicity","floor":19,"damage_taken":0},{"event_name":"Drug Dealer","player_choice":"Got JAXXED","floor":20,"damage_taken":0},{"event_name":"Cursed Tome","player_choice":"Obtained Book","floor":21,"damage_taken":0},{"event_name":"Forgotten Altar","player_choice":"Shed Blood","floor":31,"damage_taken":0},{"event_name":"Winding Halls","player_choice":"Embrace Madness","floor":38,"damage_taken":0},{"event_name":"The Woman in Blue","player_choice":"Bought 0 Potions","floor":39,"damage_taken":0}],"is_beta":false,"boss_relics":[{"not_picked":["Velvet Choker","Lizard Tail"],"picked":"Busted Crown"},{"not_picked":["Cursed Key","Black Star"],"picked":"Fusion Hammer"}],"items_purged_floors":[3],"is_endless":false,"potions_floor_spawned":[1,4,11,13,22,30,33,37],"killed_by":"Giant Head","ascension_level":9}