{"path_per_floor":["M","?","$","?","M","R","M","E","T","?","R","M","M","E","R","B",null,"M","?","?","M"],"character_chosen":"THE_SILENT","items_purchased":["Jack Of All Trades"],"gold_per_floor":[117,117,15,15,28,28,47,80,80,80,80,105,120,156,156,275,275,293,293,293,283,301],"floor_reached":22,"campfire_rested":1,"playtime":1073,"current_hp_per_floor":[68,73,73,69,69,69,69,45,45,45,45,42,30,11,31,6,69,54,54,54,41,4],"items_purged":[],"gold":301,"score":235,"play_id":"941daf43-bb01-4eca-bfd9-a8deba6cb769","local_time":"20180511151345","is_prod":false,"is_daily":false,"chose_seed":false,"is_ascension_mode":true,"campfire_upgraded":2,"timestamp":1526044425,"path_taken":["M","?","?","?","M","R","M","E","T","?","R","M","M","E","R","BOSS","M","?","?","?","M"],"build_version":"2018-05-10","seed_source_timestamp":105722629353141,"purchased_purges":0,"victory":false,"master_deck":["Defend_G+1","Defend_G+1","Defend_G+1","Defend_G+1","Defend_G+1","Strike_G+1","Strike_G+1","Strike_G+1","Strike_G+1","Strike_G+1","Survivor","Neutralize","All Out Attack","Jack Of All Trades+1","Dagger Spray","Calculated Gamble+1","Eviscerate","Prepared","All Out Attack","Dash","Die Die Die","Setup","Sucker Punch","Dagger Spray+1"],"max_hp_per_floor":[70,75,75,69,69,69,69,69,69,69,69,69,69,69,69,69,69,69,69,69,69,69],"relics":["Ring of the Snake","Golden Idol","Orichalcum","Pantograph","Art of War","Runic Pyramid","Oddly Smooth Stone"],"card_choices":[{"not_picked":["Deadly Poison","Bane"],"picked":"All Out Attack","floor":1},{"not_picked":["Prepared","Infinite Blades"],"picked":"Dagger Spray","floor":5},{"not_picked":["Crippling Poison","Quick Slash"],"picked":"Calculated Gamble","floor":7},{"not_picked":["Predator","Escape Plan"],"picked":"Eviscerate","floor":8},{"not_picked":["Dodge and Roll","Deflect"],"picked":"Prepared","floor":12},{"not_picked":["Malaise","Finisher"],"picked":"All Out Attack","floor":13},{"not_picked":["Distraction","Outmaneuver"],"picked":"Dash","floor":14},{"not_picked":["Venomology","Grand Finale"],"picked":"Die Die Die","floor":16},{"not_picked":["Endless Agony","Reflex"],"picked":"Setup","floor":18},{"not_picked":["Bane","Poisoned Stab"],"picked":"Sucker Punch","floor":21},{"not_picked":["PiercingWail","Flying Knee"],"picked":"Dagger Spray","floor":22}],"player_experience":457608,"potions_floor_usage":[8,16,16,18],"damage_taken":[{"damage":2,"enemies":"Jaw Worm","floor":1,"turns":7},{"damage":0,"enemies":"Cultist","floor":5,"turns":3},{"damage":0,"enemies":"Small Slimes","floor":7,"turns":2},{"damage":24,"enemies":"Lagavulin","floor":8,"turns":9},{"damage":3,"enemies":"3 Louse","floor":12,"turns":2},{"damage":16,"enemies":"Gremlin Gang","floor":13,"turns":3},{"damage":19,"enemies":"Gremlin Nob","floor":14,"turns":3},{"damage":50,"enemies":"Hexaghost","floor":16,"turns":13},{"damage":19,"enemies":"Chosen","floor":18,"turns":7},{"damage":13,"enemies":"2 Thieves","floor":21,"turns":4},{"damage":37,"enemies":"Slaver and Parasite","floor":22,"turns":10}],"event_choices":[{"event_name":"Big Fish","player_choice":"Donut","floor":2,"damage_taken":0},{"event_name":"Golden Idol","player_choice":"Lose Max HP","floor":4,"damage_taken":0},{"event_name":"Liars Game","player_choice":"disagreed","floor":10,"damage_taken":0},{"event_name":"The Mausoleum","player_choice":"Yes","floor":19,"damage_taken":0},{"event_name":"Back to Basics","player_choice":"Simplicity","floor":20,"damage_taken":0}],"boss_relics":[{"not_picked":["Velvet Choker","Pandora\u0027s Box"],"picked":"Runic Pyramid"}],"potions_floor_spawned":[1,13,14,16,18,22],"seed_played":"-2954950334696473562","killed_by":"Slaver and Parasite","ascension_level":4,"is_trial":false}