{"gold_per_floor":[114,114,130,143,96,124,144,144,144,176,24,24,44,44,44,141,141,155,10,27,27,27,58,58,89,116,133,159,170,189,152,152,152],"floor_reached":33,"playtime":6456,"items_purged":[],"score":428,"play_id":"eee50216-9a8a-4c22-8f7c-0619c7304a3b","local_time":"20180908204952","is_ascension_mode":true,"campfire_choices":[{"floor":8,"key":"REST"},{"floor":12,"key":"REST"},{"data":"Darkness","floor":15,"key":"SMITH"},{"data":"Electrodynamics","floor":24,"key":"SMITH"},{"floor":32,"key":"REST"}],"neow_cost":"NONE","seed_source_timestamp":0,"circlet_count":0,"master_deck":["Strike_B+1","Strike_B+1","Strike_B+1","Defend_B+1","Defend_B+1","Defend_B+1","Defend_B+1","Zap+1","Dualcast","Darkness+1","Hologram","Turbo","Leap","Rip and Tear","Ball Lightning+1","Auto Shields","Reboot","Steam+1","Conserve Battery+1","Electrodynamics+1","Cold Snap+1","Skim+1","Chill","Defragment","Leap+1","Darkness"],"special_seed":0,"relics":["Cracked Core","Orichalcum","Boot","Bottled Flame","Pantograph","Whetstone","Sozu","DataDisk","Darkstone Periapt","Symbiotic Virus","Potion Belt","Red Mask"],"potions_floor_usage":[7,10,23,25],"damage_taken":[{"damage":1.0,"enemies":"Cultist","floor":1.0,"turns":3.0},{"damage":13.0,"enemies":"Jaw Worm","floor":3.0,"turns":4.0},{"damage":0.0,"enemies":"Small Slimes","floor":4.0,"turns":3.0},{"damage":53,"enemies":"Gremlin Nob","floor":6,"turns":6},{"damage":0,"enemies":"2 Fungi Beasts","floor":7,"turns":3},{"damage":22,"enemies":"3 Sentries","floor":10,"turns":7},{"damage":4,"enemies":"Large Slime","floor":13,"turns":4},{"damage":4,"enemies":"The Guardian","floor":16,"turns":12},{"damage":6,"enemies":"Chosen","floor":18,"turns":3},{"damage":0,"enemies":"Spheric Guardian","floor":20,"turns":3},{"damage":12,"enemies":"Book of Stabbing","floor":23,"turns":5},{"damage":4,"enemies":"Gremlin Leader","floor":25,"turns":6},{"damage":12,"enemies":"Snecko","floor":27,"turns":4},{"damage":0,"enemies":"Masked Bandits","floor":28,"turns":1},{"damage":22,"enemies":"Shelled Parasite and Fungi","floor":29,"turns":3},{"damage":0,"enemies":"Chosen and Byrds","floor":30,"turns":3},{"damage":77,"enemies":"Collector","floor":33,"turns":7}],"seed_played":"652440366138404685","potions_obtained":[{"floor":1.0,"key":"PowerPotion"},{"floor":3.0,"key":"SpeedPotion"},{"floor":4.0,"key":"GamblersBrew"},{"floor":10,"key":"Block Potion"}],"is_trial":false,"path_per_floor":["M","?","M","M","$","E","M","R","T","E","$","R","M","?","R","B",null,"M","$","M","?","?","E","R","E","T","M","?","M","M","$","R"],"character_chosen":"DEFECT","items_purchased":["Leap","Whetstone","DataDisk","Darkness"],"campfire_rested":3,"item_purchase_floors":[5,11,19,31],"current_hp_per_floor":[67,67,54,54,54,1,1,23,23,1,1,23,19,19,19,40,66,60,60,60,60,60,48,48,44,44,32,32,10,10,10,32,0],"gold":152,"neow_bonus":"RANDOM_COMMON_RELIC","is_prod":false,"is_daily":false,"chose_seed":false,"campfire_upgraded":2,"win_rate":0,"timestamp":1536432592,"path_taken":["M","?","?","M","$","E","M","R","T","E","?","R","M","?","R","BOSS","M","$","M","?","?","E","R","E","T","M","?","?","?","$","R","BOSS"],"build_version":"2018-09-06","purchased_purges":0,"victory":false,"max_hp_per_floor":[75,75,75,75,75,75,75,75,75,75,75,75,75,75,75,75,75,75,75,75,75,75,75,75,75,75,75,75,75,75,75,75,75],"card_choices":[{"not_picked":["Recycle","Hologram"],"picked":"Darkness","floor":1.0},{"not_picked":["Storm","Force Field"],"picked":"Hologram","floor":3.0},{"not_picked":["Streamline","Gash"],"picked":"Turbo","floor":4.0},{"not_picked":["Machine Learning","Aggregate"],"picked":"Rip and Tear","floor":6},{"not_picked":["Heatsinks","Barrage","Storm"],"picked":"SKIP","floor":7},{"not_picked":["BootSequence","Darkness"],"picked":"Ball Lightning","floor":10},{"not_picked":["Darkness","Blizzard"],"picked":"Auto Shields","floor":13},{"not_picked":["Fission","Meteor Strike"],"picked":"Reboot","floor":16},{"not_picked":["Compile Driver","Leap"],"picked":"Steam+1","floor":18},{"not_picked":["Coolheaded","Double Energy"],"picked":"Conserve Battery+1","floor":20},{"not_picked":["Compile Driver","Turbo+1"],"picked":"Electrodynamics","floor":23},{"not_picked":["Ball Lightning","Compile Driver"],"picked":"Cold Snap+1","floor":25},{"not_picked":["Rebound","Conserve Battery"],"picked":"Skim+1","floor":27},{"not_picked":["Ball Lightning","Recycle"],"picked":"Chill","floor":28},{"not_picked":["Leap","FTL"],"picked":"Defragment","floor":29},{"not_picked":["Aggregate","Skim"],"picked":"Leap+1","floor":30}],"player_experience":976802,"relics_obtained":[{"floor":6,"key":"Boot"},{"floor":9,"key":"Bottled Flame"},{"floor":10,"key":"Pantograph"},{"floor":23,"key":"Darkstone Periapt"},{"floor":25,"key":"Symbiotic Virus"},{"floor":26,"key":"Potion Belt"},{"floor":28,"key":"Red Mask"}],"event_choices":[{"event_name":"Bonfire Elementals","player_choice":"BASIC","floor":2.0,"damage_taken":0.0},{"event_name":"Living Wall","player_choice":"Grow","floor":14,"damage_taken":0},{"event_name":"Back to Basics","player_choice":"Simplicity","floor":21,"damage_taken":0},{"event_name":"Vampires","player_choice":"Ignored","floor":22,"damage_taken":0},{"event_name":"Masked Bandits","player_choice":"Fought Bandits","floor":28,"damage_taken":0}],"is_beta":false,"boss_relics":[{"not_picked":["Velvet Choker","Fusion Hammer"],"picked":"Sozu"}],"items_purged_floors":[],"is_endless":false,"potions_floor_spawned":[1,3,4,10,25,27,28],"killed_by":"Collector","ascension_level":9}