{"gold_per_floor":[118,136,151,161,161,161,193,193],"floor_reached":8,"playtime":263,"items_purged":[],"score":116,"play_id":"e9fefb9d-2b0e-4a80-ad6c-f590f6333571","local_time":"20181205001558","is_ascension_mode":true,"campfire_choices":[{"data":"Crippling Poison","floor":6,"key":"SMITH"}],"neow_cost":"NONE","seed_source_timestamp":173776284775252,"circlet_count":0,"master_deck":["AscendersBane","Defend_G","Defend_G","Defend_G","Defend_G","Defend_G","Strike_G","Strike_G","Strike_G","Strike_G","Strike_G","Survivor","Neutralize","Crippling Poison+1","Backflip","Quick Slash","A Thousand Cuts+1","Leg Sweep"],"relics":["Ring of the Snake","Boot","Anchor"],"potions_floor_usage":[7],"damage_taken":[{"damage":7,"enemies":"Small Slimes","floor":1,"turns":5},{"damage":3,"enemies":"Cultist","floor":2,"turns":6},{"damage":4,"enemies":"Jaw Worm","floor":3,"turns":6},{"damage":0,"enemies":"Looter","floor":4,"turns":4},{"damage":40,"enemies":"Gremlin Nob","floor":7,"turns":5},{"damage":5,"enemies":"Lots of Slimes","floor":8,"turns":2}],"seed_played":"-1300228890113091017","potions_obtained":[{"floor":4,"key":"Energy Potion"}],"is_trial":false,"path_per_floor":["M","M","M","M","?","R","E","M"],"character_chosen":"THE_SILENT","items_purchased":[],"campfire_rested":0,"item_purchase_floors":[],"current_hp_per_floor":[52,49,45,45,45,45,5,0],"gold":193,"neow_bonus":"RANDOM_COMMON_RELIC","is_prod":false,"is_daily":false,"chose_seed":false,"campfire_upgraded":1,"win_rate":0,"timestamp":1543986958,"path_taken":["M","M","M","M","?","R","E","?"],"build_version":"2018-12-4","purchased_purges":0,"victory":false,"max_hp_per_floor":[66,66,66,66,66,66,66,66],"card_choices":[{"not_picked":["PiercingWail","Sucker Punch"],"picked":"Crippling Poison","floor":1},{"not_picked":["Expertise","Choke"],"picked":"Backflip","floor":2},{"not_picked":["Escape Plan","PiercingWail"],"picked":"Quick Slash","floor":3},{"not_picked":["Riddle With Holes","Backflip"],"picked":"A Thousand Cuts","floor":4},{"not_picked":["Quick Slash","Deflect"],"picked":"Leg Sweep","floor":7}],"player_experience":1172391,"relics_obtained":[{"floor":7,"key":"Anchor"}],"event_choices":[{"damage_healed":0,"gold_gain":0,"player_choice":"Upgraded","damage_taken":0,"max_hp_gain":0,"max_hp_loss":0,"event_name":"Upgrade Shrine","floor":5,"gold_loss":0,"cards_upgraded":["A Thousand Cuts"]}],"is_beta":true,"boss_relics":[],"items_purged_floors":[],"is_endless":false,"potions_floor_spawned":[4],"killed_by":"Lots of Slimes","ascension_level":20}