{"gold_per_floor":[15,15,34,34,54,54,54,54,80,112,112,136,136,147,147,222,222,242,252,252,177,189,189,189,189,258,258,275,275],"floor_reached":29,"playtime":1087,"items_purged":[],"score":376,"play_id":"070ad905-819f-44a6-9479-0c837b47b91b","local_time":"20190131202418","is_ascension_mode":true,"campfire_choices":[{"data":"Power Through","floor":6,"key":"SMITH"},{"data":"Bash","floor":8,"key":"SMITH"},{"floor":11,"key":"REST"},{"data":"True Grit","floor":15,"key":"SMITH"},{"floor":23,"key":"REST"},{"floor":27,"key":"REST"}],"neow_cost":"NO_GOLD","seed_source_timestamp":13651587520235569,"circlet_count":0,"master_deck":["AscendersBane","Strike_R","Strike_R","Defend_R","Defend_R","Bash+1","Metallicize+1","Anger","Power Through+1","True Grit+1","Berserk","Sentinel","Flex"],"relics":["Burning Blood","Potion Belt","Orichalcum","Anchor","Black Star","MutagenicStrength","Dodecahedron"],"potions_floor_usage":[16,22,22],"damage_taken":[{"damage":2,"enemies":"2 Louse","floor":1,"turns":3},{"damage":2,"enemies":"Jaw Worm","floor":3,"turns":3},{"damage":3,"enemies":"Cultist","floor":5,"turns":4},{"damage":28,"enemies":"Gremlin Nob","floor":10,"turns":6},{"damage":0,"enemies":"Large Slime","floor":14,"turns":7},{"damage":22,"enemies":"Slime Boss","floor":16,"turns":16},{"damage":0,"enemies":"Chosen","floor":18,"turns":7},{"damage":33,"enemies":"Shell Parasite","floor":19,"turns":9},{"damage":28,"enemies":"Centurion and Healer","floor":22,"turns":8},{"damage":27,"enemies":"Snake Plant","floor":28,"turns":6},{"damage":52,"enemies":"3 Cultists","floor":29,"turns":6}],"seed_played":"5338685367402353894","potions_obtained":[{"floor":1,"key":"FearPotion"},{"floor":3,"key":"Fire Potion"},{"floor":18,"key":"Poison Potion"},{"floor":19,"key":"Energy Potion"},{"floor":28,"key":"Energy Potion"}],"is_trial":false,"path_per_floor":["M","?","M","$","M","R","?","R","T","E","R","T","?","M","R","B",null,"M","M","?","?","M","R","$","?","T","R","M","M"],"character_chosen":"IRONCLAD","items_purchased":[],"campfire_rested":3,"item_purchase_floors":[],"current_hp_per_floor":[72,72,75,75,75,75,68,68,68,46,68,68,68,74,74,58,71,75,48,48,48,26,48,48,48,48,70,49,0],"gold":275,"neow_bonus":"REMOVE_TWO","is_prod":false,"is_daily":false,"chose_seed":false,"campfire_upgraded":3,"win_rate":0,"timestamp":1548962658,"path_taken":["M","?","M","$","M","R","?","R","T","E","R","?","?","M","R","BOSS","M","M","?","?","M","R","$","?","T","R","M","M"],"build_version":"2019-01-23","purchased_purges":0,"victory":false,"max_hp_per_floor":[75,75,75,75,75,75,75,75,75,75,75,75,75,75,75,75,75,75,75,75,75,75,75,75,75,75,75,75,75],"card_choices":[{"not_picked":["Hemokinesis","Infernal Blade"],"picked":"Metallicize","floor":1},{"not_picked":["Cleave","Pummel"],"picked":"Power Through","floor":3},{"not_picked":["Sword Boomerang","Body Slam","Clash"],"picked":"SKIP","floor":5},{"not_picked":["Blood for Blood","Whirlwind","Body Slam"],"picked":"SKIP","floor":10},{"not_picked":["Flame Barrier","Twin Strike"],"picked":"True Grit","floor":14},{"not_picked":["Juggernaut","Limit Break"],"picked":"Berserk","floor":16},{"not_picked":["Thunderclap+1","Flame Barrier","Ghostly Armor"],"picked":"SKIP","floor":18},{"not_picked":["Flame Barrier","Combust","Blood for Blood"],"picked":"SKIP","floor":19},{"not_picked":["Cleave","Havoc"],"picked":"Sentinel","floor":22},{"not_picked":["Heavy Blade+1","Flame Barrier"],"picked":"Flex","floor":28}],"player_experience":344980,"relics_obtained":[{"floor":9,"key":"Potion Belt"},{"floor":10,"key":"Orichalcum"},{"floor":12,"key":"Anchor"},{"floor":26,"key":"Dodecahedron"}],"event_choices":[{"damage_healed":0,"gold_gain":0,"cards_transformed":["Strike_R"],"player_choice":"Change","damage_taken":0,"max_hp_gain":0,"max_hp_loss":0,"event_name":"Living Wall","floor":2,"gold_loss":0,"cards_obtained":["Anger"]},{"cards_removed":["Strike_R"],"damage_healed":0,"gold_gain":0,"player_choice":"Card Removal","damage_taken":7,"max_hp_gain":0,"max_hp_loss":0,"event_name":"Golden Wing","floor":7,"gold_loss":0},{"damage_healed":0,"gold_gain":0,"player_choice":"Upgraded","damage_taken":0,"max_hp_gain":0,"max_hp_loss":0,"event_name":"Upgrade Shrine","floor":13,"gold_loss":0,"cards_upgraded":["Metallicize"]},{"damage_healed":0,"gold_gain":0,"player_choice":"Inject Mutagens","damage_taken":0,"relics_obtained":["MutagenicStrength"],"max_hp_gain":0,"max_hp_loss":0,"event_name":"Drug Dealer","floor":20,"gold_loss":0},{"cards_removed":["Defend_R"],"damage_healed":0,"gold_gain":0,"player_choice":"Gave Gold","damage_taken":0,"max_hp_gain":0,"max_hp_loss":0,"event_name":"Beggar","floor":21,"gold_loss":75},{"damage_healed":0,"gold_gain":0,"player_choice":"Ignored","damage_taken":0,"max_hp_gain":0,"max_hp_loss":0,"event_name":"Ghosts","floor":25,"gold_loss":0}],"is_beta":false,"boss_relics":[{"not_picked":["Sozu","Busted Crown"],"picked":"Black Star"}],"items_purged_floors":[],"is_endless":false,"potions_floor_spawned":[1,3,5,18,19,28],"killed_by":"3 Cultists","ascension_level":14}