{"gold_per_floor":[113,131,151,167,167,167,186,211,211,225,225],"floor_reached":11,"playtime":1050,"items_purged":[],"score":77,"play_id":"12fc0cb2-7f4b-4b8c-a013-b56c434980c1","local_time":"20190220011208","is_ascension_mode":false,"campfire_choices":[{"floor":6,"key":"REST"}],"neow_cost":"NONE","seed_source_timestamp":1220815392941600,"circlet_count":0,"master_deck":["Strike_R","Strike_R","Strike_R","Strike_R","Strike_R","Defend_R","Defend_R","Defend_R","Defend_R","Bash","Anger","Perfected Strike","Rampage","Iron Wave","Heavy Blade","Dual Wield"],"relics":["Sozu","Self Forming Clay","Mercury Hourglass","Shuriken"],"potions_floor_usage":[],"damage_taken":[{"damage":2,"enemies":"Small Slimes","floor":1,"turns":3},{"damage":5,"enemies":"2 Louse","floor":2,"turns":2},{"damage":0,"enemies":"Cultist","floor":3,"turns":2},{"damage":10,"enemies":"Looter","floor":4,"turns":2},{"damage":21,"enemies":"Red Slaver","floor":7,"turns":4},{"damage":23,"enemies":"3 Sentries","floor":8,"turns":6},{"damage":0,"enemies":"Exordium Thugs","floor":10,"turns":3},{"damage":28,"enemies":"Lagavulin","floor":11,"turns":3}],"seed_played":"9070586704969746770","potions_obtained":[],"is_trial":false,"path_per_floor":["M","M","M","M","?","R","M","E","T","M","E"],"character_chosen":"IRONCLAD","items_purchased":[],"campfire_rested":1,"item_purchase_floors":[],"current_hp_per_floor":[78,73,73,63,45,69,48,25,25,25,0],"gold":225,"neow_bonus":"BOSS_RELIC","is_prod":false,"is_daily":false,"chose_seed":false,"campfire_upgraded":0,"win_rate":0.0,"timestamp":1550621528,"path_taken":["M","M","M","M","?","R","M","E","T","M","E"],"build_version":"2019-01-23","purchased_purges":0,"victory":false,"max_hp_per_floor":[80,80,80,80,80,80,80,80,80,80,80],"card_choices":[{"not_picked":["Sword Boomerang","True Grit"],"picked":"Anger","floor":1},{"not_picked":["Cleave","Bloodletting"],"picked":"Perfected Strike","floor":2},{"not_picked":["Thunderclap","Heavy Blade"],"picked":"Rampage","floor":3},{"not_picked":["Spot Weakness","True Grit"],"picked":"Iron Wave","floor":4},{"not_picked":["Armaments","Sword Boomerang","Dark Embrace"],"picked":"SKIP","floor":7},{"not_picked":["Warcry","Headbutt"],"picked":"Heavy Blade","floor":8},{"not_picked":["Burning Pact","Entrench"],"picked":"Dual Wield","floor":10}],"player_experience":3890,"relics_obtained":[{"floor":8,"key":"Mercury Hourglass"},{"floor":9,"key":"Shuriken"}],"event_choices":[{"damage_healed":0,"gold_gain":0,"player_choice":"Success","damage_taken":18,"relics_obtained":["Self Forming Clay"],"max_hp_gain":0,"max_hp_loss":0,"event_name":"Scrap Ooze","floor":5,"gold_loss":0}],"is_beta":false,"boss_relics":[],"items_purged_floors":[],"is_endless":false,"potions_floor_spawned":[4,7,8],"killed_by":"Lagavulin","ascension_level":0}