{"gold_per_floor":[113,73,84,84,102,102,22,56,56,56,56,83,158,215,215,215],"floor_reached":16,"playtime":1211,"items_purged":[],"score":122,"play_id":"2d99c783-b7ab-4fc9-b3d6-35e7d62bf973","local_time":"20190221142315","is_ascension_mode":true,"campfire_choices":[{"data":"Disarm","floor":6,"key":"SMITH"},{"data":"Metallicize","floor":10,"key":"SMITH"},{"floor":15,"key":"REST"}],"neow_cost":"NONE","seed_source_timestamp":2389784324134,"circlet_count":0,"master_deck":["Strike_R","Strike_R","Strike_R","Strike_R","Strike_R","Defend_R","Defend_R","Defend_R","Defend_R","Bash","Metallicize+1","Disarm+1","Metallicize+1","Body Slam","Disarm+1","Feed"],"relics":["Burning Blood","NeowsBlessing","Toxic Egg 2","Gremlin Horn","Vajra","Sundial"],"potions_floor_usage":[12,14,16,16],"damage_taken":[{"damage":0,"enemies":"Jaw Worm","floor":1,"turns":1},{"damage":0,"enemies":"Cultist","floor":3,"turns":1},{"damage":0,"enemies":"Small Slimes","floor":5,"turns":1},{"damage":22,"enemies":"Gremlin Nob","floor":8,"turns":6},{"damage":35,"enemies":"3 Sentries","floor":12,"turns":16},{"damage":20,"enemies":"Lagavulin Event","floor":14,"turns":9},{"damage":63,"enemies":"Slime Boss","floor":16,"turns":13}],"seed_played":"8275242337527599618","potions_obtained":[{"floor":3,"key":"FearPotion"},{"floor":5,"key":"SkillPotion"},{"floor":8,"key":"Regen Potion"},{"floor":14,"key":"Swift Potion"}],"is_trial":false,"path_per_floor":["M","$","M","?","M","R","$","E","T","R","?","E","?","?","R","B"],"character_chosen":"IRONCLAD","items_purchased":["Disarm","Metallicize","Body Slam"],"campfire_rested":1,"item_purchase_floors":[2,7,7],"current_hp_per_floor":[80,80,80,80,80,80,80,64,64,64,69,55,44,30,55,0],"gold":215,"neow_bonus":"THREE_ENEMY_KILL","is_prod":false,"is_daily":false,"chose_seed":false,"campfire_upgraded":2,"win_rate":0,"timestamp":1550755395,"path_taken":["M","$","M","?","M","R","?","E","T","R","?","E","?","?","R","BOSS"],"build_version":"2019-01-23","purchased_purges":0,"victory":false,"max_hp_per_floor":[80,80,80,80,80,80,80,80,80,80,85,85,85,85,85,85],"card_choices":[{"not_picked":["Clothesline","Havoc"],"picked":"Metallicize","floor":1},{"not_picked":["Clothesline","Corruption","Body Slam"],"picked":"SKIP","floor":3},{"not_picked":["Sword Boomerang","Burning Pact","Evolve"],"picked":"SKIP","floor":5},{"not_picked":["Body Slam","Shrug It Off"],"picked":"Disarm","floor":8},{"not_picked":["Body Slam","Iron Wave","Clash"],"picked":"SKIP","floor":12},{"not_picked":["Rage+1","Twin Strike"],"picked":"Feed","floor":14}],"player_experience":109662,"relics_obtained":[{"floor":8,"key":"Toxic Egg 2"},{"floor":9,"key":"Gremlin Horn"},{"floor":12,"key":"Vajra"}],"event_choices":[{"damage_healed":0,"gold_gain":0,"player_choice":"Forge","damage_taken":0,"max_hp_gain":0,"max_hp_loss":0,"event_name":"Accursed Blacksmith","floor":4,"gold_loss":0,"cards_upgraded":["Metallicize"]},{"damage_healed":0,"gold_gain":0,"player_choice":"Donut","damage_taken":0,"max_hp_gain":5,"max_hp_loss":0,"event_name":"Big Fish","floor":11,"gold_loss":0},{"damage_healed":0,"gold_gain":75,"player_choice":"Gather Gold","damage_taken":11,"max_hp_gain":0,"max_hp_loss":0,"event_name":"World of Goop","floor":13,"gold_loss":0},{"damage_healed":0,"gold_gain":0,"player_choice":"Searched \u00272\u0027 times","damage_taken":0,"relics_obtained":["Sundial"],"max_hp_gain":0,"max_hp_loss":0,"event_name":"Dead Adventurer","floor":14,"gold_loss":0}],"is_beta":false,"boss_relics":[],"items_purged_floors":[],"is_endless":false,"potions_floor_spawned":[3,5,8,14],"killed_by":"Slime Boss","ascension_level":3}