{"gold_per_floor":[109,34,34,51,1,35,35,48,48,48,76,76,93,121,121,196,196,215,18,117,131,131,161,161,12,12,12,31,45,76,6,6,84,84,103,115,115,134,147,175,188,188,211,211,221,235,235,37,37,37],"floor_reached":51,"playtime":5804,"items_purged":["Strike_R","Strike_R","Strike_R"],"score":1232,"play_id":"20d95f6a-5691-44ab-85a9-2e009aa5644f","local_time":"20190216095908","is_ascension_mode":true,"campfire_choices":[{"data":"Shockwave","floor":7.0,"key":"SMITH"},{"data":"Spot Weakness","floor":12.0,"key":"SMITH"},{"data":"Uppercut","floor":15.0,"key":"SMITH"},{"data":"Metallicize","floor":24.0,"key":"SMITH"},{"data":"Shrug It Off","floor":27.0,"key":"SMITH"},{"floor":32.0,"key":"REST"},{"data":"Disarm","floor":42,"key":"SMITH"},{"data":"Whirlwind","floor":44,"key":"SMITH"},{"floor":49,"key":"REST"}],"neow_cost":"NONE","seed_source_timestamp":189368464819519,"circlet_count":0,"master_deck":["AscendersBane","Strike_R","Defend_R","Defend_R","Defend_R","Bash","Shockwave+1","Ghostly Armor","Spot Weakness+1","Pummel","Metallicize+1","Uppercut+1","Impervious+1","Shrug It Off+1","Shrug It Off+1","Whirlwind+1","Armaments+1","True Grit+1","Disarm+1","Inflame"],"special_seed":0,"relics":["Burning Blood","NeowsBlessing","Meat on the Bone","Sundial","Singing Bowl","Happy Flower","Busted Crown","Medical Kit","Regal Pillow","Kunai","Paper Frog","Mark of Pain","Ancient Tea Set","Lantern"],"potions_floor_usage":[40,45,46],"damage_taken":[{"damage":0.0,"enemies":"Cultist","floor":1.0,"turns":1.0},{"damage":0.0,"enemies":"2 Louse","floor":4.0,"turns":1.0},{"damage":0.0,"enemies":"Lagavulin","floor":6.0,"turns":1.0},{"damage":0.0,"enemies":"Jaw Worm","floor":8.0,"turns":5.0},{"damage":35.0,"enemies":"3 Sentries","floor":11.0,"turns":11.0},{"damage":6.0,"enemies":"Exordium Wildlife","floor":13.0,"turns":6.0},{"damage":9.0,"enemies":"Lagavulin","floor":14.0,"turns":7.0},{"damage":31.0,"enemies":"Hexaghost","floor":16.0,"turns":9.0},{"damage":17.0,"enemies":"Chosen","floor":18.0,"turns":6.0},{"damage":0.0,"enemies":"3 Byrds","floor":21.0,"turns":6.0},{"damage":18.0,"enemies":"Slavers","floor":23.0,"turns":7.0},{"damage":11.0,"enemies":"Snake Plant","floor":28.0,"turns":4.0},{"damage":4.0,"enemies":"Snecko","floor":29.0,"turns":4.0},{"damage":29.0,"enemies":"Gremlin Leader","floor":30.0,"turns":6.0},{"damage":45.0,"enemies":"Collector","floor":33.0,"turns":8.0},{"damage":9,"enemies":"3 Darklings","floor":35,"turns":3},{"damage":10,"enemies":"3 Shapes","floor":36,"turns":6},{"damage":5,"enemies":"3 Darklings","floor":38,"turns":4},{"damage":3,"enemies":"Writhing Mass","floor":39,"turns":6},{"damage":18,"enemies":"Nemesis","floor":40,"turns":7},{"damage":5,"enemies":"Sphere and 2 Shapes","floor":41,"turns":8},{"damage":0,"enemies":"3 Darklings","floor":45,"turns":2},{"damage":40,"enemies":"Transient","floor":46,"turns":5},{"damage":30,"enemies":"Time Eater","floor":50,"turns":9}],"seed_played":"4574399822804723198","potions_obtained":[{"floor":8.0,"key":"Ancient Potion"},{"floor":13.0,"key":"FearPotion"},{"floor":18.0,"key":"Poison Potion"},{"floor":21.0,"key":"Fire Potion"},{"floor":23.0,"key":"Energy Potion"},{"floor":35,"key":"Block Potion"},{"floor":39,"key":"FearPotion"},{"floor":40,"key":"Fruit Juice"},{"floor":45,"key":"Explosive Potion"}],"is_trial":false,"path_per_floor":["M","$","?","M","?","E","R","M","T","$","E","R","M","E","R","B",null,"M","$","?","M","?","E","R","$","T","R","M","M","E","$","R","B",null,"M","M","?","M","M","E","M","R","T","R","M","M","?","$","R","B",null],"character_chosen":"IRONCLAD","items_purchased":["Medical Kit","Shrug It Off","Whirlwind","Inflame"],"campfire_rested":2,"item_purchase_floors":[19,25,31,48],"current_hp_per_floor":[74,74,74,75,75,75,75,75,75,75,46,46,46,55,55,42,67,58,58,58,66,51,53,53,53,53,53,62,64,55,55,90,65,85,82,80,80,83,86,76,77,77,77,77,90,70,70,70,107,83],"gold":37,"neow_bonus":"THREE_ENEMY_KILL","is_prod":false,"is_daily":false,"chose_seed":false,"campfire_upgraded":7,"win_rate":0,"timestamp":1550278748,"path_taken":["M","$","?","M","?","E","R","M","T","$","E","R","M","E","R","BOSS","M","$","?","M","?","E","R","?","T","R","M","?","E","$","R","BOSS","M","M","?","M","M","E","M","R","T","R","M","?","?","$","R","BOSS"],"build_version":"2019-01-23","purchased_purges":3,"victory":true,"max_hp_per_floor":[75,75,75,75,75,75,75,75,75,75,75,75,75,75,75,75,75,77,77,77,79,84,86,86,86,86,86,88,88,90,90,90,92,92,92,94,94,96,96,98,98,98,98,98,105,107,107,107,107,107],"card_choices":[{"not_picked":["Flex","Pommel Strike"],"picked":"Shockwave","floor":1.0},{"not_picked":["Armaments","Blood for Blood"],"picked":"Ghostly Armor","floor":4.0},{"not_picked":["Wild Strike","Clothesline"],"picked":"Spot Weakness","floor":6.0},{"not_picked":["Warcry","Iron Wave","Searing Blow"],"picked":"SKIP","floor":8.0},{"not_picked":["Burning Pact","Double Tap"],"picked":"Pummel","floor":11.0},{"not_picked":["Headbutt","Shrug It Off"],"picked":"Metallicize","floor":13.0},{"not_picked":["Power Through","Fire Breathing"],"picked":"Uppercut","floor":14.0},{"not_picked":["Immolate","Double Tap"],"picked":"Impervious","floor":16.0},{"not_picked":["Heavy Blade"],"picked":"Singing Bowl","floor":18.0},{"not_picked":["Pommel Strike"],"picked":"Singing Bowl","floor":21.0},{"not_picked":["Heavy Blade"],"picked":"Singing Bowl","floor":23.0},{"not_picked":["Heavy Blade"],"picked":"Singing Bowl","floor":28.0},{"not_picked":[],"picked":"Shrug It Off+1","floor":29.0},{"not_picked":["Burning Pact+1"],"picked":"Singing Bowl","floor":30.0},{"not_picked":["Dark Embrace"],"picked":"Singing Bowl","floor":33.0},{"not_picked":[],"picked":"Armaments+1","floor":35},{"not_picked":["Clothesline"],"picked":"Singing Bowl","floor":36},{"not_picked":["Wild Strike"],"picked":"Singing Bowl","floor":38},{"not_picked":[],"picked":"True Grit+1","floor":39},{"not_picked":["Rage"],"picked":"Singing Bowl","floor":40},{"not_picked":[],"picked":"Disarm","floor":41},{"not_picked":["Fire Breathing"],"picked":"Singing Bowl","floor":45},{"not_picked":["Thunderclap"],"picked":"Singing Bowl","floor":46}],"player_experience":573361,"relics_obtained":[{"floor":6.0,"key":"Meat on the Bone"},{"floor":9.0,"key":"Sundial"},{"floor":11.0,"key":"Singing Bowl"},{"floor":14.0,"key":"Happy Flower"},{"floor":23.0,"key":"Regal Pillow"},{"floor":26.0,"key":"Kunai"},{"floor":30.0,"key":"Paper Frog"},{"floor":40,"key":"Ancient Tea Set"},{"floor":43,"key":"Lantern"}],"event_choices":[{"cards_removed":["Strike_R"],"damage_healed":0.0,"max_hp_gain":0.0,"max_hp_loss":0.0,"gold_gain":0.0,"event_name":"Living Wall","player_choice":"Forget","floor":3.0,"gold_loss":0.0,"damage_taken":0.0},{"cards_removed":["Defend_R"],"damage_healed":0.0,"max_hp_gain":0.0,"max_hp_loss":0.0,"gold_gain":0.0,"event_name":"The Cleric","player_choice":"Card Removal","floor":5.0,"gold_loss":50.0,"damage_taken":0.0},{"damage_healed":0.0,"max_hp_gain":0.0,"max_hp_loss":0.0,"gold_gain":99.0,"event_name":"Nest","player_choice":"Stole From Cult","floor":20.0,"gold_loss":0.0,"damage_taken":0.0},{"damage_healed":0.0,"max_hp_gain":5.0,"max_hp_loss":0.0,"gold_gain":0.0,"event_name":"Forgotten Altar","player_choice":"Shed Blood","floor":22.0,"gold_loss":0.0,"damage_taken":20.0},{"damage_healed":0,"gold_gain":0,"player_choice":"Upgraded","damage_taken":0,"max_hp_gain":0,"max_hp_loss":0,"event_name":"Upgrade Shrine","floor":37,"gold_loss":0,"cards_upgraded":["Impervious"]},{"damage_healed":0,"gold_gain":0,"player_choice":"Ignored","damage_taken":0,"max_hp_gain":0,"max_hp_loss":0,"event_name":"Tomb of Lord Red Mask","floor":47,"gold_loss":0}],"is_beta":false,"boss_relics":[{"not_picked":["Lizard Tail","Runic Pyramid"],"picked":"Busted Crown"},{"not_picked":["Astrolabe","Black Blood"],"picked":"Mark of Pain"}],"items_purged_floors":[2,25,48],"is_endless":false,"potions_floor_spawned":[8,13,18,21,23,29,35,39,40,45],"ascension_level":14}