{"gold_per_floor":[119,119,130,130,130,130,158,169,169,169,181,193,212,229,229,325,325,341,359,284,303,303,303,303,303,303,314,345,12,22,22],"floor_reached":31,"playtime":2053,"items_purged":[],"score":473,"play_id":"0929ded4-e15b-4dcc-8086-a3311e063af9","local_time":"20181007152707","is_ascension_mode":true,"campfire_choices":[{"data":"Redo","floor":6,"key":"SMITH"},{"floor":10,"key":"REST"},{"floor":15,"key":"REST"},{"floor":23,"key":"REST"},{"floor":25,"key":"REST"}],"neow_cost":"","seed_source_timestamp":94506329847720,"circlet_count":0,"master_deck":["Strike_B","Strike_B","Defend_B","Defend_B","Defend_B","Defend_B","Zap+1","Dualcast","Redo+1","Leap","Defragment","Cold Snap","Leap","Leap","Ball Lightning","Doom and Gloom","Core Surge","White Noise","Redo+1","Rebound","White Noise","Mayhem","Stack","Madness","Leap+1"],"relics":["Cracked Core","Blue Candle","Du-Vu Doll","Pocketwatch","Nuclear Battery","Potion Belt","MutagenicStrength","Anchor","Orichalcum"],"potions_floor_usage":[16,16,19,28,30],"damage_taken":[{"damage":0,"enemies":"2 Louse","floor":1,"turns":4},{"damage":11,"enemies":"Small Slimes","floor":3,"turns":4},{"damage":36,"enemies":"Lagavulin","floor":7,"turns":8},{"damage":0,"enemies":"Cultist","floor":8,"turns":4},{"damage":5,"enemies":"3 Louse","floor":11,"turns":3},{"damage":5,"enemies":"Exordium Thugs","floor":12,"turns":5},{"damage":3,"enemies":"Looter","floor":13,"turns":3},{"damage":1,"enemies":"Lots of Slimes","floor":14,"turns":3},{"damage":0,"enemies":"Slime Boss","floor":16,"turns":5},{"damage":5,"enemies":"Spheric Guardian","floor":18,"turns":5},{"damage":23,"enemies":"2 Thieves","floor":19,"turns":4},{"damage":24,"enemies":"Centurion and Healer","floor":21,"turns":5},{"damage":0,"enemies":"Cultist and Chosen","floor":27,"turns":4},{"damage":28,"enemies":"Gremlin Leader","floor":28,"turns":5},{"damage":7,"enemies":"3 Cultists","floor":30,"turns":5},{"damage":29,"enemies":"Sentry and Sphere","floor":31,"turns":5}],"seed_played":"-2024736011755024841","potions_obtained":[{"floor":3,"key":"SneckoOil"},{"floor":11,"key":"PowerPotion"},{"floor":13,"key":"GamblersBrew"},{"floor":14,"key":"Strength Potion"},{"floor":16,"key":"GamblersBrew"},{"floor":19,"key":"Energy Potion"},{"floor":21,"key":"Poison Potion"},{"floor":30,"key":"SpeedPotion"}],"is_trial":false,"path_per_floor":["M","?","M","?","?","R","E","M","T","R","M","M","M","M","R","B",null,"M","M","?","M","?","R","?","R","T","M","E","$","M"],"character_chosen":"DEFECT","items_purchased":["Mayhem","Stack","Madness"],"campfire_rested":4,"item_purchase_floors":[29,29,29],"current_hp_per_floor":[68,61,50,50,50,50,14,14,14,36,31,26,23,22,44,44,67,62,39,39,15,15,37,37,59,59,59,31,31,24,0],"gold":22,"neow_bonus":"","is_prod":false,"is_daily":false,"chose_seed":false,"campfire_upgraded":1,"win_rate":0,"timestamp":1538918827,"path_taken":["M","?","?","?","?","R","E","?","T","R","M","?","M","M","R","BOSS","M","?","?","M","?","R","?","R","T","?","E","?","M","M"],"build_version":"2018-10-04v2","purchased_purges":0,"victory":false,"max_hp_per_floor":[75,75,75,75,75,75,75,75,75,75,75,75,75,75,75,75,75,75,75,75,75,75,75,75,75,75,75,75,75,75,75],"card_choices":[{"not_picked":["Coolheaded","Go for the Eyes"],"picked":"Redo","floor":1},{"not_picked":["Cold Snap","Coolheaded"],"picked":"Leap","floor":3},{"not_picked":["Barrage","Hyperbeam"],"picked":"Defragment","floor":7},{"not_picked":["Reinforced Body","Gash"],"picked":"Cold Snap","floor":8},{"not_picked":["Doom and Gloom","Sunder"],"picked":"Leap","floor":11},{"not_picked":["Self Repair","Beam Cell"],"picked":"Leap","floor":12},{"not_picked":["Undo","Hello World"],"picked":"Ball Lightning","floor":13},{"not_picked":["Gash","Compile Driver"],"picked":"Doom and Gloom","floor":14},{"not_picked":["Meteor Strike","Thunder Strike"],"picked":"Core Surge","floor":16},{"not_picked":["Hologram","Aggregate"],"picked":"White Noise","floor":18},{"not_picked":["Sweeping Beam","Loop"],"picked":"Redo+1","floor":19},{"not_picked":["Streamline","Storm","Barrage"],"picked":"SKIP","floor":21},{"not_picked":["Sweeping Beam","Tempest"],"picked":"Rebound","floor":27},{"not_picked":["Barrage","BootSequence"],"picked":"White Noise","floor":28},{"not_picked":["Reinforced Body+1","Go for the Eyes+1"],"picked":"Leap+1","floor":30}],"player_experience":1059482,"relics_obtained":[{"floor":7,"key":"Du-Vu Doll"},{"floor":9,"key":"Pocketwatch"},{"floor":26,"key":"Anchor"},{"floor":28,"key":"Orichalcum"}],"event_choices":[{"event_name":"Golden Wing","player_choice":"Card Removal","floor":2,"damage_taken":0},{"event_name":"Living Wall","player_choice":"Grow","floor":4,"damage_taken":0},{"event_name":"WeMeetAgain","player_choice":"Potion","floor":5,"damage_taken":0},{"event_name":"Beggar","player_choice":"Gave Gold","floor":20,"damage_taken":0},{"event_name":"The Mausoleum","player_choice":"Yes","floor":22,"damage_taken":0},{"event_name":"Drug Dealer","player_choice":"Inject Mutagens","floor":24,"damage_taken":0}],"is_beta":false,"boss_relics":[{"not_picked":["FrozenCore","Philosopher\u0027s Stone"],"picked":"Nuclear Battery"}],"items_purged_floors":[],"is_endless":false,"potions_floor_spawned":[3,11,13,14,16,19,21,30],"killed_by":"Sentry and Sphere","ascension_level":9}