{"gold_per_floor":[115,115,115,115,132,158,158,185,185,185,197,372,372],"floor_reached":13,"playtime":1880,"items_purged":[],"score":137,"play_id":"8325bb32-b261-48c1-b21c-9863a90428b2","local_time":"20181127093426","is_ascension_mode":true,"campfire_choices":[{"floor":7,"key":"REST"},{"data":"Crippling Poison","floor":10,"key":"SMITH"}],"neow_cost":"NONE","seed_source_timestamp":0,"circlet_count":0,"master_deck":["AscendersBane","Defend_G","Defend_G","Defend_G","Defend_G","Strike_G","Strike_G","Strike_G","Strike_G","Strike_G","Survivor","Neutralize","Noxious Fumes","Die Die Die","Crippling Poison+1","Dash","Adrenaline","Cloak And Dagger","Normality","Distraction","Doubt"],"special_seed":0,"relics":["Cursed Key","Frozen Egg 2","Ninja Scroll","Centennial Puzzle"],"potions_floor_usage":[8,8],"damage_taken":[{"damage":0,"enemies":"2 Louse","floor":1,"turns":2},{"damage":0,"enemies":"Cultist","floor":5,"turns":3},{"damage":24,"enemies":"Lagavulin","floor":6,"turns":7},{"damage":8,"enemies":"Gremlin Nob","floor":8,"turns":4},{"damage":0,"enemies":"Small Slimes","floor":11,"turns":2},{"damage":20,"enemies":"Lagavulin","floor":13,"turns":5}],"seed_played":"8970402508095763276","potions_obtained":[{"floor":5,"key":"GamblersBrew"},{"floor":6,"key":"PowerPotion"}],"is_trial":false,"path_per_floor":["M","?","$","?","M","E","R","E","T","R","M","?","E"],"character_chosen":"THE_SILENT","items_purchased":[],"campfire_rested":1,"item_purchase_floors":[],"current_hp_per_floor":[63,56,56,56,56,32,53,45,45,45,45,45,25],"gold":372,"neow_bonus":"BOSS_RELIC","is_prod":false,"is_daily":false,"chose_seed":false,"campfire_upgraded":1,"win_rate":0,"timestamp":1543307666,"path_taken":["M","?","$","?","?","E","R","E","T","R","M","?","E"],"build_version":"2018-11-15","purchased_purges":0,"victory":false,"max_hp_per_floor":[70,70,70,70,70,70,70,70,70,70,70,70,70],"card_choices":[{"not_picked":["Sucker Punch","Deflect"],"picked":"Noxious Fumes","floor":1},{"not_picked":["Slice","Backstab"],"picked":"Dash","floor":5},{"not_picked":["Acrobatics","Heel Hook"],"picked":"Adrenaline","floor":6},{"not_picked":["Sucker Punch","Dagger Spray"],"picked":"Cloak And Dagger","floor":8},{"not_picked":["Calculated Gamble","Dagger Spray"],"picked":"Distraction","floor":11}],"player_experience":1230658,"relics_obtained":[{"floor":6,"key":"Frozen Egg 2"},{"floor":8,"key":"Ninja Scroll"},{"floor":9,"key":"Centennial Puzzle"}],"event_choices":[{"cards_removed":["Defend_G"],"damage_healed":0,"gold_gain":0,"player_choice":"Card Removal","damage_taken":7,"max_hp_gain":0,"max_hp_loss":0,"event_name":"Golden Wing","floor":2,"gold_loss":0},{"damage_healed":0,"gold_gain":0,"player_choice":"2 cards matched","damage_taken":0,"max_hp_gain":0,"max_hp_loss":0,"event_name":"Match and Keep!","floor":4,"gold_loss":0,"cards_obtained":["Die Die Die","Crippling Poison"]},{"damage_healed":0,"gold_gain":175,"player_choice":"AGREE","damage_taken":0,"max_hp_gain":0,"max_hp_loss":0,"event_name":"Liars Game","floor":12,"gold_loss":0,"cards_obtained":["Doubt"]}],"is_beta":false,"boss_relics":[],"items_purged_floors":[],"is_endless":false,"potions_floor_spawned":[5,6],"killed_by":"Lagavulin","ascension_level":10}