{"gold_per_floor":[116,128,128,128,144,172,172,172,172,172],"floor_reached":10,"playtime":44051,"items_purged":[],"score":99,"play_id":"e7182d4f-8f00-4a22-9657-dcce7877cef4","local_time":"20181201073035","is_ascension_mode":true,"campfire_choices":[{"data":"Envenom","floor":7,"key":"SMITH"}],"neow_cost":"NONE","seed_source_timestamp":1116659945577301,"circlet_count":0,"master_deck":["AscendersBane","Defend_G","Defend_G","Defend_G","Defend_G","Defend_G","Strike_G","Strike_G","Strike_G","Strike_G","Strike_G","Survivor","Neutralize","Bouncing Flask+1","Deflect","Envenom+1","Slice"],"relics":["Ring of the Snake","NeowsBlessing","Ornamental Fan","Potion Belt"],"potions_floor_usage":[6,6],"damage_taken":[{"damage":0,"enemies":"2 Louse","floor":1,"turns":1},{"damage":0,"enemies":"Small Slimes","floor":2,"turns":1},{"damage":0,"enemies":"Jaw Worm","floor":5,"turns":1},{"damage":18,"enemies":"Lagavulin","floor":6,"turns":9},{"damage":0,"enemies":"The Mushroom Lair","floor":10,"turns":1}],"seed_played":"-8445440672939442293","potions_obtained":[{"floor":1,"key":"Poison Potion"},{"floor":5,"key":"SkillPotion"}],"is_trial":false,"path_per_floor":["M","M","?","?","M","E","R","?","T","?"],"character_chosen":"THE_SILENT","items_purchased":[],"campfire_rested":0,"item_purchase_floors":[],"current_hp_per_floor":[63,63,63,63,63,45,45,45,45,45],"gold":172,"neow_bonus":"THREE_ENEMY_KILL","is_prod":false,"is_daily":false,"chose_seed":false,"campfire_upgraded":1,"win_rate":0,"timestamp":1543645835,"path_taken":["M","M","?","?","?","E","R","?","T","?"],"build_version":"2018-11-15","purchased_purges":0,"victory":false,"max_hp_per_floor":[70,70,70,70,70,70,70,70,70,70],"card_choices":[{"not_picked":["Flying Knee","Deadly Poison"],"picked":"Bouncing Flask","floor":1},{"not_picked":["Flying Knee","Outmaneuver"],"picked":"Deflect","floor":2},{"not_picked":["Slice","Dagger Throw"],"picked":"Envenom","floor":5},{"not_picked":["Underhanded Strike","Masterful Stab"],"picked":"Slice","floor":6}],"player_experience":1418796,"relics_obtained":[{"floor":6,"key":"Ornamental Fan"},{"floor":9,"key":"Potion Belt"}],"event_choices":[{"damage_healed":0,"gold_gain":0,"player_choice":"Grow","damage_taken":0,"max_hp_gain":0,"max_hp_loss":0,"event_name":"Living Wall","floor":3,"gold_loss":0,"cards_upgraded":["Bouncing Flask"]},{"damage_healed":0,"gold_gain":0,"player_choice":"Leave","damage_taken":0,"max_hp_gain":0,"max_hp_loss":0,"event_name":"The Cleric","floor":4,"gold_loss":0},{"damage_healed":0,"gold_gain":0,"player_choice":"Ignored","damage_taken":0,"max_hp_gain":0,"max_hp_loss":0,"event_name":"Golden Wing","floor":8,"gold_loss":0},{"damage_healed":0,"gold_gain":0,"player_choice":"Fought Mushrooms","damage_taken":0,"max_hp_gain":0,"max_hp_loss":0,"event_name":"Mushrooms","floor":10,"gold_loss":0}],"is_beta":false,"boss_relics":[],"items_purged_floors":[],"is_endless":false,"potions_floor_spawned":[1,5],"killed_by":"The Mushroom Lair","ascension_level":10}