{"path_per_floor":["M","M","M","M","?","R","E","M","T","$","E"],"character_chosen":"IRONCLAD","items_purchased":["Madness","Ancient Potion"],"gold_per_floor":[113,125,144,155,155,155,187,198,223,45,70,70],"floor_reached":12,"campfire_rested":0,"playtime":384,"current_hp_per_floor":[80,80,80,67,51,51,34,23,23,23,9,0],"items_purged":[],"gold":70,"score":113,"play_id":"d7b428fb-1f0f-43b6-9af5-c7a6fdc969f4","local_time":"20180520105841","is_prod":false,"is_daily":false,"chose_seed":false,"is_ascension_mode":true,"campfire_upgraded":1,"timestamp":1526806721,"campfire_choices":[{"data":"Inflame","floor":6.0,"key":"SMITH"}],"path_taken":["M","M","M","M","?","R","E","M","T","?","E","M"],"build_version":"2018-05-17","seed_source_timestamp":524650913634610,"purchased_purges":1,"victory":false,"master_deck":["Strike_R","Strike_R+1","Strike_R","Strike_R","Strike_R","Defend_R","Defend_R","Defend_R","Defend_R+1","Bash+1","Hemokinesis","Pommel Strike","Inflame+1","Dropkick","Madness","Berserk"],"max_hp_per_floor":[80,80,80,80,80,80,80,80,80,80,80,80],"relics":["Burning Blood","Dead Branch","Regal Pillow","Juzu Bracelet"],"card_choices":[{"not_picked":["Cleave","Flex"],"picked":"Hemokinesis","floor":1.0},{"not_picked":["Twin Strike","Heavy Blade"],"picked":"Pommel Strike","floor":2.0},{"not_picked":["Wild Strike","Second Wind","Clash"],"picked":"SKIP","floor":3.0},{"not_picked":["Thunderclap","Perfected Strike"],"picked":"Inflame","floor":4.0},{"not_picked":["Corruption","Wild Strike"],"picked":"Dropkick","floor":7.0},{"not_picked":["Clothesline","Burning Pact","Havoc"],"picked":"SKIP","floor":8.0},{"not_picked":["Infernal Blade","Armaments"],"picked":"Berserk","floor":11}],"player_experience":496111,"potions_floor_usage":[11],"damage_taken":[{"damage":0.0,"enemies":"Small Slimes","floor":1.0,"turns":3.0},{"damage":5.0,"enemies":"Jaw Worm","floor":2.0,"turns":3.0},{"damage":3.0,"enemies":"Cultist","floor":3.0,"turns":2.0},{"damage":19.0,"enemies":"3 Louse","floor":4.0,"turns":4.0},{"damage":23.0,"enemies":"3 Sentries","floor":7.0,"turns":6.0},{"damage":17.0,"enemies":"Red Slaver","floor":8.0,"turns":2.0},{"damage":20,"enemies":"Lagavulin","floor":11,"turns":5},{"damage":9,"enemies":"Exordium Thugs","floor":12,"turns":4}],"relics_obtained":[{"floor":7.0,"key":"Dead Branch"},{"floor":9.0,"key":"Regal Pillow"},{"floor":11,"key":"Juzu Bracelet"}],"event_choices":[{"event_name":"Shining Light","player_choice":"Entered Light","floor":5.0,"damage_taken":0.0}],"boss_relics":[],"potions_floor_spawned":[3,7],"seed_played":"447237807792894533","killed_by":"Exordium Thugs","ascension_level":5,"potions_obtained":[{"floor":3.0,"key":"PowerPotion"},{"floor":7.0,"key":"AttackPotion"}],"is_trial":false}