{"gold_per_floor":[111,127,26,38,51,51,83,83,83,83,101,101,101,119,119,214,214,226,186,186],"floor_reached":20,"playtime":1177,"items_purged":["Dual Wield"],"score":278,"play_id":"6831ab1a-1dd7-4032-a815-f9e4398f2bbf","local_time":"20190120221120","is_ascension_mode":true,"campfire_choices":[{"floor":6,"key":"REST"},{"floor":8,"key":"REST"},{"data":"Second Wind","floor":13,"key":"SMITH"},{"data":"Evolve","floor":15,"key":"SMITH"}],"neow_cost":"TEN_PERCENT_HP_LOSS","seed_source_timestamp":12707518954169540,"circlet_count":0,"master_deck":["AscendersBane","Strike_R","Strike_R","Strike_R","Strike_R","Defend_R","Defend_R","Bash","Evolve+1","Armaments","Clothesline","Flex+1","Uppercut","Second Wind+1","Intimidate","Corruption","Rampage","Exhume","Pain","Decay","Decay","Flex"],"relics":["Burning Blood","Pen Nib","Happy Flower","Calling Bell","Lantern","Darkstone Periapt","Pocketwatch"],"potions_floor_usage":[7,7],"damage_taken":[{"damage":29,"enemies":"Jaw Worm","floor":1,"turns":5},{"damage":9,"enemies":"Cultist","floor":2,"turns":5},{"damage":7,"enemies":"Small Slimes","floor":4,"turns":3},{"damage":19,"enemies":"Red Slaver","floor":5,"turns":5},{"damage":15,"enemies":"Gremlin Nob","floor":7,"turns":5},{"damage":25,"enemies":"Exordium Wildlife","floor":11,"turns":5},{"damage":0,"enemies":"Exordium Thugs","floor":14,"turns":4},{"damage":46,"enemies":"Hexaghost","floor":16,"turns":10},{"damage":44,"enemies":"Spheric Guardian","floor":18,"turns":6},{"damage":19,"enemies":"Chosen","floor":20,"turns":5}],"seed_played":"7897751942745471886","potions_obtained":[{"floor":1,"key":"FearPotion"},{"floor":4,"key":"Dexterity Potion"},{"floor":14,"key":"Energy Potion"},{"floor":19,"key":"EntropicBrew"}],"is_trial":false,"path_per_floor":["M","M","$","M","M","R","E","R","T","?","M","?","R","M","R","B",null,"M","?","M"],"character_chosen":"IRONCLAD","items_purchased":["Flex"],"campfire_rested":2,"item_purchase_floors":[3],"current_hp_per_floor":[49,46,46,45,32,53,44,65,65,65,46,46,46,52,52,12,57,19,19,0],"gold":186,"neow_bonus":"TRANSFORM_TWO_CARDS","is_prod":false,"is_daily":false,"chose_seed":false,"campfire_upgraded":2,"win_rate":0,"timestamp":1548018680,"path_taken":["M","M","$","M","M","R","E","R","T","?","?","?","R","M","R","BOSS","M","?","?"],"build_version":"2019-01-17v2","purchased_purges":1,"victory":false,"max_hp_per_floor":[72,72,72,72,72,72,72,72,72,72,72,72,72,72,72,72,72,72,72,72],"card_choices":[{"not_picked":["Blood for Blood","Wild Strike"],"picked":"Armaments","floor":1},{"not_picked":["Clash","Anger"],"picked":"Clothesline","floor":2},{"not_picked":["True Grit","Anger"],"picked":"Uppercut","floor":4},{"not_picked":["Havoc","Twin Strike"],"picked":"Second Wind","floor":5},{"not_picked":["Fiend Fire","Warcry","Flame Barrier"],"picked":"SKIP","floor":7},{"not_picked":["Headbutt","Bloodletting"],"picked":"Intimidate","floor":11},{"not_picked":["True Grit","Thunderclap"],"picked":"Rampage","floor":14},{"not_picked":["Fiend Fire","Barricade"],"picked":"Exhume","floor":16},{"not_picked":["Hemokinesis","Cleave"],"picked":"Flex","floor":18}],"player_experience":283723,"relics_obtained":[{"floor":7,"key":"Pen Nib"},{"floor":9,"key":"Happy Flower"},{"floor":17,"key":"Lantern"},{"floor":17,"key":"Darkstone Periapt"},{"floor":17,"key":"Pocketwatch"}],"event_choices":[{"damage_healed":0,"gold_gain":0,"player_choice":"Upgraded","damage_taken":0,"max_hp_gain":0,"max_hp_loss":0,"event_name":"Upgrade Shrine","floor":10,"gold_loss":0,"cards_upgraded":["Flex"]},{"damage_healed":0,"gold_gain":0,"cards_transformed":["Defend_R"],"player_choice":"Change","damage_taken":0,"max_hp_gain":0,"max_hp_loss":0,"event_name":"Living Wall","floor":12,"gold_loss":0,"cards_obtained":["Corruption"]},{"damage_healed":0,"gold_gain":0,"player_choice":"Bought 3 Potions","damage_taken":0,"max_hp_gain":0,"max_hp_loss":0,"event_name":"The Woman in Blue","floor":19,"gold_loss":0}],"is_beta":false,"boss_relics":[{"not_picked":["Fusion Hammer","Velvet Choker"],"picked":"Calling Bell"}],"items_purged_floors":[3],"is_endless":false,"potions_floor_spawned":[1,4,14],"killed_by":"Chosen","ascension_level":12}