{"gold_per_floor":[113,213,233,308,308,333,333,362,362,394,413,413,429,442,442,521,521,536,586,586,149,249,284,284,312,312,345,377,389,416,461,473,558,570,598,625,637,529,549,577,577,605,630,630,647,43,78,95,95,95,95,95,95,45,74,74],"floor_reached":56,"playtime":2420,"items_purged":["Hemokinesis","Combust","Defend_R","Bite+1"],"score":2447,"play_id":"5b568f29-51ac-47f1-8ab1-977eaea75ee7","local_time":"20181102231113","is_ascension_mode":true,"campfire_choices":[{"data":"Bash","floor":7.0,"key":"SMITH"},{"data":"Carnage","floor":15.0,"key":"SMITH"},{"data":"Offering","floor":24.0,"key":"SMITH"},{"data":"Flame Barrier","floor":32.0,"key":"SMITH"},{"data":"Limit Break","floor":41.0,"key":"SMITH"},{"data":"Shockwave","floor":44.0,"key":"SMITH"},{"floor":49.0,"key":"RECALL"},{"data":"Shrug It Off","floor":53.0,"key":"SMITH"}],"neow_cost":"NONE","seed_source_timestamp":142624429904312,"circlet_count":0,"master_deck":["AscendersBane","Defend_R","Defend_R","Defend_R","Bash+1","Carnage+1","Hemokinesis+1","Feed+1","Uppercut+1","Iron Wave+1","Feed+1","Flame Barrier+1","Bite+1","Bite+1","Bite+1","Bite+1","Offering+1","Reaper+1","Shrug It Off","Immolate+1","Whirlwind+1","Limit Break+1","Shrug It Off+1","Shockwave+1","Shrug It Off","Shrug It Off","Heavy Blade+1","Heavy Blade+1","Sword Boomerang+1","Pummel+1","Shrug It Off"],"special_seed":0,"relics":["Burning Blood","NeowsBlessing","Singing Bowl","Molten Egg 2","Smiling Mask","Blue Candle","Bronze Scales","Velvet Choker","Brimstone","StoneCalendar","The Courier","Bottled Lightning","Pantograph","Pear","MawBank","Turnip","Coffee Dripper","PreservedInsect","Mango","Red Skull","Toy Ornithopter","Orichalcum","Happy Flower","Strawberry"],"potions_floor_usage":[56],"damage_taken":[{"damage":0.0,"enemies":"Small Slimes","floor":1.0,"turns":1.0},{"damage":0.0,"enemies":"Cultist","floor":3.0,"turns":1.0},{"damage":0.0,"enemies":"Lagavulin","floor":6.0,"turns":1.0},{"damage":2.0,"enemies":"Gremlin Nob","floor":8.0,"turns":2.0},{"damage":37.0,"enemies":"Lagavulin","floor":10.0,"turns":5.0},{"damage":9.0,"enemies":"Jaw Worm","floor":11.0,"turns":3.0},{"damage":10.0,"enemies":"2 Fungi Beasts","floor":13.0,"turns":3.0},{"damage":2.0,"enemies":"3 Louse","floor":14.0,"turns":5.0},{"damage":39.0,"enemies":"Hexaghost","floor":16.0,"turns":9.0},{"damage":16.0,"enemies":"3 Byrds","floor":18.0,"turns":3.0},{"damage":16.0,"enemies":"Colosseum Slavers","floor":22.0,"turns":3.0},{"damage":8.0,"enemies":"Colosseum Nobs","floor":22.0,"turns":3.0},{"damage":40.0,"enemies":"Book of Stabbing","floor":23.0,"turns":3.0},{"damage":23.0,"enemies":"Slavers","floor":25.0,"turns":4.0},{"damage":25.0,"enemies":"Book of Stabbing","floor":27.0,"turns":2.0},{"damage":6.0,"enemies":"Chosen","floor":28.0,"turns":2.0},{"damage":6.0,"enemies":"Snake Plant","floor":30.0,"turns":1.0},{"damage":6.0,"enemies":"Gremlin Leader","floor":31.0,"turns":3.0},{"damage":29.0,"enemies":"Collector","floor":33.0,"turns":6.0},{"damage":8.0,"enemies":"Orb Walker","floor":35.0,"turns":2.0},{"damage":6.0,"enemies":"3 Shapes","floor":36.0,"turns":3.0},{"damage":38.0,"enemies":"Spire Growth","floor":39.0,"turns":3.0},{"damage":45.0,"enemies":"Giant Head","floor":40.0,"turns":6.0},{"damage":6.0,"enemies":"Reptomancer","floor":42.0,"turns":2.0},{"damage":10.0,"enemies":"Transient","floor":45.0,"turns":6.0},{"damage":10.0,"enemies":"Giant Head","floor":47.0,"turns":4.0},{"damage":11.0,"enemies":"Jaw Worm Horde","floor":48.0,"turns":2.0},{"damage":77.0,"enemies":"Awakened One","floor":50.0,"turns":7.0},{"damage":96.0,"enemies":"Donu and Deca","floor":51.0,"turns":7.0},{"damage":29.0,"enemies":"Shield and Spear","floor":55.0,"turns":3.0},{"damage":207,"enemies":"The Heart","floor":56,"turns":6}],"seed_played":"-5359149119623598352","potions_obtained":[{"floor":1.0,"key":"Energy Potion"},{"floor":6.0,"key":"Ancient Potion"},{"floor":10.0,"key":"GamblersBrew"},{"floor":18.0,"key":"GamblersBrew"},{"floor":22.0,"key":"EssenceOfSteel"},{"floor":23.0,"key":"Strength Potion"},{"floor":25.0,"key":"FearPotion"},{"floor":30.0,"key":"Strength Potion"},{"floor":45.0,"key":"FearPotion"}],"is_trial":false,"path_per_floor":["M","?","M","?","?","E","R","E","T","E","M","?","M","M","R","B",null,"M","?","?","$","?","E","R","E","T","E","M","?","M","E","R","B",null,"M","M","?","$","M","E","R","E","T","R","M","$","E","M","R","B","B",null,"R","$","E","B"],"character_chosen":"IRONCLAD","items_purchased":["Brimstone","Offering","Shockwave","Shrug It Off","Pummel+1","Shrug It Off","Red Skull","Toy Ornithopter","Orichalcum"],"campfire_rested":0,"item_purchase_floors":[21,21,38,38,46,46,46,46,46],"current_hp_per_floor":[74,74,75,64,59,65,65,69,69,42,41,41,41,49,49,16,71,65,65,65,65,79,51,51,72,82,72,84,84,91,104,104,117,117,119,119,119,119,102,102,102,125,125,125,137,137,139,141,141,92,70,129,129,129,140,0],"gold":74,"neow_bonus":"THREE_ENEMY_KILL","is_prod":false,"is_daily":false,"chose_seed":false,"campfire_upgraded":7,"win_rate":0,"timestamp":1541214673,"path_taken":["M","?","?","?","?","E","R","E","T","E","M","?","M","M","R","BOSS","M","?","?","$","?","E","R","E","T","E","M","?","M","E","R","BOSS","M","M","?","$","M","E","R","E","T","R","M","$","E","M","R","BOSS","BOSS","R","$","E","BOSS"],"build_version":"2018-11-01v2","purchased_purges":4,"victory":false,"max_hp_per_floor":[75,75,75,75,75,75,75,75,75,79,81,81,85,89,89,89,89,93,93,65,65,79,83,83,93,103,103,109,109,113,117,117,117,117,119,119,119,119,123,123,123,137,137,137,137,137,139,141,141,145,149,149,149,149,158,158],"card_choices":[{"not_picked":["Infernal Blade","Pommel Strike"],"picked":"Hemokinesis","floor":1.0},{"not_picked":["Sword Boomerang","Reckless Charge"],"picked":"Carnage","floor":3.0},{"not_picked":["Ghostly Armor","Headbutt"],"picked":"Hemokinesis","floor":6.0},{"not_picked":["Metallicize","Searing Blow+1"],"picked":"Feed+1","floor":8.0},{"not_picked":["Shrug It Off","Anger+1"],"picked":"Uppercut+1","floor":10.0},{"not_picked":["Searing Blow+1","Seeing Red","Perfected Strike+1"],"picked":"Singing Bowl","floor":11.0},{"not_picked":["Twin Strike+1","Shockwave"],"picked":"Combust","floor":13.0},{"not_picked":["Perfected Strike+1","Clash+1"],"picked":"Iron Wave+1","floor":14.0},{"not_picked":["Exhume","Dark Embrace"],"picked":"Feed+1","floor":16.0},{"not_picked":["Wild Strike+1","Havoc"],"picked":"Flame Barrier","floor":18.0},{"not_picked":["Flex","Bloodletting","Power Through"],"picked":"Singing Bowl","floor":22.0},{"not_picked":["Rupture+1","Havoc+1"],"picked":"Reaper+1","floor":23.0},{"not_picked":["Armaments+1","Metallicize","Flex"],"picked":"Singing Bowl","floor":25.0},{"not_picked":["Flex+1","Blood for Blood+1"],"picked":"Shrug It Off","floor":27.0},{"not_picked":["Inflame","Corruption","True Grit"],"picked":"Singing Bowl","floor":28.0},{"not_picked":["Shockwave","Havoc"],"picked":"Immolate+1","floor":30.0},{"not_picked":["Sentinel","Clothesline+1"],"picked":"Whirlwind+1","floor":31.0},{"not_picked":["Brutality","Feed+1"],"picked":"Limit Break","floor":33.0},{"not_picked":["Cleave+1","Infernal Blade","Whirlwind+1"],"picked":"Singing Bowl","floor":35.0},{"not_picked":["Flex+1","Thunderclap+1"],"picked":"Shrug It Off","floor":36.0},{"not_picked":["Flex","Spot Weakness"],"picked":"Shrug It Off","floor":39.0},{"not_picked":["Thunderclap+1","Perfected Strike+1"],"picked":"Heavy Blade+1","floor":40.0},{"not_picked":["Headbutt+1","Flex+1"],"picked":"Heavy Blade+1","floor":42.0},{"not_picked":["Sever Soul+1","Power Through"],"picked":"Sword Boomerang+1","floor":45.0},{"not_picked":["Wild Strike+1","Barricade","Clothesline+1"],"picked":"Singing Bowl","floor":47.0},{"not_picked":["Anger+1","Clothesline+1","Corruption"],"picked":"Singing Bowl","floor":48.0},{"not_picked":["Wild Strike+1","Blood for Blood+1","Rampage+1"],"picked":"Singing Bowl","floor":55.0}],"player_experience":1135204,"relics_obtained":[{"floor":6.0,"key":"Molten Egg 2"},{"floor":8.0,"key":"Smiling Mask"},{"floor":9.0,"key":"Blue Candle"},{"floor":10.0,"key":"Bronze Scales"},{"floor":22.0,"key":"StoneCalendar"},{"floor":22.0,"key":"The Courier"},{"floor":23.0,"key":"Bottled Lightning"},{"floor":25.0,"key":"Pantograph"},{"floor":26.0,"key":"Pear"},{"floor":27.0,"key":"MawBank"},{"floor":31.0,"key":"Turnip"},{"floor":40.0,"key":"PreservedInsect"},{"floor":42.0,"key":"Mango"},{"floor":47.0,"key":"Happy Flower"},{"floor":55.0,"key":"Strawberry"}],"event_choices":[{"damage_healed":0.0,"max_hp_gain":0.0,"max_hp_loss":0.0,"gold_gain":100.0,"event_name":"Wheel of Change","player_choice":"Gold","floor":2.0,"gold_loss":0.0,"damage_taken":0.0},{"damage_healed":0.0,"max_hp_gain":0.0,"max_hp_loss":0.0,"gold_gain":75.0,"event_name":"World of Goop","player_choice":"Gather Gold","floor":4.0,"gold_loss":0.0,"damage_taken":11.0},{"damage_healed":0.0,"max_hp_gain":0.0,"max_hp_loss":0.0,"gold_gain":0.0,"event_name":"Scrap Ooze","player_choice":"Success","floor":5.0,"gold_loss":0.0,"damage_taken":5.0,"relics_obtained":["Singing Bowl"]},{"damage_healed":0.0,"max_hp_gain":0.0,"max_hp_loss":0.0,"gold_gain":30.0,"event_name":"Dead Adventurer","player_choice":"Searched \u00271\u0027 times","floor":12.0,"gold_loss":0.0,"damage_taken":0.0},{"damage_healed":0.0,"max_hp_gain":0.0,"max_hp_loss":0.0,"gold_gain":50.0,"event_name":"Nest","player_choice":"Stole From Cult","floor":19.0,"gold_loss":0.0,"damage_taken":0.0},{"damage_healed":0.0,"max_hp_gain":0.0,"max_hp_loss":28.0,"gold_gain":0.0,"event_name":"Vampires","player_choice":"Became a vampire","floor":20.0,"gold_loss":0.0,"damage_taken":0.0,"cards_obtained":["Bite","Bite","Bite","Bite","Bite"]},{"damage_healed":0.0,"max_hp_gain":0.0,"max_hp_loss":0.0,"gold_gain":0.0,"event_name":"Colosseum","player_choice":"Fight","floor":22.0,"gold_loss":0.0,"damage_taken":0.0},{"damage_healed":0.0,"max_hp_gain":0.0,"max_hp_loss":0.0,"gold_gain":0.0,"event_name":"Colosseum","player_choice":"Fought Nobs","floor":22.0,"gold_loss":0.0,"damage_taken":0.0},{"damage_healed":0.0,"max_hp_gain":0.0,"max_hp_loss":0.0,"gold_gain":0.0,"event_name":"The Mausoleum","player_choice":"Ignored","floor":29.0,"gold_loss":0.0,"damage_taken":0.0},{"damage_healed":0.0,"max_hp_gain":0.0,"max_hp_loss":0.0,"gold_gain":0.0,"event_name":"Match and Keep!","player_choice":"0 cards matched","floor":37.0,"gold_loss":0.0,"damage_taken":0.0,"cards_obtained":[]}],"is_beta":true,"boss_relics":[{"not_picked":["Astrolabe","Orrery"],"picked":"Velvet Choker"},{"not_picked":["Tiny House","Lizard Tail"],"picked":"Coffee Dripper"}],"items_purged_floors":[21,38,46,54],"is_endless":false,"potions_floor_spawned":[1,6,10,11,18,22,23,25,30,35,39,45,48],"killed_by":"The Heart","ascension_level":20}