{"gold_per_floor":[113,131,131,144,159,159,191,203,215,258,195,229,229,229],"floor_reached":14,"playtime":1157,"items_purged":["Strike_R"],"score":138,"play_id":"f7f00f08-fcbe-4b2a-b57f-7fefefea8368","local_time":"20190206123516","is_ascension_mode":true,"campfire_choices":[{"data":"Bash","floor":6,"key":"SMITH"},{"data":"Dropkick","floor":8,"key":"SMITH"}],"neow_cost":"NONE","seed_source_timestamp":183912555269139,"circlet_count":0,"master_deck":["Strike_R","Strike_R","Strike_R","Strike_R","Defend_R","Defend_R","Defend_R","Defend_R","Bash+1","Iron Wave","Cleave","Blood for Blood","Dropkick+1"],"relics":["Burning Blood","MawBank","Mummified Hand","Calipers","Pear","Omamori"],"potions_floor_usage":[7,10,12,14],"damage_taken":[{"damage":0,"enemies":"Small Slimes","floor":1,"turns":3},{"damage":0,"enemies":"2 Louse","floor":2,"turns":2},{"damage":11,"enemies":"Jaw Worm","floor":4,"turns":2},{"damage":18,"enemies":"3 Louse","floor":5,"turns":4},{"damage":30,"enemies":"3 Sentries","floor":7,"turns":8},{"damage":31,"enemies":"Lagavulin","floor":10,"turns":5},{"damage":28,"enemies":"Gremlin Nob","floor":12,"turns":4},{"damage":6,"enemies":"Exordium Wildlife","floor":14,"turns":1}],"seed_played":"3929308525421045891","potions_obtained":[{"floor":2,"key":"FearPotion"},{"floor":5,"key":"Regen Potion"},{"floor":7,"key":"AttackPotion"},{"floor":12,"key":"SkillPotion"}],"is_trial":false,"path_per_floor":["M","M","?","M","M","R","E","R","T","E","$","E","?","M"],"character_chosen":"IRONCLAD","items_purchased":[],"campfire_rested":0,"item_purchase_floors":[],"current_hp_per_floor":[80,80,85,80,68,68,44,44,44,33,33,21,3,0],"gold":229,"neow_bonus":"THREE_CARDS","is_prod":false,"is_daily":false,"chose_seed":false,"campfire_upgraded":2,"win_rate":0,"timestamp":1549485316,"path_taken":["M","M","?","M","M","R","E","R","T","E","$","E","?","M"],"build_version":"2019-01-23","purchased_purges":1,"victory":false,"max_hp_per_floor":[80,80,85,85,85,85,85,85,85,85,85,95,95,95],"card_choices":[{"not_picked":["Power Through","Clothesline"],"picked":"Iron Wave","floor":0},{"not_picked":["Blood for Blood","Headbutt"],"picked":"Cleave","floor":1},{"not_picked":["Clothesline","Havoc"],"picked":"Blood for Blood","floor":2},{"not_picked":["Iron Wave","Havoc"],"picked":"Dropkick","floor":4},{"not_picked":["Body Slam","Combust","Sword Boomerang"],"picked":"SKIP","floor":5},{"not_picked":["Battle Trance","Sword Boomerang","Armaments"],"picked":"SKIP","floor":7},{"not_picked":["Headbutt","Armaments","Bloodletting"],"picked":"SKIP","floor":10},{"not_picked":["Sever Soul","Feel No Pain","Burning Pact"],"picked":"SKIP","floor":12}],"player_experience":98925,"relics_obtained":[{"floor":7,"key":"MawBank"},{"floor":9,"key":"Mummified Hand"},{"floor":10,"key":"Calipers"},{"floor":12,"key":"Pear"}],"event_choices":[{"damage_healed":0,"gold_gain":0,"player_choice":"Donut","damage_taken":0,"max_hp_gain":5,"max_hp_loss":0,"event_name":"Big Fish","floor":3,"gold_loss":0},{"damage_healed":0,"gold_gain":0,"player_choice":"Success","damage_taken":18,"relics_obtained":["Omamori"],"max_hp_gain":0,"max_hp_loss":0,"event_name":"Scrap Ooze","floor":13,"gold_loss":0}],"is_beta":false,"boss_relics":[],"items_purged_floors":[11],"is_endless":false,"potions_floor_spawned":[2,5,7,12],"killed_by":"Exordium Wildlife","ascension_level":1}