{"gold_per_floor":[119,84,84,84,99,99,110,138,138,212,212,212],"floor_reached":12,"playtime":305,"items_purged":[],"score":103,"play_id":"fce9894f-2d93-4049-a543-5edfb7990499","local_time":"20180711225614","is_ascension_mode":true,"campfire_choices":[{"data":"Bash","floor":6.0,"key":"SMITH"}],"neow_cost":"NONE","seed_source_timestamp":0,"circlet_count":0,"master_deck":["Strike_R","Strike_R","Strike_R","Defend_R","Defend_R+1","Defend_R","Defend_R","Bash+1","Second Wind","True Grit+1","Dropkick","Spot Weakness","Ghostly Armor"],"special_seed":0,"relics":["Burning Blood","Gremlin Horn","Pantograph","The Courier"],"potions_floor_usage":[8],"damage_taken":[{"damage":14.0,"enemies":"Jaw Worm","floor":1.0,"turns":4.0},{"damage":0.0,"enemies":"2 Louse","floor":5.0,"turns":3.0},{"damage":12,"enemies":"Small Slimes","floor":7,"turns":5},{"damage":34,"enemies":"Gremlin Nob","floor":8,"turns":5},{"damage":26,"enemies":"Lagavulin","floor":12,"turns":4}],"seed_played":"463401672217452560","potions_obtained":[{"floor":1.0,"key":"FearPotion"}],"is_trial":false,"path_per_floor":["M","?","?","?","M","R","M","E","T","?","?"],"character_chosen":"IRONCLAD","items_purchased":[],"campfire_rested":0,"item_purchase_floors":[],"current_hp_per_floor":[64,80,68,52,58,58,52,24,24,24,24,0],"gold":212,"neow_bonus":"TRANSFORM_CARD","is_prod":false,"is_daily":false,"chose_seed":false,"campfire_upgraded":1,"win_rate":0,"timestamp":1531342574,"path_taken":["M","?","?","?","?","R","M","E","T","?","?","E"],"build_version":"2018-07-05","purchased_purges":0,"victory":false,"max_hp_per_floor":[80,80,80,80,80,80,80,80,80,80,80,80],"card_choices":[{"not_picked":["Entrench","Corruption"],"picked":"True Grit","floor":1.0},{"not_picked":["Clothesline","Headbutt"],"picked":"Dropkick","floor":5.0},{"not_picked":["Clash","Reckless Charge"],"picked":"Spot Weakness","floor":7},{"not_picked":["Headbutt","Intimidate"],"picked":"Ghostly Armor","floor":8}],"player_experience":828742,"relics_obtained":[{"floor":8,"key":"Pantograph"},{"floor":9,"key":"The Courier"}],"event_choices":[{"event_name":"The Cleric","player_choice":"Healed","floor":2.0,"damage_taken":0.0},{"event_name":"Scrap Ooze","player_choice":"success","floor":3.0,"damage_taken":12.0},{"event_name":"Shining Light","player_choice":"Entered Light","floor":4.0,"damage_taken":0.0},{"event_name":"Golden Wing","player_choice":"Gained Gold","floor":10,"damage_taken":0},{"event_name":"Purifier","player_choice":"One Purge","floor":11,"damage_taken":0}],"boss_relics":[],"items_purged_floors":[],"is_endless":false,"potions_floor_spawned":[1],"killed_by":"Lagavulin","ascension_level":7}