{"gold_per_floor":[111,111,61,61,61,97,97,122,146,146,171,192,117,161,161,291,291,305,81,6,6,6,45,45,83,83,108,108,124,124,148,148,276,276,294,317,317,317,317,317,340,340,413,426,20,43,43,66,66,66],"floor_reached":51,"playtime":16133,"items_purged":["Defend_G","Defend_G"],"score":743,"play_id":"efb05602-2c2e-404c-8e05-8a4bedb5cbdc","local_time":"20190214083553","is_ascension_mode":false,"campfire_choices":[{"data":"Cloak And Dagger","floor":7,"key":"SMITH"},{"data":"Leg Sweep","floor":15,"key":"SMITH"},{"data":"Footwork","floor":24,"key":"SMITH"},{"data":"Well Laid Plans","floor":28,"key":"SMITH"},{"data":"Cloak And Dagger","floor":30,"key":"SMITH"},{"floor":32,"key":"REST"},{"floor":40,"key":"REST"},{"data":"Skewer","floor":47,"key":"SMITH"},{"floor":49,"key":"REST"}],"neow_cost":"NONE","seed_source_timestamp":1931070346958635,"circlet_count":0,"master_deck":["Defend_G+1","Defend_G","Strike_G","Strike_G+1","Strike_G","Survivor","Leg Sweep+1","Cloak And Dagger+1","Quick Slash","Venomology","Finisher","Adrenaline","Well Laid Plans+1","Cloak And Dagger+1","Footwork+1","RitualDagger","Cloak And Dagger+1","Malaise+1","Madness+1","Madness+1","Finisher+1","Accuracy+1","Caltrops+1","Skewer+1"],"relics":["Ring of the Snake","NeowsBlessing","Golden Idol","Vajra","Omamori","Meat on the Bone","WristBlade","Orichalcum","Toxic Egg 2","Frozen Egg 2","Busted Crown","Pear","Paper Crane"],"potions_floor_usage":[14,14,16,16,16,25,25,31,31,33,33,33,35,44,46,48,48,50,50,50],"damage_taken":[{"damage":0,"enemies":"2 Louse","floor":1,"turns":1},{"damage":0,"enemies":"3 Sentries","floor":6,"turns":1},{"damage":0,"enemies":"Jaw Worm","floor":8,"turns":1},{"damage":0,"enemies":"Small Slimes","floor":11,"turns":3},{"damage":2,"enemies":"3 Louse","floor":12,"turns":5},{"damage":0,"enemies":"Gremlin Nob","floor":14,"turns":3},{"damage":12,"enemies":"Slime Boss","floor":16,"turns":11},{"damage":4,"enemies":"2 Thieves","floor":18,"turns":4},{"damage":6,"enemies":"Book of Stabbing","floor":23,"turns":7},{"damage":0,"enemies":"Gremlin Leader","floor":25,"turns":9},{"damage":0,"enemies":"Chosen","floor":27,"turns":3},{"damage":2,"enemies":"3 Cultists","floor":29,"turns":6},{"damage":0,"enemies":"Shelled Parasite and Fungi","floor":31,"turns":5},{"damage":18,"enemies":"Collector","floor":33,"turns":9},{"damage":19,"enemies":"3 Shapes","floor":35,"turns":4},{"damage":0,"enemies":"3 Darklings","floor":36,"turns":6},{"damage":0,"enemies":"Writhing Mass","floor":41,"turns":8},{"damage":16,"enemies":"Spire Growth","floor":44,"turns":4},{"damage":12,"enemies":"Jaw Worm Horde","floor":46,"turns":4},{"damage":16,"enemies":"3 Darklings","floor":48,"turns":4},{"damage":23,"enemies":"Time Eater","floor":50,"turns":14}],"seed_played":"876756421884324460","potions_obtained":[{"floor":6,"key":"GhostInAJar"},{"floor":8,"key":"Poison Potion"},{"floor":12,"key":"Block Potion"},{"floor":14,"key":"Energy Potion"},{"floor":16,"key":"Weak Potion"},{"floor":25,"key":"AttackPotion"},{"floor":29,"key":"Energy Potion"},{"floor":35,"key":"PowerPotion"},{"floor":46,"key":"PowerPotion"}],"is_trial":false,"path_per_floor":["M","?","?","?","?","E","R","M","T","?","M","M","$","E","R","B",null,"M","$","?","$","?","E","R","E","T","M","R","M","R","M","R","B",null,"M","M","?","?","?","R","M","?","T","M","$","M","R","M","R","B",null],"character_chosen":"THE_SILENT","items_purchased":["Cloak And Dagger","Footwork","Paper Crane","Caltrops+1","Skewer"],"campfire_rested":3,"item_purchase_floors":[19,19,45,45,45],"current_hp_per_floor":[70,70,70,53,39,39,39,39,39,56,56,54,54,54,54,42,70,66,66,66,66,60,54,54,54,54,54,54,52,52,52,70,52,70,51,51,51,42,42,63,63,63,73,57,57,45,45,41,65,42],"gold":66,"neow_bonus":"THREE_ENEMY_KILL","is_prod":false,"is_daily":false,"chose_seed":false,"campfire_upgraded":6,"win_rate":0.0,"timestamp":1550100953,"path_taken":["M","?","?","?","?","E","R","M","T","?","?","M","$","E","R","BOSS","M","?","?","?","?","E","R","E","T","M","R","?","R","M","R","BOSS","M","M","?","?","?","R","M","?","T","M","$","M","R","M","R","BOSS"],"build_version":"2019-01-23","purchased_purges":2,"victory":true,"max_hp_per_floor":[70,70,70,70,70,70,70,70,70,70,70,70,70,70,70,70,70,70,70,70,70,70,70,70,70,70,70,70,70,70,70,70,70,70,70,70,70,70,70,70,70,70,80,80,80,80,80,80,80,80],"card_choices":[{"not_picked":["Deflect","PiercingWail"],"picked":"Leg Sweep","floor":1},{"not_picked":["Eviscerate","Deadly Poison"],"picked":"Cloak And Dagger","floor":6},{"not_picked":["Bane","Poisoned Stab"],"picked":"Quick Slash","floor":8},{"not_picked":["Eviscerate","Deflect"],"picked":"Venomology","floor":11},{"not_picked":["Underhanded Strike","Caltrops","Cloak And Dagger"],"picked":"SKIP","floor":12},{"not_picked":["Calculated Gamble","Poisoned Stab"],"picked":"Finisher","floor":14},{"not_picked":["Night Terror","Venomology"],"picked":"Adrenaline","floor":16},{"not_picked":["Dagger Throw","Flying Knee"],"picked":"Well Laid Plans","floor":18},{"not_picked":["Slice+1","Bane"],"picked":"Cloak And Dagger+1","floor":23},{"not_picked":["Underhanded Strike","Eviscerate+1","Tactician"],"picked":"SKIP","floor":25},{"not_picked":["Noxious Fumes+1","Flying Knee","Heel Hook"],"picked":"SKIP","floor":27},{"not_picked":["Underhanded Strike","Deflect+1","Bouncing Flask+1"],"picked":"SKIP","floor":29},{"not_picked":["Poisoned Stab","Bouncing Flask+1","Sucker Punch+1"],"picked":"SKIP","floor":31},{"not_picked":["Die Die Die","Tools of the Trade+1"],"picked":"Malaise+1","floor":33},{"not_picked":["Backflip+1"],"picked":"SKIP","floor":35},{"not_picked":["Outmaneuver+1"],"picked":"SKIP","floor":36},{"not_picked":[],"picked":"Finisher+1","floor":41},{"not_picked":[],"picked":"Accuracy+1","floor":44},{"not_picked":["Calculated Gamble+1"],"picked":"SKIP","floor":46},{"not_picked":["Poisoned Stab+1"],"picked":"SKIP","floor":48}],"player_experience":82328,"relics_obtained":[{"floor":6,"key":"Vajra"},{"floor":9,"key":"Omamori"},{"floor":14,"key":"Meat on the Bone"},{"floor":23,"key":"Orichalcum"},{"floor":25,"key":"Toxic Egg 2"},{"floor":26,"key":"Frozen Egg 2"},{"floor":43,"key":"Pear"}],"event_choices":[{"cards_removed":["Defend_G"],"damage_healed":0,"gold_gain":0,"player_choice":"Forget","damage_taken":0,"max_hp_gain":0,"max_hp_loss":0,"event_name":"Living Wall","floor":2,"gold_loss":0},{"cards_removed":["Strike_G"],"damage_healed":0,"gold_gain":0,"player_choice":"Card Removal","damage_taken":0,"max_hp_gain":0,"max_hp_loss":0,"event_name":"The Cleric","floor":3,"gold_loss":50},{"damage_healed":0,"gold_gain":0,"player_choice":"Take Damage","damage_taken":17,"relics_obtained":["Golden Idol"],"max_hp_gain":0,"max_hp_loss":0,"event_name":"Golden Idol","floor":4,"gold_loss":0},{"damage_healed":0,"gold_gain":0,"player_choice":"Entered Light","damage_taken":14,"max_hp_gain":0,"max_hp_loss":0,"event_name":"Shining Light","floor":5,"gold_loss":0,"cards_upgraded":["Strike_G","Defend_G"]},{"damage_healed":17,"gold_gain":0,"player_choice":"Healed and dodged fight","damage_taken":0,"max_hp_gain":0,"max_hp_loss":0,"event_name":"Mushrooms","floor":10,"gold_loss":0,"cards_obtained":["Parasite"]},{"cards_removed":["Strike_G"],"damage_healed":0,"gold_gain":0,"player_choice":"Gave Gold","damage_taken":0,"max_hp_gain":0,"max_hp_loss":0,"event_name":"Beggar","floor":20,"gold_loss":75},{"damage_healed":0,"gold_gain":0,"player_choice":"Joined the Cult","damage_taken":6,"max_hp_gain":0,"max_hp_loss":0,"event_name":"Nest","floor":22,"gold_loss":0,"cards_obtained":["RitualDagger"]},{"damage_healed":0,"gold_gain":0,"player_choice":"Ignored","damage_taken":0,"max_hp_gain":0,"max_hp_loss":0,"event_name":"Mysterious Sphere","floor":37,"gold_loss":0},{"damage_healed":0,"gold_gain":0,"player_choice":"Embrace Madness","damage_taken":9,"max_hp_gain":0,"max_hp_loss":0,"event_name":"Winding Halls","floor":38,"gold_loss":0,"cards_obtained":["Madness","Madness"]},{"cards_removed":["Neutralize"],"damage_healed":0,"gold_gain":0,"player_choice":"Removed Attack","damage_taken":0,"max_hp_gain":0,"max_hp_loss":0,"event_name":"Falling","floor":39,"gold_loss":0},{"damage_healed":0,"gold_gain":0,"player_choice":"Ignored","damage_taken":0,"max_hp_gain":0,"max_hp_loss":0,"event_name":"Tomb of Lord Red Mask","floor":42,"gold_loss":0}],"is_beta":false,"boss_relics":[{"not_picked":["Orrery","Runic Pyramid"],"picked":"WristBlade"},{"not_picked":["Eternal Feather","Runic Dome"],"picked":"Busted Crown"}],"items_purged_floors":[13,19],"is_endless":false,"potions_floor_spawned":[6,8,12,14,16,25,29,35,46],"ascension_level":0}