{"gold_per_floor":[115,115,115,115,133,171,171,215,215,238,208,247,247,10,10,10],"floor_reached":16,"playtime":345,"items_purged":[],"score":219,"play_id":"4678d733-087e-455b-8736-c5149c704966","local_time":"20190116184333","is_ascension_mode":true,"campfire_choices":[{"data":"Shockwave","floor":7,"key":"SMITH"},{"data":"Barricade","floor":13,"key":"SMITH"},{"data":"Combust","floor":15,"key":"SMITH"}],"neow_cost":"NONE","seed_source_timestamp":578068675044807,"circlet_count":0,"master_deck":["AscendersBane","Strike_R","Strike_R","Strike_R","Strike_R","Strike_R","Defend_R","Defend_R","Defend_R","Defend_R","Bash","Combust+1","Regret","Shockwave+1","Flex","Barricade+1","Shrug It Off","Iron Wave","Ghostly Armor"],"relics":["Burning Blood","NeowsBlessing","Mercury Hourglass","Golden Idol","Mummified Hand","Bag of Marbles","Bottled Tornado","Question Card","Blue Candle","Sling"],"potions_floor_usage":[8,12,12],"damage_taken":[{"damage":0,"enemies":"Cultist","floor":1,"turns":1},{"damage":0,"enemies":"2 Louse","floor":5,"turns":1},{"damage":0,"enemies":"3 Sentries","floor":6,"turns":1},{"damage":30,"enemies":"Lagavulin","floor":8,"turns":7},{"damage":12,"enemies":"Small Slimes","floor":10,"turns":2},{"damage":26,"enemies":"Gremlin Nob","floor":12,"turns":4},{"damage":23,"enemies":"Slime Boss","floor":16,"turns":6}],"seed_played":"6781681544293831466","potions_obtained":[{"floor":1,"key":"LiquidBronze"},{"floor":5,"key":"BloodPotion"},{"floor":11,"key":"Regen Potion"}],"is_trial":false,"path_per_floor":["M","?","?","?","M","E","R","E","T","M","?","E","R","$","R","B"],"character_chosen":"IRONCLAD","items_purchased":["Ghostly Armor","Sling"],"campfire_rested":0,"item_purchase_floors":[14,14],"current_hp_per_floor":[78,78,58,51,57,63,63,47,47,41,41,35,35,35,35,12],"gold":10,"neow_bonus":"THREE_ENEMY_KILL","is_prod":false,"is_daily":false,"chose_seed":false,"campfire_upgraded":3,"win_rate":0,"timestamp":1547660613,"path_taken":["M","?","?","?","M","E","R","E","T","M","?","E","R","$","R","BOSS"],"build_version":"2019-01-10","purchased_purges":0,"victory":false,"max_hp_per_floor":[80,80,80,80,80,80,80,80,80,80,80,80,80,80,80,80],"card_choices":[{"not_picked":["Feel No Pain","Warcry"],"picked":"Combust","floor":1},{"not_picked":["Twin Strike","Clash"],"picked":"Shockwave","floor":5},{"not_picked":["Anger","Heavy Blade"],"picked":"Flex","floor":6},{"not_picked":["Carnage","Cleave"],"picked":"Barricade","floor":8},{"not_picked":["Havoc","Fire Breathing","True Grit"],"picked":"Shrug It Off","floor":10},{"not_picked":["Perfected Strike","Clash","Exhume"],"picked":"Iron Wave","floor":12}],"player_experience":1947913,"relics_obtained":[{"floor":6,"key":"Bag of Marbles"},{"floor":8,"key":"Bottled Tornado"},{"floor":9,"key":"Question Card"},{"floor":12,"key":"Blue Candle"}],"event_choices":[{"damage_healed":0,"gold_gain":0,"player_choice":"Box","damage_taken":0,"relics_obtained":["Mercury Hourglass"],"max_hp_gain":0,"max_hp_loss":0,"event_name":"Big Fish","floor":2,"gold_loss":0,"cards_obtained":["Regret"]},{"damage_healed":0,"gold_gain":0,"player_choice":"Take Damage","damage_taken":20,"relics_obtained":["Golden Idol"],"max_hp_gain":0,"max_hp_loss":0,"event_name":"Golden Idol","floor":3,"gold_loss":0},{"damage_healed":0,"gold_gain":0,"player_choice":"Success","damage_taken":7,"relics_obtained":["Mummified Hand"],"max_hp_gain":0,"max_hp_loss":0,"event_name":"Scrap Ooze","floor":4,"gold_loss":0},{"damage_healed":0,"gold_gain":0,"player_choice":"Bought 2 Potions","damage_taken":0,"max_hp_gain":0,"max_hp_loss":0,"event_name":"The Woman in Blue","floor":11,"gold_loss":0}],"is_beta":false,"boss_relics":[],"items_purged_floors":[],"is_endless":false,"potions_floor_spawned":[1,5,6],"killed_by":"Slime Boss","ascension_level":11}