{"gold_per_floor":[110,110,126,201,201,229,229,286,310,324,65,65,83,97,97,196,259,232,232,257,58,82,82,96,96,96,96,139,164,2,2,2,2],"floor_reached":33,"playtime":1312,"items_purged":[],"score":629,"play_id":"ca58b6e5-180b-4d43-9f91-8ba70228237e","local_time":"20181021190638","is_ascension_mode":true,"campfire_choices":[{"data":"Dagger Spray","floor":7,"key":"SMITH"},{"floor":15,"key":"REST"},{"floor":23,"key":"REST"},{"floor":25,"key":"REST"},{"data":"Caltrops","floor":27,"key":"SMITH"},{"data":"Noxious Fumes","floor":32,"key":"SMITH"}],"neow_cost":"NONE","seed_source_timestamp":353091524659272,"circlet_count":0,"master_deck":["Defend_G","Defend_G","Defend_G","Defend_G","Defend_G","Survivor","Neutralize","AscendersBane","Poisoned Stab+1","Quick Slash","Dagger Spray+1","Backflip","PiercingWail","Noxious Fumes+1","Terror","Dash","Adrenaline","Dodge and Roll","Bite","Bite","Bite","Bite","Bite","PiercingWail+1","Caltrops+1","Malaise","Glass Knife","Backflip"],"relics":["Ring of the Snake","NeowsBlessing","Regal Pillow","Tiny Chest","Ancient Tea Set","Medical Kit","Golden Idol","Tiny House","Bottled Flame","Tingsha","Lantern"],"potions_floor_usage":[8,22,22,24,28,31],"damage_taken":[{"damage":0,"enemies":"Cultist","floor":1,"turns":1},{"damage":0,"enemies":"2 Louse","floor":3,"turns":1},{"damage":0,"enemies":"Lagavulin","floor":6,"turns":1},{"damage":26,"enemies":"Gremlin Nob","floor":8,"turns":4},{"damage":0,"enemies":"Jaw Worm","floor":10,"turns":3},{"damage":1,"enemies":"Looter","floor":13,"turns":3},{"damage":4,"enemies":"Blue Slaver","floor":14,"turns":5},{"damage":21,"enemies":"The Guardian","floor":16,"turns":12},{"damage":17,"enemies":"2 Thieves","floor":18,"turns":4},{"damage":21,"enemies":"Shell Parasite","floor":20,"turns":7},{"damage":31,"enemies":"Sentry and Sphere","floor":22,"turns":6},{"damage":39,"enemies":"Centurion and Healer","floor":24,"turns":14},{"damage":22,"enemies":"Gremlin Leader","floor":28,"turns":9},{"damage":18,"enemies":"Snake Plant","floor":29,"turns":6},{"damage":1,"enemies":"Snecko","floor":31,"turns":6},{"damage":47,"enemies":"Automaton","floor":33,"turns":4}],"seed_played":"1524485065873159334","potions_obtained":[{"floor":1,"key":"Swift Potion"},{"floor":8,"key":"Energy Potion"},{"floor":13,"key":"LiquidBronze"},{"floor":17,"key":"EntropicBrew"},{"floor":22,"key":"Fire Potion"},{"floor":24,"key":"SmokeBomb"}],"is_trial":false,"path_per_floor":["M","$","M","?","?","E","R","E","T","M","$","?","M","M","R","B",null,"M","?","M","$","M","R","M","R","T","R","E","M","$","M","R"],"character_chosen":"THE_SILENT","items_purchased":["Noxious Fumes","Medical Kit","Caltrops","Malaise","Lantern"],"campfire_rested":3,"item_purchase_floors":[11,11,21,21,30],"current_hp_per_floor":[59,59,59,48,48,48,48,22,22,22,22,22,21,17,50,29,57,40,40,29,29,6,34,13,41,41,41,35,27,27,38,38,0],"gold":2,"neow_bonus":"THREE_ENEMY_KILL","is_prod":false,"is_daily":false,"chose_seed":false,"campfire_upgraded":3,"win_rate":0,"timestamp":1540163198,"path_taken":["M","$","M","?","?","E","R","E","T","M","?","?","M","M","R","BOSS","M","?","M","$","M","R","M","R","T","R","E","M","$","M","R","BOSS"],"build_version":"2018-10-18","purchased_purges":0,"victory":false,"max_hp_per_floor":[66,66,66,66,66,66,66,66,66,66,66,60,60,60,60,60,65,65,45,45,45,45,45,45,45,45,45,45,45,45,45,45,45],"card_choices":[{"not_picked":["Heel Hook","Bane"],"picked":"Poisoned Stab","floor":1},{"not_picked":["Distraction","Acrobatics"],"picked":"Quick Slash","floor":3},{"not_picked":["Prepared","Dagger Throw"],"picked":"Dagger Spray","floor":6},{"not_picked":["Choke","Tools of the Trade"],"picked":"Backflip","floor":8},{"not_picked":["Riddle With Holes","Deflect"],"picked":"PiercingWail","floor":10},{"not_picked":["Flying Knee","Dagger Throw"],"picked":"Terror","floor":13},{"not_picked":["Dagger Spray","Deflect"],"picked":"Dash","floor":14},{"not_picked":["Phantasmal Killer","Storm of Steel"],"picked":"Adrenaline","floor":16},{"not_picked":["Quick Slash","Outmaneuver"],"picked":"Dodge and Roll","floor":17},{"not_picked":["Skewer","Slice","Flechettes"],"picked":"SKIP","floor":18},{"not_picked":["Dagger Throw+1","Outmaneuver"],"picked":"PiercingWail+1","floor":20},{"not_picked":["Flying Knee","All Out Attack","Prepared"],"picked":"SKIP","floor":22},{"not_picked":["Dash","Expertise","Quick Slash"],"picked":"SKIP","floor":24},{"not_picked":["Die Die Die","Eviscerate"],"picked":"Glass Knife","floor":28},{"not_picked":["Acrobatics","Flying Knee"],"picked":"Backflip","floor":29}],"player_experience":1059255,"relics_obtained":[{"floor":6,"key":"Regal Pillow"},{"floor":8,"key":"Tiny Chest"},{"floor":9,"key":"Ancient Tea Set"},{"floor":26,"key":"Bottled Flame"},{"floor":28,"key":"Tingsha"}],"event_choices":[{"damage_healed":0,"gold_gain":75,"player_choice":"Gather Gold","damage_taken":11,"max_hp_gain":0,"max_hp_loss":0,"event_name":"World of Goop","floor":4,"gold_loss":0},{"damage_healed":0,"gold_gain":0,"player_choice":"Ignored","damage_taken":0,"max_hp_gain":0,"max_hp_loss":0,"event_name":"Golden Wing","floor":5,"gold_loss":0},{"damage_healed":0,"gold_gain":0,"player_choice":"Lose Max HP","damage_taken":0,"relics_obtained":["Golden Idol"],"max_hp_gain":0,"max_hp_loss":6,"event_name":"Golden Idol","floor":12,"gold_loss":0},{"damage_healed":0,"gold_gain":0,"player_choice":"Became a vampire","damage_taken":0,"max_hp_gain":0,"max_hp_loss":20,"event_name":"Vampires","floor":19,"gold_loss":0,"cards_obtained":["Bite","Bite","Bite","Bite","Bite"]}],"is_beta":false,"boss_relics":[{"not_picked":["Lizard Tail","Black Star"],"picked":"Tiny House"}],"items_purged_floors":[],"is_endless":false,"potions_floor_spawned":[1,8,13,14,22,24,31],"killed_by":"Automaton","ascension_level":20}