{"gold_per_floor":[110,127,144,144,144,144,165,181,181,106,106],"floor_reached":11,"playtime":267,"items_purged":["Injury"],"score":130,"play_id":"6a698b75-a055-43ae-bfd6-e6b79a5cc92a","local_time":"20181220155109","is_ascension_mode":true,"campfire_choices":[{"data":"Zap","floor":6,"key":"SMITH"}],"neow_cost":"NONE","seed_source_timestamp":7682977164660,"circlet_count":0,"master_deck":["AscendersBane","Strike_B","Strike_B","Strike_B","Strike_B","Defend_B","Defend_B","Defend_B","Defend_B","Zap+1","Dualcast","Multi-Cast","Darkness","Doom and Gloom","Capacitor","Recycle","Cold Snap"],"relics":["Cracked Core","Golden Idol","Ornamental Fan"],"potions_floor_usage":[11],"damage_taken":[{"damage":1,"enemies":"Cultist","floor":1,"turns":3},{"damage":6,"enemies":"2 Louse","floor":2,"turns":2},{"damage":7,"enemies":"Jaw Worm","floor":3,"turns":3},{"damage":12,"enemies":"Large Slime","floor":7,"turns":4},{"damage":13,"enemies":"3 Louse","floor":8,"turns":3},{"damage":13,"enemies":"Lagavulin","floor":11,"turns":5}],"seed_played":"-2902202439178240924","potions_obtained":[{"floor":2,"key":"SkillPotion"},{"floor":3,"key":"Strength Potion"},{"floor":7,"key":"PowerPotion"}],"is_trial":false,"path_per_floor":["M","M","M","$","?","R","M","M","T","$","E"],"character_chosen":"DEFECT","items_purchased":[],"campfire_rested":0,"item_purchase_floors":[],"current_hp_per_floor":[63,57,50,50,50,50,38,25,25,25,12],"gold":106,"neow_bonus":"ONE_RANDOM_RARE_CARD","is_prod":false,"is_daily":false,"chose_seed":false,"campfire_upgraded":1,"win_rate":0,"timestamp":1545339069,"path_taken":["M","M","M","$","?","R","M","M","T","$","E"],"build_version":"2018-12-19","purchased_purges":1,"victory":false,"max_hp_per_floor":[71,71,71,71,71,71,71,71,71,71,71],"card_choices":[{"not_picked":["Stack","Scrape"],"picked":"Darkness","floor":1},{"not_picked":["Stack","Coolheaded"],"picked":"Doom and Gloom","floor":2},{"not_picked":["Hologram","Turbo"],"picked":"Capacitor","floor":3},{"not_picked":["Reprogram","Storm"],"picked":"Recycle","floor":7},{"not_picked":["Stack","Beam Cell"],"picked":"Cold Snap","floor":8}],"player_experience":1280280,"relics_obtained":[{"floor":9,"key":"Ornamental Fan"}],"event_choices":[{"damage_healed":0,"gold_gain":0,"player_choice":"Take Wound","damage_taken":0,"relics_obtained":["Golden Idol"],"max_hp_gain":0,"max_hp_loss":0,"event_name":"Golden Idol","floor":5,"gold_loss":0,"cards_obtained":["Injury"]}],"is_beta":true,"boss_relics":[],"items_purged_floors":[10],"is_endless":false,"potions_floor_spawned":[2,3,7],"killed_by":"Lagavulin","ascension_level":20}