{"gold_per_floor":[119,119,133,133,156,156,186,186,186,211,211,225,225,1,1,77,77,77,77,77,77,77,77,77,77],"floor_reached":25,"playtime":707,"items_purged":[],"score":468,"play_id":"30c0f9e7-681f-41fa-9786-7dda1cd6fe33","local_time":"20181205160519","is_ascension_mode":true,"campfire_choices":[{"data":"Consume","floor":6.0,"key":"SMITH"},{"data":"Zap","floor":8.0,"key":"SMITH"},{"floor":13.0,"key":"RECALL"},{"data":"Sweeping Beam","floor":15.0,"key":"SMITH"},{"data":"Seek","floor":23,"key":"SMITH"}],"neow_cost":"NONE","seed_source_timestamp":189763761384542,"circlet_count":0,"master_deck":["AscendersBane","Strike_B","Strike_B","Strike_B","Strike_B+1","Defend_B","Defend_B","Defend_B+1","Defend_B","Zap+1","Dualcast","Sweeping Beam+1","Consume+1","Glacier","Conserve Battery","Electrodynamics","Leap+1","Static Discharge","Darkness+1","Seek+1"],"special_seed":0,"relics":["Cracked Core","NeowsBlessing","Regal Pillow","Pear","Centennial Puzzle","Oddly Smooth Stone","Ectoplasm"],"potions_floor_usage":[16,16,25],"damage_taken":[{"damage":0.0,"enemies":"Jaw Worm","floor":1.0,"turns":1.0},{"damage":0.0,"enemies":"2 Louse","floor":3.0,"turns":1.0},{"damage":0.0,"enemies":"Lagavulin","floor":7.0,"turns":1.0},{"damage":37.0,"enemies":"Gremlin Nob","floor":10.0,"turns":4.0},{"damage":0.0,"enemies":"Cultist","floor":12.0,"turns":3.0},{"damage":36,"enemies":"Slime Boss","floor":16,"turns":12},{"damage":20,"enemies":"Shell Parasite","floor":18,"turns":11},{"damage":11,"enemies":"Chosen","floor":19,"turns":6},{"damage":0,"enemies":"3 Cultists","floor":20,"turns":3},{"damage":8,"enemies":"Cultist and Chosen","floor":21,"turns":5},{"damage":34,"enemies":"Book of Stabbing","floor":25,"turns":3}],"seed_played":"4285899542673702823","potions_obtained":[{"floor":7.0,"key":"Explosive Potion"},{"floor":12.0,"key":"Energy Potion"},{"floor":18,"key":"Explosive Potion"},{"floor":19,"key":"Dexterity Potion"}],"is_trial":false,"path_per_floor":["M","?","M","?","T","R","E","R","T","E","?","M","R","$","R","B",null,"M","M","M","M","?","R","?","E"],"character_chosen":"DEFECT","items_purchased":["Oddly Smooth Stone","Conserve Battery"],"campfire_rested":0,"item_purchase_floors":[14,14],"current_hp_per_floor":[64,64,64,43,43,43,53,53,53,16,81,81,81,81,81,45,72,52,41,41,33,33,33,33,0],"gold":77,"neow_bonus":"THREE_ENEMY_KILL","is_prod":false,"is_daily":false,"chose_seed":false,"campfire_upgraded":4,"win_rate":0,"timestamp":1544043919,"path_taken":["M","?","M","?","?","R","E","R","T","E","?","M","R","$","R","BOSS","M","M","M","?","?","R","?","E"],"build_version":"2018-12-05","purchased_purges":0,"victory":false,"max_hp_per_floor":[71,71,71,71,71,71,81,81,81,81,81,81,81,81,81,81,81,81,81,81,81,81,81,81,81],"card_choices":[{"not_picked":["Redo","Rebound"],"picked":"Sweeping Beam","floor":1.0},{"not_picked":["Capacitor","BootSequence"],"picked":"Consume","floor":3.0},{"not_picked":["Reinforced Body","Streamline"],"picked":"Glacier","floor":7.0},{"not_picked":["Chill","Steam Power"],"picked":"Auto Shields","floor":10.0},{"not_picked":["Sweeping Beam","Redo","Gash"],"picked":"SKIP","floor":12.0},{"not_picked":["Echo Form","Creative AI"],"picked":"Electrodynamics","floor":16},{"not_picked":["Sweeping Beam","Redo"],"picked":"Leap+1","floor":18},{"not_picked":["Tempest+1","Darkness"],"picked":"Static Discharge","floor":19},{"not_picked":["Glacier","Auto Shields"],"picked":"Darkness+1","floor":20},{"not_picked":["Steam","Stack"],"picked":"Seek","floor":21}],"player_experience":1182989,"relics_obtained":[{"floor":5.0,"key":"Regal Pillow"},{"floor":7.0,"key":"Pear"},{"floor":10.0,"key":"Centennial Puzzle"}],"event_choices":[{"damage_healed":0.0,"max_hp_gain":0.0,"max_hp_loss":0.0,"gold_gain":0.0,"event_name":"The Cleric","player_choice":"Leave","floor":2.0,"gold_loss":0.0,"damage_taken":0.0},{"damage_healed":0.0,"max_hp_gain":0.0,"max_hp_loss":0.0,"gold_gain":0.0,"event_name":"Shining Light","player_choice":"Entered Light","floor":4.0,"gold_loss":0.0,"damage_taken":21.0,"cards_upgraded":["Defend_B","Strike_B"]},{"cards_removed":["Auto Shields"],"damage_healed":65.0,"max_hp_gain":0.0,"max_hp_loss":0.0,"gold_gain":0.0,"event_name":"Bonfire Elementals","player_choice":"Offered Uncommon","floor":11.0,"gold_loss":0.0,"damage_taken":0.0},{"damage_healed":0,"gold_gain":0,"player_choice":"Ignored","damage_taken":0,"max_hp_gain":0,"max_hp_loss":0,"event_name":"The Mausoleum","floor":22,"gold_loss":0},{"damage_healed":0,"gold_gain":0,"player_choice":"Ignored","damage_taken":0,"max_hp_gain":0,"max_hp_loss":0,"event_name":"N\u0027loth","floor":24,"gold_loss":0}],"is_beta":true,"boss_relics":[{"not_picked":["Busted Crown","Empty Cage"],"picked":"Ectoplasm"}],"items_purged_floors":[],"is_endless":false,"potions_floor_spawned":[7,12,18,19],"killed_by":"Book of Stabbing","ascension_level":20}