{"gold_per_floor":[212,226,226,48,62,62,90,103,103,135,135,135,147,177,177,254,254,265,265,365,382,402,402,402,402,427,427,447,48,66,84,84,157,157,175,24,44,58,0,0,12,12,37,49,49,49,65,65,65,65],"floor_reached":51,"playtime":7516,"items_purged":["Strike_G","Reflex"],"score":1035,"play_id":"afcf5058-c96b-4194-891b-43f42cb49e74","local_time":"20190217163508","is_ascension_mode":true,"campfire_choices":[{"data":"Neutralize","floor":6.0,"key":"SMITH"},{"data":"Noxious Fumes","floor":11.0,"key":"SMITH"},{"floor":15.0,"key":"REST"},{"floor":23.0,"key":"REST"},{"floor":25.0,"key":"REST"},{"floor":32.0,"key":"REST"},{"floor":40,"key":"REST"},{"floor":42,"key":"REST"},{"floor":45,"key":"REST"},{"floor":49,"key":"REST"}],"neow_cost":"NONE","seed_source_timestamp":297889689892829,"circlet_count":0,"master_deck":["AscendersBane","Defend_G","Defend_G","Defend_G","Strike_G+1","Strike_G+1","Survivor","Neutralize+1","Well Laid Plans","Well Laid Plans","Noxious Fumes+1","Backflip","PiercingWail","Catalyst","Dagger Spray","Doppelganger","Backflip","Noxious Fumes","Escape Plan","Cloak And Dagger+1","Noxious Fumes","PiercingWail","Adrenaline","Bane+1","Malaise","PiercingWail+1","Footwork","Sucker Punch+1","Backflip+1"],"special_seed":0,"relics":["Ring of the Snake","Bronze Scales","Oddly Smooth Stone","Shuriken","Sozu","Whetstone","Letter Opener","Empty Cage","Red Mask","Happy Flower"],"potions_floor_usage":[],"damage_taken":[{"damage":0.0,"enemies":"2 Louse","floor":1.0,"turns":4.0},{"damage":6.0,"enemies":"Cultist","floor":2.0,"turns":5.0},{"damage":0.0,"enemies":"Jaw Worm","floor":5.0,"turns":5.0},{"damage":8.0,"enemies":"3 Sentries","floor":7.0,"turns":8.0},{"damage":2.0,"enemies":"Gremlin Gang","floor":8.0,"turns":5.0},{"damage":2.0,"enemies":"Lagavulin","floor":10.0,"turns":10.0},{"damage":0.0,"enemies":"2 Fungi Beasts","floor":13.0,"turns":5.0},{"damage":8.0,"enemies":"The Guardian","floor":16.0,"turns":10.0},{"damage":14.0,"enemies":"Spheric Guardian","floor":18.0,"turns":6.0},{"damage":0.0,"enemies":"3 Byrds","floor":21.0,"turns":4.0},{"damage":16.0,"enemies":"Snecko","floor":22.0,"turns":7.0},{"damage":10.0,"enemies":"Colosseum Slavers","floor":24.0,"turns":4.0},{"damage":11.0,"enemies":"3 Cultists","floor":28.0,"turns":5.0},{"damage":12.0,"enemies":"Snake Plant","floor":30.0,"turns":4.0},{"damage":2.0,"enemies":"Shelled Parasite and Fungi","floor":31.0,"turns":5.0},{"damage":34.0,"enemies":"Collector","floor":33.0,"turns":8.0},{"damage":7.0,"enemies":"Orb Walker","floor":35.0,"turns":4.0},{"damage":3.0,"enemies":"3 Shapes","floor":37.0,"turns":4.0},{"damage":30,"enemies":"Spire Growth","floor":38,"turns":7},{"damage":5,"enemies":"3 Darklings","floor":41,"turns":4},{"damage":25,"enemies":"Maw","floor":44,"turns":7},{"damage":0,"enemies":"4 Shapes","floor":47,"turns":5},{"damage":44,"enemies":"Donu and Deca","floor":50,"turns":9}],"seed_played":"2119639270538067895","potions_obtained":[{"floor":1.0,"key":"Dexterity Potion"},{"floor":5.0,"key":"Weak Potion"},{"floor":16.0,"key":"Weak Potion"}],"is_trial":false,"path_per_floor":["M","M","?","$","M","R","E","M","T","E","R","?","M","?","R","B",null,"M","?","?","M","M","R","?","R","T","?","M","$","M","M","R","B",null,"M","$","M","M","?","R","M","R","T","M","R","$","M","?","R","B",null],"character_chosen":"THE_SILENT","items_purchased":["Noxious Fumes","Backflip","Letter Opener","Noxious Fumes","Malaise"],"campfire_rested":8,"item_purchase_floors":[4,4,29,29,36],"current_hp_per_floor":[59,53,53,53,53,53,45,43,43,41,41,41,41,41,60,52,63,49,49,49,49,33,52,42,61,61,61,50,50,38,36,55,21,55,48,48,45,15,15,34,29,48,48,23,42,42,42,42,61,17],"gold":65,"neow_bonus":"HUNDRED_GOLD","is_prod":false,"is_daily":false,"chose_seed":false,"campfire_upgraded":2,"win_rate":0,"timestamp":1550388908,"path_taken":["M","M","?","$","?","R","E","M","T","E","R","?","?","?","R","BOSS","M","?","?","M","?","R","?","R","T","?","M","$","M","M","R","BOSS","M","$","M","?","?","R","M","R","T","M","R","$","M","?","R","BOSS"],"build_version":"2019-01-23","purchased_purges":2,"victory":true,"max_hp_per_floor":[66,66,66,66,66,66,66,66,66,66,66,66,66,66,66,66,66,66,66,66,66,66,66,66,66,66,66,66,66,66,66,66,66,66,66,66,66,66,66,66,66,66,66,66,66,66,66,66,66,66],"card_choices":[{"not_picked":["Dodge and Roll","Outmaneuver"],"picked":"Well Laid Plans","floor":1.0},{"not_picked":["Riddle With Holes","Masterful Stab","Slice"],"picked":"SKIP","floor":2.0},{"not_picked":["Eviscerate","All Out Attack"],"picked":"PiercingWail","floor":5.0},{"not_picked":["Underhanded Strike","Flying Knee","Distraction"],"picked":"SKIP","floor":7.0},{"not_picked":["Deadly Poison","Prepared"],"picked":"Catalyst","floor":8.0},{"not_picked":["Quick Slash","Distraction","Poisoned Stab"],"picked":"SKIP","floor":10.0},{"not_picked":["Outmaneuver","Flying Knee"],"picked":"Dagger Spray","floor":13.0},{"not_picked":["Grand Finale","Storm of Steel"],"picked":"Doppelganger","floor":16.0},{"not_picked":["Dagger Throw","Tactician"],"picked":"Backflip","floor":18.0},{"not_picked":["Choke","Quick Slash"],"picked":"Noxious Fumes","floor":21.0},{"not_picked":["Quick Slash","Distraction+1"],"picked":"Escape Plan","floor":22.0},{"not_picked":["Quick Slash","Slice"],"picked":"Cloak And Dagger+1","floor":28.0},{"not_picked":["Flying Knee","Dodge and Roll"],"picked":"PiercingWail","floor":30.0},{"not_picked":["Underhanded Strike","Riddle With Holes","Sucker Punch"],"picked":"SKIP","floor":31.0},{"not_picked":["A Thousand Cuts","Burst"],"picked":"Adrenaline","floor":33.0},{"not_picked":["Quick Slash","Slice"],"picked":"Bane+1","floor":35.0},{"not_picked":["Finisher","Endless Agony+1"],"picked":"PiercingWail+1","floor":37.0},{"not_picked":["Bane+1","Blade Dance"],"picked":"Footwork","floor":38},{"not_picked":["Slice","Bouncing Flask"],"picked":"Sucker Punch+1","floor":41},{"not_picked":["Deflect","Flying Knee"],"picked":"Backflip+1","floor":44},{"not_picked":["Quick Slash+1","Flying Knee+1","Acrobatics"],"picked":"SKIP","floor":47}],"player_experience":582170,"relics_obtained":[{"floor":7.0,"key":"Bronze Scales"},{"floor":9.0,"key":"Oddly Smooth Stone"},{"floor":10.0,"key":"Shuriken"},{"floor":26.0,"key":"Whetstone"},{"floor":43,"key":"Happy Flower"}],"event_choices":[{"damage_healed":0.0,"max_hp_gain":0.0,"max_hp_loss":0.0,"gold_gain":0.0,"event_name":"Match and Keep!","player_choice":"1 cards matched","floor":3.0,"gold_loss":0.0,"damage_taken":0.0,"cards_obtained":["Well Laid Plans"]},{"cards_removed":["Strike_G"],"damage_healed":0.0,"max_hp_gain":0.0,"max_hp_loss":0.0,"gold_gain":0.0,"event_name":"Purifier","player_choice":"Purged","floor":12.0,"gold_loss":0.0,"damage_taken":0.0},{"damage_healed":0.0,"max_hp_gain":0.0,"max_hp_loss":0.0,"gold_gain":30.0,"event_name":"Dead Adventurer","player_choice":"Searched \u00272\u0027 times","floor":14.0,"gold_loss":0.0,"damage_taken":0.0},{"damage_healed":0.0,"max_hp_gain":0.0,"max_hp_loss":0.0,"gold_gain":0.0,"event_name":"Cursed Tome","player_choice":"Ignored","floor":19.0,"gold_loss":0.0,"damage_taken":0.0},{"damage_healed":0.0,"max_hp_gain":0.0,"max_hp_loss":0.0,"gold_gain":100.0,"event_name":"Golden Shrine","player_choice":"Pray","floor":20.0,"gold_loss":0.0,"damage_taken":0.0},{"damage_healed":0.0,"max_hp_gain":0.0,"max_hp_loss":0.0,"gold_gain":0.0,"event_name":"Colosseum","player_choice":"Fight","floor":24.0,"gold_loss":0.0,"damage_taken":0.0},{"damage_healed":0.0,"max_hp_gain":0.0,"max_hp_loss":0.0,"gold_gain":0.0,"event_name":"Colosseum","player_choice":"Fled From Nobs","floor":24.0,"gold_loss":0.0,"damage_taken":0.0},{"damage_healed":0.0,"max_hp_gain":0.0,"max_hp_loss":0.0,"gold_gain":0.0,"cards_transformed":["Strike_G"],"event_name":"Transmorgrifier","player_choice":"Transformed","floor":27.0,"gold_loss":0.0,"damage_taken":0.0,"cards_obtained":["Reflex"]},{"damage_healed":0,"gold_gain":0,"player_choice":"Paid","damage_taken":0,"relics_obtained":["Red Mask"],"max_hp_gain":0,"max_hp_loss":0,"event_name":"Tomb of Lord Red Mask","floor":39,"gold_loss":58},{"damage_healed":0,"gold_gain":0,"player_choice":"Ignored","damage_taken":0,"max_hp_gain":0,"max_hp_loss":0,"event_name":"Mysterious Sphere","floor":48,"gold_loss":0}],"is_beta":false,"boss_relics":[{"not_picked":["Black Star","White Beast Statue"],"picked":"Sozu"},{"not_picked":["Orrery","HoveringKite"],"picked":"Empty Cage"}],"items_purged_floors":[4,29],"is_endless":false,"potions_floor_spawned":[1,5,16,18,28,30,35,41],"ascension_level":14}