{"path_per_floor":["M","M","M","M","$","R","E","R","T","M","M","R","E","M","R","B",null,"M"],"character_chosen":"IRONCLAD","items_purchased":["Dual Wield","SteroidPotion"],"gold_per_floor":[115,130,141,151,66,66,91,91,91,110,127,127,157,169,169,273,273,293,293],"floor_reached":19,"campfire_rested":1,"playtime":975,"current_hp_per_floor":[80,80,80,68,68,68,66,66,66,73,67,67,36,10,49,36,69,31,31],"items_purged":[],"gold":293,"score":226,"play_id":"214a0964-436c-411a-a148-52b821aae073","local_time":"20180518163953","is_prod":false,"is_daily":false,"chose_seed":false,"is_ascension_mode":true,"campfire_upgraded":3,"timestamp":1526654393,"campfire_choices":[{"data":"Searing Blow","floor":6.0,"key":"SMITH"},{"data":"Searing Blow+1","floor":8,"key":"SMITH"},{"data":"Searing Blow+2","floor":12,"key":"SMITH"},{"floor":15,"key":"REST"}],"path_taken":["M","M","M","M","$","R","E","R","T","M","M","R","E","M","R","BOSS","M","M"],"build_version":"2018-05-17","seed_source_timestamp":371741565883472,"purchased_purges":0,"victory":false,"master_deck":["Strike_R","Strike_R","Strike_R","Strike_R","Strike_R","Defend_R","Defend_R","Defend_R","Defend_R","Bash","Berserk","Flex","Combust","Searing Blow+3","Reaper","Dual Wield","Shrug It Off","Warcry","Feed","Demon Form+1","Iron Wave"],"max_hp_per_floor":[80,80,80,80,80,80,80,80,80,80,80,80,80,80,80,80,80,80,80],"relics":["Burning Blood","Regal Pillow","Frozen Egg 2","Ginger","Snecko Eye"],"card_choices":[{"not_picked":["Anger","Headbutt"],"picked":"Flex","floor":1.0},{"not_picked":["Battle Trance","Reckless Charge"],"picked":"Combust","floor":2.0},{"not_picked":["Ghostly Armor","Flex"],"picked":"Searing Blow","floor":3.0},{"not_picked":["Flex","Perfected Strike"],"picked":"Reaper","floor":4.0},{"not_picked":["Headbutt","Second Wind","Anger"],"picked":"SKIP","floor":7.0},{"not_picked":["Flex","Carnage"],"picked":"Shrug It Off","floor":10},{"not_picked":["Exhume","Heavy Blade"],"picked":"Warcry","floor":11},{"not_picked":["Dual Wield","Perfected Strike"],"picked":"Feed","floor":13},{"not_picked":["Clothesline","Havoc","Perfected Strike"],"picked":"SKIP","floor":14},{"not_picked":["Barricade+1","Feed"],"picked":"Demon Form+1","floor":16},{"not_picked":["True Grit","Warcry"],"picked":"Iron Wave","floor":18}],"player_experience":490616,"potions_floor_usage":[13,16,16],"damage_taken":[{"damage":4.0,"enemies":"2 Louse","floor":1.0,"turns":4.0},{"damage":4.0,"enemies":"Small Slimes","floor":2.0,"turns":4.0},{"damage":6.0,"enemies":"Jaw Worm","floor":3.0,"turns":5.0},{"damage":18.0,"enemies":"Red Slaver","floor":4.0,"turns":4.0},{"damage":16.0,"enemies":"Gremlin Nob","floor":7.0,"turns":3.0},{"damage":13,"enemies":"3 Louse","floor":10,"turns":2},{"damage":12,"enemies":"Looter","floor":11,"turns":3},{"damage":42,"enemies":"Lagavulin","floor":13,"turns":6},{"damage":40,"enemies":"Large Slime","floor":14,"turns":6},{"damage":28,"enemies":"Slime Boss","floor":16,"turns":8},{"damage":50,"enemies":"3 Byrds","floor":18,"turns":4},{"damage":0,"enemies":"Shell Parasite","floor":19,"turns":1}],"relics_obtained":[{"floor":7.0,"key":"Regal Pillow"},{"floor":9,"key":"Frozen Egg 2"},{"floor":13,"key":"Ginger"}],"event_choices":[],"boss_relics":[{"not_picked":["Cursed Key","White Beast Statue"],"picked":"Snecko Eye"}],"potions_floor_spawned":[2,4,10,13,14,18],"seed_played":"-5620252804423903198","killed_by":"Shell Parasite","ascension_level":5,"potions_obtained":[{"floor":2.0,"key":"Energy Potion"},{"floor":4.0,"key":"BloodPotion"},{"floor":10,"key":"Energy Potion"},{"floor":13,"key":"Ancient Potion"},{"floor":14,"key":"SteroidPotion"},{"floor":18,"key":"Fire Potion"}],"is_trial":false}