{"gold_per_floor":[114,128,138,138,80,80,95,127,153,153,172,200,61,61,61,61],"floor_reached":16,"playtime":1119,"items_purged":[],"score":220,"play_id":"118f6a13-dc76-4ac9-aef0-760f6fafe385","local_time":"20190208190644","is_ascension_mode":true,"campfire_choices":[{"data":"Combust","floor":6.0,"key":"SMITH"},{"data":"Combust","floor":10.0,"key":"SMITH"},{"data":"Rampage","floor":15.0,"key":"SMITH"}],"neow_cost":"NONE","seed_source_timestamp":19551186135508,"circlet_count":0,"master_deck":["AscendersBane","Strike_R","Strike_R","Strike_R","Strike_R","Strike_R","Defend_R","Defend_R","Defend_R","Defend_R","Bash+1","Cleave","Rampage+1","Combust+1","Combust+1","Shockwave","Disarm","Reaper"],"special_seed":0,"relics":["Burning Blood","Bag of Preparation","Bag of Marbles","Blood Vial","Orichalcum"],"potions_floor_usage":[16],"damage_taken":[{"damage":11.0,"enemies":"Cultist","floor":1.0,"turns":4.0},{"damage":7.0,"enemies":"2 Louse","floor":2.0,"turns":2.0},{"damage":2.0,"enemies":"Jaw Worm","floor":3.0,"turns":4.0},{"damage":9.0,"enemies":"Blue Slaver","floor":7.0,"turns":3.0},{"damage":12.0,"enemies":"Gremlin Nob","floor":8.0,"turns":3.0},{"damage":12.0,"enemies":"Large Slime","floor":11.0,"turns":4.0},{"damage":34.0,"enemies":"Lagavulin","floor":12.0,"turns":4.0},{"damage":36,"enemies":"Slime Boss","floor":16,"turns":6}],"seed_played":"-8479051433047921953","potions_obtained":[{"floor":0.0,"key":"FearPotion"},{"floor":0.0,"key":"Block Potion"},{"floor":3.0,"key":"Weak Potion"}],"is_trial":false,"path_per_floor":["M","M","M","T","?","R","M","E","T","R","M","E","$","?","R","B"],"character_chosen":"IRONCLAD","items_purchased":["Reaper","Block Potion"],"campfire_rested":0,"item_purchase_floors":[13,13],"current_hp_per_floor":[63,62,66,66,66,66,63,57,57,57,53,27,27,27,27,0],"gold":61,"neow_bonus":"THREE_SMALL_POTIONS","is_prod":false,"is_daily":false,"chose_seed":false,"campfire_upgraded":3,"win_rate":0,"timestamp":1549670804,"path_taken":["M","M","M","?","?","R","?","E","T","R","M","E","?","?","R","BOSS"],"build_version":"2019-01-23","purchased_purges":0,"victory":false,"max_hp_per_floor":[75,75,75,75,75,75,75,75,75,75,75,75,75,75,75,75],"card_choices":[{"not_picked":["Twin Strike","Thunderclap"],"picked":"Cleave","floor":1.0},{"not_picked":["True Grit","Carnage"],"picked":"Rampage","floor":2.0},{"not_picked":["Hemokinesis","Body Slam"],"picked":"Combust","floor":3.0},{"not_picked":["Armaments","Fire Breathing"],"picked":"Combust","floor":7.0},{"not_picked":["Hemokinesis","Havoc"],"picked":"Shockwave","floor":8.0},{"not_picked":["Rampage","Body Slam","Sword Boomerang"],"picked":"SKIP","floor":11.0},{"not_picked":["Flex","Armaments"],"picked":"Disarm","floor":12.0}],"player_experience":1174347,"relics_obtained":[{"floor":8.0,"key":"Bag of Marbles"},{"floor":9.0,"key":"Blood Vial"},{"floor":12.0,"key":"Orichalcum"}],"event_choices":[{"damage_healed":0.0,"max_hp_gain":0.0,"max_hp_loss":0.0,"gold_gain":0.0,"event_name":"WeMeetAgain","player_choice":"Paid Gold","floor":5.0,"gold_loss":58.0,"damage_taken":0.0,"relics_obtained":["Bag of Preparation"]},{"damage_healed":0.0,"max_hp_gain":0.0,"max_hp_loss":0.0,"gold_gain":0.0,"event_name":"Living Wall","player_choice":"Grow","floor":14.0,"gold_loss":0.0,"damage_taken":0.0,"cards_upgraded":["Bash"]}],"is_beta":false,"boss_relics":[],"items_purged_floors":[],"is_endless":false,"potions_floor_spawned":[3,7],"killed_by":"Slime Boss","ascension_level":20}