{"gold_per_floor":[110,121,121,121,139,166,166,223,223,235,260,301,313,354,366,473,485,515,527,552,577,603,640,402,402,456,471,471,471],"floor_reached":29,"playtime":8428,"items_purged":["Writhe"],"score":472,"play_id":"4ce90681-24ae-4011-9873-1aeed17a3681","local_time":"20181202013144","is_ascension_mode":true,"campfire_choices":[{"floor":10,"key":"REST"},{"data":"Deadly Poison","floor":15,"key":"SMITH"}],"neow_cost":"NONE","seed_source_timestamp":1216371849085355,"circlet_count":0,"master_deck":["AscendersBane","Defend_G","Defend_G","Defend_G","Defend_G","Defend_G","Strike_G","Strike_G","Strike_G","Survivor","Neutralize","Poisoned Stab","Sucker Punch","Heel Hook","Die Die Die","Deadly Poison+1","Dodge and Roll+1","Backflip+1","Leg Sweep+1","Corpse Explosion+1","Injury","Parasite","Poisoned Stab+1","Catalyst+1","Footwork","Master of Strategy+1","Catalyst+1"],"relics":["Ring of the Snake","NeowsBlessing","Meat on the Bone","Matryoshka","Tiny Chest","MawBank","Toxic Egg 2","Pantograph","Darkstone Periapt","Singing Bowl","Ninja Scroll","Calling Bell","Art of War","Ornamental Fan","Shovel","Mercury Hourglass","Paper Crane","Juzu Bracelet"],"potions_floor_usage":[6,18,23,29],"damage_taken":[{"damage":0,"enemies":"Cultist","floor":1,"turns":1},{"damage":0,"enemies":"Jaw Worm","floor":2,"turns":1},{"damage":0,"enemies":"Small Slimes","floor":5,"turns":1},{"damage":17,"enemies":"3 Sentries","floor":6,"turns":13},{"damage":28,"enemies":"Gremlin Nob","floor":8,"turns":4},{"damage":1,"enemies":"Exordium Thugs","floor":11,"turns":4},{"damage":27,"enemies":"Lagavulin","floor":12,"turns":9},{"damage":19,"enemies":"3 Sentries","floor":14,"turns":10},{"damage":20,"enemies":"Hexaghost","floor":16,"turns":12},{"damage":10,"enemies":"Chosen","floor":18,"turns":5},{"damage":9,"enemies":"2 Thieves","floor":20,"turns":2},{"damage":12,"enemies":"Centurion and Healer","floor":21,"turns":3},{"damage":33,"enemies":"Shelled Parasite and Fungi","floor":22,"turns":5},{"damage":14,"enemies":"Gremlin Leader","floor":23,"turns":5},{"damage":3,"enemies":"Snecko","floor":27,"turns":5},{"damage":0,"enemies":"Centurion and Healer","floor":29,"turns":2}],"seed_played":"5680493990566758681","potions_obtained":[{"floor":2,"key":"Fire Potion"},{"floor":11,"key":"GamblersBrew"},{"floor":14,"key":"Block Potion"},{"floor":20,"key":"Ancient Potion"},{"floor":22,"key":"Fire Potion"},{"floor":23,"key":"SpeedPotion"}],"is_trial":false,"path_per_floor":["M","M","?","?","M","E","?","E","T","R","M","E","T","E","R","B",null,"M","?","M","M","M","E","$","T","T","M","?","M"],"character_chosen":"THE_SILENT","items_purchased":["Master of Strategy+1"],"campfire_rested":1,"item_purchase_floors":[24],"current_hp_per_floor":[63,63,63,63,63,46,46,30,30,51,50,35,35,28,28,45,82,74,74,65,53,34,32,32,32,32,41,41,41],"gold":471,"neow_bonus":"THREE_ENEMY_KILL","is_prod":false,"is_daily":false,"chose_seed":false,"campfire_upgraded":1,"win_rate":0,"timestamp":1543710704,"path_taken":["M","?","?","?","?","E","?","E","T","R","?","E","?","E","R","BOSS","M","?","?","M","M","E","$","?","T","M","?","M"],"build_version":"2018-11-15","purchased_purges":1,"victory":false,"max_hp_per_floor":[70,70,70,70,70,70,70,70,70,70,70,70,70,70,70,70,88,90,90,90,90,92,92,92,92,92,92,92,92],"card_choices":[{"not_picked":["Bouncing Flask","Cloak And Dagger"],"picked":"Poisoned Stab","floor":1},{"not_picked":["Underhanded Strike","Quick Slash"],"picked":"Sucker Punch","floor":2},{"not_picked":["PiercingWail","Quick Slash"],"picked":"Heel Hook","floor":5},{"not_picked":["Choke","Endless Agony"],"picked":"Die Die Die","floor":6},{"not_picked":["Outmaneuver","Backflip"],"picked":"Deadly Poison","floor":8},{"not_picked":["Acrobatics+1","Underhanded Strike"],"picked":"Dodge and Roll+1","floor":11},{"not_picked":["Outmaneuver+1","Acrobatics+1"],"picked":"Backflip+1","floor":12},{"not_picked":["Setup+1","Wraith Form v2"],"picked":"Leg Sweep+1","floor":14},{"not_picked":["Grand Finale","Bullet Time+1"],"picked":"Corpse Explosion+1","floor":16},{"not_picked":["Concentrate+1","Reflex+1","Dagger Spray"],"picked":"Singing Bowl","floor":18},{"not_picked":["Quick Slash+1","PiercingWail+1"],"picked":"Poisoned Stab+1","floor":20},{"not_picked":["Predator+1","PiercingWail+1"],"picked":"Catalyst+1","floor":21},{"not_picked":["Sucker Punch","Glass Knife","Quick Slash"],"picked":"Singing Bowl","floor":22},{"not_picked":["PiercingWail+1","Dodge and Roll+1"],"picked":"Footwork","floor":23},{"not_picked":["Masterful Stab+1","Slice"],"picked":"Catalyst+1","floor":27}],"player_experience":1514827,"relics_obtained":[{"floor":6,"key":"Matryoshka"},{"floor":8,"key":"Tiny Chest"},{"floor":9,"key":"MawBank"},{"floor":9,"key":"Toxic Egg 2"},{"floor":12,"key":"Pantograph"},{"floor":13,"key":"Darkstone Periapt"},{"floor":13,"key":"Singing Bowl"},{"floor":14,"key":"Ninja Scroll"},{"floor":17,"key":"Art of War"},{"floor":17,"key":"Ornamental Fan"},{"floor":17,"key":"Shovel"},{"floor":23,"key":"Mercury Hourglass"},{"floor":25,"key":"Paper Crane"},{"floor":26,"key":"Juzu Bracelet"}],"event_choices":[{"damage_healed":0,"gold_gain":0,"player_choice":"Box","damage_taken":0,"relics_obtained":["Meat on the Bone"],"max_hp_gain":0,"max_hp_loss":0,"event_name":"Big Fish","floor":3,"gold_loss":0,"cards_obtained":["Regret"]},{"cards_removed":["Regret"],"damage_healed":0,"gold_gain":0,"player_choice":"Purged","damage_taken":0,"max_hp_gain":0,"max_hp_loss":0,"event_name":"Purifier","floor":4,"gold_loss":0},{"cards_removed":["Strike_G"],"damage_healed":0,"gold_gain":0,"player_choice":"Card Removal","damage_taken":0,"max_hp_gain":0,"max_hp_loss":0,"event_name":"Wheel of Change","floor":7,"gold_loss":0},{"cards_removed":["Strike_G"],"damage_healed":0,"gold_gain":0,"player_choice":"Offered Basic","damage_taken":0,"max_hp_gain":0,"max_hp_loss":0,"event_name":"Bonfire Elementals","floor":19,"gold_loss":0},{"damage_healed":0,"gold_gain":0,"player_choice":"Ignored","damage_taken":0,"max_hp_gain":0,"max_hp_loss":0,"event_name":"Vampires","floor":28,"gold_loss":0}],"is_beta":false,"boss_relics":[{"not_picked":["Empty Cage","Busted Crown"],"picked":"Calling Bell"}],"items_purged_floors":[24],"is_endless":false,"potions_floor_spawned":[2,11,14,20,22,23],"killed_by":"Centurion and Healer","ascension_level":10}