{"path_per_floor":["M","?","?","M","M","E","R","E","T","M","R","M","?","M","R","B",null,"M","$"],"character_chosen":"DEFECT","items_purchased":["Matryoshka","Coolheaded","Defragment"],"gold_per_floor":[110,110,110,128,141,175,175,200,200,219,219,234,234,204,204,309,339,356,3,0],"floor_reached":20,"campfire_rested":1,"playtime":3319,"item_purchase_floors":[19,19,19],"current_hp_per_floor":[75,75,73,73,73,59,59,37,37,30,30,29,9,16,45,33,99,63,63,26],"items_purged":[],"gold":0,"score":234,"play_id":"1e485c52-0344-4a9a-8b49-71b0310c2a7a","local_time":"20180612205856","is_prod":false,"is_daily":false,"chose_seed":false,"is_ascension_mode":true,"campfire_upgraded":1,"win_rate":0,"timestamp":1528829936,"campfire_choices":[{"data":"Rainbow","floor":7,"key":"SMITH"},{"data":"1","floor":11,"key":"LIFT"},{"floor":15,"key":"REST"}],"path_taken":["M","?","?","M","M","E","R","E","T","M","R","M","?","M","R","BOSS","M","$","M"],"build_version":"2018-06-07v3","seed_source_timestamp":125604957373263,"purchased_purges":0,"victory":false,"master_deck":["Strike_B","Strike_B","Strike_B","Strike_B","Defend_B","Defend_B","Defend_B+1","Defend_B","Zap","Dualcast","Cold Snap","Sweeping Beam","Chill+1","Rainbow+1","Leap","BootSequence","Self Repair","Steam","Multi-Cast","Decay","Pain","Regret","Coolheaded","Coolheaded","Defragment"],"max_hp_per_floor":[75,75,85,85,85,99,99,99,99,99,99,99,99,99,99,99,99,99,99,99],"relics":["Cracked Core","NeowsBlessing","Pear","Mango","Girya","Ginger","Calling Bell","Tiny Chest","Molten Egg 2","Gambling Chip","Matryoshka"],"card_choices":[{"not_picked":["Redo","Turbo"],"picked":"Cold Snap","floor":1},{"not_picked":["BootSequence","Leap"],"picked":"Sweeping Beam","floor":4},{"not_picked":["Barrage","Coolheaded"],"picked":"Chill","floor":5},{"not_picked":["Cold Snap","Chill"],"picked":"Rainbow","floor":6},{"not_picked":["Darkness","Rebound"],"picked":"Leap","floor":8},{"not_picked":["Steam","Beam Cell"],"picked":"BootSequence","floor":10},{"not_picked":["Streamline","Steam"],"picked":"Self Repair","floor":12},{"not_picked":["Amplify","Go for the Eyes"],"picked":"Steam","floor":14},{"not_picked":["Amplify","Fission"],"picked":"Multi-Cast","floor":16},{"not_picked":["Recycle","Force Field+1"],"picked":"Coolheaded","floor":18}],"player_experience":658000,"potions_floor_usage":[6,6,16,16],"damage_taken":[{"damage":0,"enemies":"2 Louse","floor":1,"turns":1},{"damage":0,"enemies":"Cultist","floor":4,"turns":1},{"damage":0,"enemies":"Jaw Worm","floor":5,"turns":1},{"damage":28,"enemies":"Gremlin Nob","floor":6,"turns":4},{"damage":22,"enemies":"Lagavulin","floor":8,"turns":7},{"damage":7,"enemies":"Blue Slaver","floor":10,"turns":4},{"damage":1,"enemies":"3 Louse","floor":12,"turns":3},{"damage":0,"enemies":"Looter","floor":14,"turns":4},{"damage":12,"enemies":"Slime Boss","floor":16,"turns":8},{"damage":43,"enemies":"Shell Parasite","floor":18,"turns":10},{"damage":37,"enemies":"2 Thieves","floor":20,"turns":5}],"relics_obtained":[{"floor":6,"key":"Mango"},{"floor":8,"key":"Girya"},{"floor":9,"key":"Ginger"},{"floor":17,"key":"Tiny Chest"},{"floor":17,"key":"Molten Egg 2"},{"floor":17,"key":"Gambling Chip"}],"event_choices":[{"event_name":"The Lab","player_choice":"Got Potions","floor":2,"damage_taken":0},{"event_name":"Scrap Ooze","player_choice":"success","floor":3,"damage_taken":12},{"event_name":"Shining Light","player_choice":"Entered Light","floor":13,"damage_taken":0}],"boss_relics":[{"not_picked":["Nuclear Battery","Snecko Eye"],"picked":"Calling Bell"}],"items_purged_floors":[],"potions_floor_spawned":[10,12,16],"seed_played":"174694398301001865","killed_by":"2 Thieves","ascension_level":3,"potions_obtained":[{"floor":2,"key":"Ancient Potion"},{"floor":2,"key":"LiquidBronze"},{"floor":2,"key":"LiquidBronze"},{"floor":10,"key":"Weak Potion"},{"floor":12,"key":"Block Potion"},{"floor":16,"key":"PowerPotion"}],"is_trial":false}