{"gold_per_floor":[118,133,145,57,67,67,67,67,97,97,115,115,115,140,140,263,263,279,279,204,227,127,143,166,166,191,216,240,240,261,294,294,415,415,440,166,191,215,215],"floor_reached":39,"playtime":5493,"items_purged":["Pain","Strike_R","Strike_R"],"score":420,"play_id":"dc5b4992-154c-40f6-8e3f-b269bcb35601","local_time":"20190127190354","is_ascension_mode":false,"campfire_choices":[{"data":"Finesse","floor":7,"key":"SMITH"},{"data":"Bash","floor":10,"key":"SMITH"},{"data":"Spot Weakness","floor":12,"key":"SMITH"},{"floor":15,"key":"REST"},{"floor":25,"key":"REST"},{"floor":29,"key":"REST"},{"floor":32,"key":"REST"}],"neow_cost":"PERCENT_DAMAGE","seed_source_timestamp":83902108939900,"circlet_count":0,"master_deck":["Strike_R+1","Defend_R","Defend_R","Defend_R","Defend_R","Bash+1","Iron Wave+1","Shrug It Off","Headbutt","Finesse+1","Spot Weakness+1","Body Slam","Barricade","Heavy Blade","Rage","Body Slam+1","Limit Break"],"relics":["Burning Blood","Champion Belt","Question Card","Tiny Chest","Golden Idol","Lizard Tail","WarpedTongs","PreservedInsect","Ancient Tea Set","Shuriken","Empty Cage","Red Skull"],"potions_floor_usage":[14,16,16,21,24],"damage_taken":[{"damage":1,"enemies":"2 Louse","floor":1,"turns":3},{"damage":0,"enemies":"Small Slimes","floor":2,"turns":4},{"damage":1,"enemies":"Cultist","floor":3,"turns":4},{"damage":3,"enemies":"Blue Slaver","floor":5,"turns":4},{"damage":2,"enemies":"Exordium Thugs","floor":11,"turns":4},{"damage":3,"enemies":"Gremlin Gang","floor":14,"turns":5},{"damage":33,"enemies":"The Guardian","floor":16,"turns":8},{"damage":31,"enemies":"Shell Parasite","floor":18,"turns":8},{"damage":39,"enemies":"Spheric Guardian","floor":21,"turns":8},{"damage":16,"enemies":"Snecko","floor":23,"turns":10},{"damage":21,"enemies":"Sentry and Sphere","floor":24,"turns":9},{"damage":54,"enemies":"3 Cultists","floor":28,"turns":8},{"damage":0,"enemies":"Snake Plant","floor":30,"turns":6},{"damage":30,"enemies":"Book of Stabbing","floor":31,"turns":6},{"damage":28,"enemies":"Champ","floor":33,"turns":11},{"damage":33,"enemies":"3 Darklings","floor":35,"turns":7},{"damage":0,"enemies":"3 Shapes","floor":37,"turns":8},{"damage":50,"enemies":"Writhing Mass","floor":38,"turns":6},{"damage":20,"enemies":"Maw","floor":39,"turns":2}],"seed_played":"6438411855187112758","potions_obtained":[{"floor":2,"key":"SpeedPotion"},{"floor":5,"key":"FearPotion"},{"floor":14,"key":"BloodPotion"},{"floor":18,"key":"AttackPotion"},{"floor":23,"key":"Ancient Potion"}],"is_trial":false,"path_per_floor":["M","M","M","$","M","?","R","?","T","R","M","R","?","M","R","B",null,"M","?","$","M","$","M","M","R","T","T","M","R","M","E","R","B",null,"M","$","M","M","M"],"character_chosen":"IRONCLAD","items_purchased":["Finesse","Red Skull"],"campfire_rested":4,"item_purchase_floors":[4,36],"current_hp_per_floor":[61,67,72,72,75,59,59,56,56,56,60,60,40,43,67,48,80,55,55,55,22,22,12,46,70,70,70,22,46,52,28,52,30,80,53,53,59,15,0],"gold":215,"neow_bonus":"ONE_RARE_RELIC","is_prod":false,"is_daily":false,"chose_seed":false,"campfire_upgraded":3,"win_rate":0,"timestamp":1548633834,"path_taken":["M","M","M","$","M","?","R","?","T","R","M","R","?","M","R","BOSS","M","?","$","M","?","M","M","R","T","?","?","R","?","E","R","BOSS","M","$","M","M","M"],"build_version":"2019-01-23","purchased_purges":3,"victory":false,"max_hp_per_floor":[80,80,80,80,80,80,80,80,80,80,80,80,80,80,80,80,80,80,80,80,80,80,80,80,80,80,80,80,80,80,80,80,80,80,80,80,80,80,80],"card_choices":[{"not_picked":["Perfected Strike","Corruption"],"picked":"Iron Wave","floor":1},{"not_picked":["Feel No Pain","Intimidate"],"picked":"Shrug It Off","floor":2},{"not_picked":["Sword Boomerang","Combust"],"picked":"Headbutt","floor":3},{"not_picked":["True Grit","Warcry"],"picked":"Spot Weakness","floor":5},{"not_picked":["True Grit","Iron Wave","Headbutt","Thunderclap"],"picked":"SKIP","floor":11},{"not_picked":["Intimidate","Hemokinesis","Sword Boomerang"],"picked":"Body Slam","floor":14},{"not_picked":["Exhume","Fiend Fire","Feed"],"picked":"Barricade","floor":16},{"not_picked":["Anger","Pommel Strike","Headbutt"],"picked":"Heavy Blade","floor":18},{"not_picked":["Pommel Strike+1","Sword Boomerang+1","Cleave"],"picked":"Rage","floor":21},{"not_picked":["Heavy Blade","Hemokinesis","Power Through","Second Wind"],"picked":"SKIP","floor":23},{"not_picked":["Burning Pact","Dark Embrace","Shrug It Off","Dual Wield"],"picked":"SKIP","floor":24},{"not_picked":["True Grit","Cleave","Perfected Strike+1"],"picked":"Body Slam+1","floor":28},{"not_picked":["Dual Wield","Body Slam","Infernal Blade","Immolate"],"picked":"SKIP","floor":30},{"not_picked":["Body Slam","Pummel","Spot Weakness+1","Shrug It Off"],"picked":"SKIP","floor":31},{"not_picked":["Exhume","Barricade","Dark Embrace"],"picked":"Limit Break","floor":33},{"not_picked":["Armaments","Sever Soul","Anger+1","Body Slam+1"],"picked":"SKIP","floor":35},{"not_picked":["Hemokinesis","Spot Weakness","Seeing Red","Heavy Blade"],"picked":"SKIP","floor":37},{"not_picked":["Heavy Blade+1","Thunderclap+1","Warcry+1","Headbutt"],"picked":"SKIP","floor":38}],"player_experience":107134,"relics_obtained":[{"floor":9,"key":"Tiny Chest"},{"floor":26,"key":"PreservedInsect"},{"floor":27,"key":"Ancient Tea Set"},{"floor":31,"key":"Shuriken"}],"event_choices":[{"damage_healed":0,"gold_gain":0,"player_choice":"Entered Light","damage_taken":16,"max_hp_gain":0,"max_hp_loss":0,"event_name":"Shining Light","floor":6,"gold_loss":0,"cards_upgraded":["Strike_R","Iron Wave"]},{"damage_healed":0,"gold_gain":0,"player_choice":"Success","damage_taken":3,"relics_obtained":["Question Card"],"max_hp_gain":0,"max_hp_loss":0,"event_name":"Scrap Ooze","floor":8,"gold_loss":0},{"damage_healed":0,"gold_gain":0,"player_choice":"Take Damage","damage_taken":20,"relics_obtained":["Golden Idol"],"max_hp_gain":0,"max_hp_loss":0,"event_name":"Golden Idol","floor":13,"gold_loss":0},{"damage_healed":0,"gold_gain":0,"player_choice":"Rummage","damage_taken":0,"relics_obtained":["WarpedTongs"],"max_hp_gain":0,"max_hp_loss":0,"event_name":"Accursed Blacksmith","floor":19,"gold_loss":0,"cards_obtained":["Pain"]}],"is_beta":false,"boss_relics":[{"not_picked":["White Beast Statue","Runic Dome"],"picked":"Lizard Tail"},{"not_picked":["Tiny House","Runic Cube"],"picked":"Empty Cage"}],"items_purged_floors":[20,22,36],"is_endless":false,"potions_floor_spawned":[2,5,14,18,23],"killed_by":"Maw","ascension_level":0}