{"gold_per_floor":[114,34,34,5,155,155,187,187,267,299,299,148,167,184,184,263,263,277,277,3,103,103,103,103],"floor_reached":24,"playtime":648,"items_purged":["Doubt"],"score":496,"play_id":"0dae09b8-b2df-47da-a596-f68d96927db5","local_time":"20190103170857","is_ascension_mode":true,"campfire_choices":[{"data":"Uppercut","floor":6.0,"key":"SMITH"},{"data":"Shockwave","floor":8.0,"key":"SMITH"},{"data":"Clothesline","floor":11.0,"key":"SMITH"},{"data":"True Grit","floor":15,"key":"SMITH"},{"floor":23,"key":"RECALL"}],"neow_cost":"NONE","seed_source_timestamp":160244290503551,"circlet_count":0,"master_deck":["AscendersBane","Strike_R","Strike_R","Strike_R","Strike_R","Defend_R","Defend_R","Defend_R","Defend_R","Bash","Rampage","Uppercut+1","Shrug It Off","Shockwave+1","Clothesline+1","Inflame","True Grit+1","Shrug It Off","Writhe"],"special_seed":0,"relics":["Burning Blood","NeowsBlessing","Du-Vu Doll","Gremlin Horn","Dream Catcher","Fusion Hammer","ClockworkSouvenir","Ginger","Pantograph","Singing Bowl"],"potions_floor_usage":[16,18,21,21],"damage_taken":[{"damage":0.0,"enemies":"Jaw Worm","floor":1.0,"turns":1.0},{"damage":0.0,"enemies":"Gremlin Nob","floor":7.0,"turns":1.0},{"damage":0.0,"enemies":"3 Sentries","floor":10.0,"turns":2.0},{"damage":4.0,"enemies":"Cultist","floor":13.0,"turns":3.0},{"damage":2,"enemies":"Small Slimes","floor":14,"turns":3},{"damage":47,"enemies":"Slime Boss","floor":16,"turns":12},{"damage":12,"enemies":"3 Byrds","floor":18,"turns":6},{"damage":15,"enemies":"Colosseum Slavers","floor":21,"turns":5},{"damage":25,"enemies":"Colosseum Nobs","floor":21,"turns":5},{"damage":34,"enemies":"Book of Stabbing","floor":24,"turns":4}],"seed_played":"4938032544102473901","potions_obtained":[{"floor":7.0,"key":"Strength Potion"},{"floor":10.0,"key":"SkillPotion"},{"floor":16,"key":"Poison Potion"},{"floor":18,"key":"Ancient Potion"}],"is_trial":false,"path_per_floor":["M","$","?","$","?","R","E","R","T","E","R","$","M","M","R","B",null,"M","?","$","?","?","R","E"],"character_chosen":"IRONCLAD","items_purchased":["Uppercut","Shrug It Off","Inflame","ClockworkSouvenir","Shrug It Off"],"campfire_rested":0,"item_purchase_floors":[2,4,12,20,20],"current_hp_per_floor":[74,74,74,74,74,74,75,75,75,75,75,75,75,75,75,34,65,59,59,59,31,31,31,0],"gold":103,"neow_bonus":"THREE_ENEMY_KILL","is_prod":false,"is_daily":false,"chose_seed":false,"campfire_upgraded":4,"win_rate":0,"timestamp":1546506537,"path_taken":["M","$","?","$","?","R","E","R","T","E","R","$","M","M","R","BOSS","M","?","$","?","?","R","E"],"build_version":"2019-01-02","purchased_purges":1,"victory":false,"max_hp_per_floor":[75,75,75,75,75,75,75,75,75,75,75,75,75,75,75,75,75,75,75,75,75,75,75,75],"card_choices":[{"not_picked":["Armaments","Shrug It Off"],"picked":"Rampage","floor":1.0},{"not_picked":["Clothesline","Twin Strike"],"picked":"Shockwave","floor":7.0},{"not_picked":["Wild Strike","Sever Soul"],"picked":"Clothesline","floor":10.0},{"not_picked":["Perfected Strike","Entrench"],"picked":"True Grit","floor":13.0},{"not_picked":["Cleave","Body Slam","Fire Breathing"],"picked":"SKIP","floor":14},{"not_picked":["Wild Strike","Cleave","Clash"],"picked":"SKIP","floor":18}],"player_experience":1303112,"relics_obtained":[{"floor":7.0,"key":"Du-Vu Doll"},{"floor":9.0,"key":"Gremlin Horn"},{"floor":10.0,"key":"Dream Catcher"},{"floor":21,"key":"Ginger"},{"floor":21,"key":"Pantograph"}],"event_choices":[{"cards_removed":["Strike_R"],"damage_healed":0.0,"max_hp_gain":0.0,"max_hp_loss":0.0,"gold_gain":0.0,"event_name":"Purifier","player_choice":"Purged","floor":3.0,"gold_loss":0.0,"damage_taken":0.0},{"damage_healed":0.0,"max_hp_gain":0.0,"max_hp_loss":0.0,"gold_gain":150.0,"event_name":"Liars Game","player_choice":"AGREE","floor":5.0,"gold_loss":0.0,"damage_taken":0.0,"cards_obtained":["Doubt"]},{"damage_healed":0,"gold_gain":0,"player_choice":"Ignored","damage_taken":0,"max_hp_gain":0,"max_hp_loss":0,"event_name":"Beggar","floor":19,"gold_loss":0},{"damage_healed":0,"gold_gain":0,"player_choice":"Fight","damage_taken":0,"max_hp_gain":0,"max_hp_loss":0,"event_name":"Colosseum","floor":21,"gold_loss":0},{"damage_healed":0,"gold_gain":0,"player_choice":"Fought Nobs","damage_taken":0,"max_hp_gain":0,"max_hp_loss":0,"event_name":"Colosseum","floor":21,"gold_loss":0},{"damage_healed":0,"gold_gain":0,"player_choice":"Opened","damage_taken":0,"relics_obtained":["Singing Bowl"],"max_hp_gain":0,"max_hp_loss":0,"event_name":"The Mausoleum","floor":22,"gold_loss":0,"cards_obtained":["Writhe"]}],"is_beta":true,"boss_relics":[{"not_picked":["Coffee Dripper","Empty Cage"],"picked":"Fusion Hammer"}],"items_purged_floors":[12],"is_endless":false,"potions_floor_spawned":[7,10,16,18,21],"killed_by":"Book of Stabbing","ascension_level":20}