{"gold_per_floor":[110,123,140,150,300,300,171,201,201,220,253,266,281,300,300,372,372,383,383,433,451,225,257,257,286,286,298,298,15,27,27,27,104,104,122,140,140,240,18,49,99,99,125,139,139,139,170,184,184,184],"floor_reached":50,"playtime":2567,"items_purged":["Doubt"],"score":1304,"play_id":"ddb5210f-1242-4d31-a140-200d90aaafdf","local_time":"20181027001931","is_ascension_mode":true,"campfire_choices":[{"data":"Sunder","floor":6.0,"key":"SMITH"},{"floor":15.0,"key":"REST"},{"floor":24.0,"key":"REST"},{"floor":28.0,"key":"REST"},{"floor":32.0,"key":"REST"},{"floor":42.0,"key":"REST"},{"floor":45.0,"key":"REST"},{"floor":49,"key":"REST"}],"neow_cost":"NONE","seed_source_timestamp":572370196917470,"circlet_count":0,"master_deck":["Strike_B+1","Strike_B","Defend_B","Defend_B","Defend_B","Defend_B","Zap+1","Dualcast","AscendersBane","Finesse","Cold Snap","Leap","Sunder+1","Genetic Algorithm","Creative AI","Ball Lightning+1","Defragment","Coolheaded","Stack","Conserve Battery","Electrodynamics","Go for the Eyes+1","Defragment","Thunder Strike","Seek+1","Hologram+1","Auto Shields","Seek","Defragment","Defragment","Coolheaded+1","Chaos+1","Defragment"],"special_seed":0,"relics":["Cracked Core","Pocketwatch","Letter Opener","Question Card","Inserter","OrangePellets","Anchor","Ancient Tea Set","Calipers","Symbiotic Virus","White Beast Statue","Torii","Toy Ornithopter","Whetstone","War Paint","Regal Pillow"],"potions_floor_usage":[48],"damage_taken":[{"damage":2.0,"enemies":"Cultist","floor":1.0,"turns":4.0},{"damage":6.0,"enemies":"Small Slimes","floor":2.0,"turns":4.0},{"damage":0.0,"enemies":"2 Louse","floor":3.0,"turns":2.0},{"damage":21.0,"enemies":"Gremlin Gang","floor":4.0,"turns":4.0},{"damage":12.0,"enemies":"3 Sentries","floor":8.0,"turns":8.0},{"damage":1.0,"enemies":"2 Fungi Beasts","floor":10.0,"turns":2.0},{"damage":0.0,"enemies":"Gremlin Nob","floor":11.0,"turns":2.0},{"damage":2.0,"enemies":"Red Slaver","floor":12.0,"turns":3.0},{"damage":1.0,"enemies":"3 Louse","floor":13.0,"turns":3.0},{"damage":11.0,"enemies":"Looter","floor":14.0,"turns":2.0},{"damage":8.0,"enemies":"The Guardian","floor":16.0,"turns":12.0},{"damage":1.0,"enemies":"Chosen","floor":18.0,"turns":5.0},{"damage":11.0,"enemies":"2 Thieves","floor":21.0,"turns":4.0},{"damage":39.0,"enemies":"Slavers","floor":23.0,"turns":5.0},{"damage":19.0,"enemies":"Gremlin Leader","floor":25.0,"turns":5.0},{"damage":8.0,"enemies":"Snecko","floor":27.0,"turns":5.0},{"damage":3.0,"enemies":"Cultist and Chosen","floor":30.0,"turns":5.0},{"damage":2.0,"enemies":"Champ","floor":33.0,"turns":13.0},{"damage":8.0,"enemies":"3 Shapes","floor":35.0,"turns":3.0},{"damage":6.0,"enemies":"Orb Walker","floor":36.0,"turns":4.0},{"damage":0.0,"enemies":"Mind Bloom Boss Battle","floor":38.0,"turns":5.0},{"damage":53.0,"enemies":"Reptomancer","floor":40.0,"turns":8.0},{"damage":8.0,"enemies":"Maw","floor":44.0,"turns":11.0},{"damage":0.0,"enemies":"Nemesis","floor":47.0,"turns":11.0},{"damage":24,"enemies":"Jaw Worm Horde","floor":48,"turns":5},{"damage":8,"enemies":"Donu and Deca","floor":50,"turns":3}],"seed_played":"-4761725523336867643","potions_obtained":[{"floor":1.0,"key":"PowerPotion"},{"floor":11.0,"key":"SmokeBomb"},{"floor":16.0,"key":"Dexterity Potion"},{"floor":27.0,"key":"Fire Potion"},{"floor":35.0,"key":"SmokeBomb"},{"floor":36.0,"key":"Energy Potion"},{"floor":38.0,"key":"FearPotion"},{"floor":40.0,"key":"AttackPotion"},{"floor":44.0,"key":"FearPotion"},{"floor":48,"key":"SteroidPotion"}],"is_trial":false,"path_per_floor":["M","M","M","M","?","R","$","E","T","M","E","M","M","M","R","B",null,"M","?","?","M","$","E","R","E","T","M","R","$","M","?","R","B",null,"M","M","$","?","$","E","?","R","T","M","R","?","E","M","R"],"character_chosen":"DEFECT","items_purchased":["FearPotion","OrangePellets","Symbiotic Virus","Toy Ornithopter"],"campfire_rested":7,"item_purchase_floors":[7,22,29,39],"current_hp_per_floor":[62,56,56,35,35,35,35,23,23,22,22,20,19,8,29,21,59,58,58,58,47,47,8,29,10,10,2,23,23,20,20,41,39,63,55,49,49,49,49,1,1,22,22,14,35,35,35,16,52,44],"gold":184,"neow_bonus":"RANDOM_COLORLESS","is_prod":false,"is_daily":false,"chose_seed":false,"campfire_upgraded":1,"win_rate":0,"timestamp":1540613971,"path_taken":["M","M","M","M","?","R","$","E","T","M","E","M","?","M","R","BOSS","M","?","?","M","$","E","R","E","T","M","R","$","?","?","R","BOSS","M","M","?","?","$","E","?","R","T","?","R","?","E","M","R","BOSS"],"build_version":"2018-10-25v2","purchased_purges":1,"victory":false,"max_hp_per_floor":[71,71,71,71,71,71,71,71,71,71,71,71,71,71,71,71,71,71,71,71,71,71,71,71,71,71,71,71,71,71,71,71,71,71,71,71,71,71,71,71,71,71,71,71,71,71,71,71,71,71],"card_choices":[{"not_picked":["Glacier","Turbo"],"picked":"Cold Snap","floor":1.0},{"not_picked":["Steam Power","Fusion"],"picked":"Leap","floor":2.0},{"not_picked":["Streamline","Reinforced Body"],"picked":"Sunder","floor":3.0},{"not_picked":["Hello World","Self Repair"],"picked":"Genetic Algorithm","floor":4.0},{"not_picked":["Heatsinks","Ball Lightning"],"picked":"Creative AI","floor":8.0},{"not_picked":["Streamline","Static Discharge"],"picked":"Ball Lightning","floor":10.0},{"not_picked":["Amplify","Storm"],"picked":"Defragment","floor":11.0},{"not_picked":["Streamline","Self Repair","Turbo"],"picked":"Coolheaded","floor":12.0},{"not_picked":["Barrage","Rebound","Redo"],"picked":"Stack","floor":13.0},{"not_picked":["Streamline","Double Energy","Gash"],"picked":"Conserve Battery","floor":14.0},{"not_picked":["All For One","Seek","Buffer"],"picked":"Electrodynamics","floor":16.0},{"not_picked":["Turbo+1","Beam Cell","Redo"],"picked":"Go for the Eyes+1","floor":18.0},{"not_picked":["FTL+1","Sunder","Blizzard"],"picked":"Defragment","floor":21.0},{"not_picked":["Scrape","FTL","Creative AI"],"picked":"Thunder Strike","floor":23.0},{"not_picked":["Glacier","Hologram","Ball Lightning"],"picked":"Seek","floor":25.0},{"not_picked":["Go for the Eyes","Compile Driver","Leap"],"picked":"Hologram+1","floor":27.0},{"not_picked":["Compile Driver","Turbo","Rebound"],"picked":"Auto Shields","floor":30.0},{"not_picked":["Meteor Strike","Creative AI","Reboot"],"picked":"Seek","floor":33.0},{"not_picked":["Barrage","Undo","Rebound"],"picked":"Defragment","floor":35.0},{"not_picked":["Static Discharge","Aggregate+1","Stack"],"picked":"Defragment","floor":36.0},{"not_picked":["Redo","BootSequence","Genetic Algorithm"],"picked":"Coolheaded+1","floor":40.0},{"not_picked":["Turbo","Gash","Reinforced Body","Hologram"],"picked":"SKIP","floor":44.0},{"not_picked":["Sweeping Beam+1","Self Repair","Buffer"],"picked":"Chaos+1","floor":47.0},{"not_picked":["Conserve Battery","Rip and Tear+1","Barrage+1"],"picked":"Defragment","floor":48}],"player_experience":1079027,"relics_obtained":[{"floor":8.0,"key":"Pocketwatch"},{"floor":9.0,"key":"Letter Opener"},{"floor":11.0,"key":"Question Card"},{"floor":23.0,"key":"Anchor"},{"floor":25.0,"key":"Ancient Tea Set"},{"floor":26.0,"key":"Calipers"},{"floor":38.0,"key":"Torii"},{"floor":40.0,"key":"Whetstone"},{"floor":43.0,"key":"War Paint"},{"floor":47.0,"key":"Regal Pillow"}],"event_choices":[{"damage_healed":0.0,"max_hp_gain":0.0,"max_hp_loss":0.0,"gold_gain":150.0,"event_name":"Liars Game","player_choice":"AGREE","floor":5.0,"gold_loss":0.0,"damage_taken":0.0,"cards_obtained":["Doubt"]},{"cards_removed":["Strike_B"],"damage_healed":0.0,"max_hp_gain":0.0,"max_hp_loss":0.0,"gold_gain":0.0,"event_name":"Purifier","player_choice":"Purged","floor":19.0,"gold_loss":0.0,"damage_taken":0.0},{"damage_healed":0.0,"max_hp_gain":0.0,"max_hp_loss":0.0,"gold_gain":50.0,"event_name":"Nest","player_choice":"Stole From Cult","floor":20.0,"gold_loss":0.0,"damage_taken":0.0},{"cards_removed":["Strike_B"],"damage_healed":0.0,"max_hp_gain":0.0,"max_hp_loss":0.0,"gold_gain":0.0,"event_name":"Purifier","player_choice":"Purged","floor":31.0,"gold_loss":0.0,"damage_taken":0.0},{"damage_healed":0.0,"max_hp_gain":0.0,"max_hp_loss":0.0,"gold_gain":0.0,"event_name":"MindBloom","player_choice":"Fight","floor":38.0,"gold_loss":0.0,"damage_taken":0.0},{"damage_healed":0.0,"max_hp_gain":0.0,"max_hp_loss":0.0,"gold_gain":100.0,"event_name":"Golden Shrine","player_choice":"Pray","floor":41.0,"gold_loss":0.0,"damage_taken":0.0},{"damage_healed":0.0,"max_hp_gain":0.0,"max_hp_loss":0.0,"gold_gain":0.0,"event_name":"FaceTrader","player_choice":"Leave","floor":46.0,"gold_loss":0.0,"damage_taken":0.0}],"is_beta":false,"boss_relics":[{"not_picked":["Astrolabe","Tiny House"],"picked":"Inserter"},{"not_picked":["Runic Pyramid","Calling Bell"],"picked":"White Beast Statue"}],"items_purged_floors":[7],"is_endless":false,"potions_floor_spawned":[1,8,10,11,13,16,21,27,35,36,38,40,44,47,48],"killed_by":"Donu and Deca","ascension_level":20}