{"path_per_floor":["M","?","M","M","M","R","?","E","T","$","M","M","R","?","R","B",null,"M","M","?","?","?","R","?","R","T"],"character_chosen":"IRONCLAD","items_purchased":["Gremlin Horn"],"gold_per_floor":[116,116,129,142,155,155,330,359,359,105,124,143,143,172,172,269,269,258,273,273,372,287,287,210,210,256,256],"floor_reached":27,"campfire_rested":0,"playtime":1017,"item_purchase_floors":[10],"current_hp_per_floor":[67,67,62,61,66,66,66,54,54,54,57,63,63,64,64,21,59,46,31,31,31,31,31,31,31,31,9],"items_purged":[],"gold":256,"score":310,"play_id":"ea42b88f-1dab-42b2-afd9-3192a755e07b","local_time":"20180620180648","is_prod":false,"is_daily":false,"chose_seed":false,"is_ascension_mode":true,"campfire_upgraded":5,"win_rate":0,"timestamp":1529510808,"campfire_choices":[{"data":"Bash","floor":6,"key":"SMITH"},{"data":"Shrug It Off","floor":13,"key":"SMITH"},{"data":"Heavy Blade","floor":15,"key":"SMITH"},{"data":"Bite","floor":23,"key":"SMITH"},{"data":"Bite","floor":25,"key":"SMITH"}],"path_taken":["M","?","M","M","M","R","?","E","T","$","M","M","R","?","R","BOSS","M","M","?","?","?","R","?","R","T","M"],"build_version":"2018-06-14v2","seed_source_timestamp":605552219722293,"purchased_purges":0,"victory":false,"master_deck":["Defend_R","Defend_R","Defend_R","Bash+1","Inflame+1","Exhume","Pommel Strike","Shrug It Off+1","Dual Wield","Perfected Strike","Doubt","Heavy Blade+1","Wild Strike","Perfected Strike","Bloodletting","Bludgeon","Spot Weakness","Twin Strike+1","Bite+1","Bite+1","Bite+1","Bite+1","Bite","J.A.X."],"max_hp_per_floor":[72,72,72,72,72,72,72,72,72,72,72,72,72,72,72,72,72,72,72,50,50,50,50,50,50,50,50],"relics":["Burning Blood","Omamori","Juzu Bracelet","Gremlin Horn","Odd Mushroom","White Beast Statue","The Courier","Whetstone"],"card_choices":[{"not_picked":["Iron Wave","Blood for Blood"],"picked":"Pommel Strike","floor":1},{"not_picked":["Twin Strike","Warcry"],"picked":"Shrug It Off","floor":3},{"not_picked":["Power Through","Blood for Blood"],"picked":"Dual Wield","floor":4},{"not_picked":["Sentinel","Demon Form"],"picked":"Perfected Strike","floor":5},{"not_picked":["Thunderclap","Body Slam"],"picked":"Heavy Blade","floor":8},{"not_picked":["Reckless Charge","Clothesline"],"picked":"Wild Strike","floor":11},{"not_picked":["Sentinel","Body Slam"],"picked":"Perfected Strike","floor":12},{"not_picked":["Sword Boomerang","Flex"],"picked":"Bloodletting","floor":14},{"not_picked":["Fiend Fire","Demon Form"],"picked":"Bludgeon","floor":16},{"not_picked":["Warcry+1","Flex+1"],"picked":"Spot Weakness","floor":18},{"not_picked":["Armaments","Pommel Strike"],"picked":"Twin Strike+1","floor":19}],"player_experience":759471,"potions_floor_usage":[11,12,14,16,18],"damage_taken":[{"damage":11,"enemies":"2 Louse","floor":1,"turns":3},{"damage":11,"enemies":"Cultist","floor":3,"turns":4},{"damage":7,"enemies":"Jaw Worm","floor":4,"turns":3},{"damage":1,"enemies":"3 Louse","floor":5,"turns":5},{"damage":18,"enemies":"Gremlin Nob","floor":8,"turns":4},{"damage":3,"enemies":"Looter","floor":11,"turns":2},{"damage":0,"enemies":"Lots of Slimes","floor":12,"turns":2},{"damage":5,"floor":14,"turns":3},{"damage":49,"enemies":"Hexaghost","floor":16,"turns":8},{"damage":19,"enemies":"2 Thieves","floor":18,"turns":4},{"damage":21,"enemies":"Chosen","floor":19,"turns":3},{"damage":27,"enemies":"Snake Plant","floor":27,"turns":2}],"relics_obtained":[{"floor":8,"key":"Omamori"},{"floor":9,"key":"Juzu Bracelet"},{"floor":14,"key":"Odd Mushroom"},{"floor":26,"key":"Whetstone"}],"event_choices":[{"event_name":"Accursed Blacksmith","player_choice":"Forge","floor":2,"damage_taken":0},{"event_name":"Liars Game","player_choice":"agreed","floor":7,"damage_taken":0},{"event_name":"Mushrooms","player_choice":"Fought Mushrooms","floor":14,"damage_taken":0},{"event_name":"Vampires","player_choice":"Became a vampire","floor":20,"damage_taken":0},{"event_name":"Nest","player_choice":"Stole From Cult","floor":21,"damage_taken":0},{"event_name":"Addict","player_choice":"Obtained Relic","floor":22,"damage_taken":0},{"event_name":"Drug Dealer","player_choice":"Got JAXXED","floor":24,"damage_taken":0}],"boss_relics":[{"not_picked":["Runic Cube","Philosopher\u0027s Stone"],"picked":"White Beast Statue"}],"items_purged_floors":[],"is_endless":false,"potions_floor_spawned":[4,5,8,12,16,18,19],"seed_played":"-1918553385345239869","killed_by":"Snake Plant","ascension_level":7,"potions_obtained":[{"floor":4,"key":"Dexterity Potion"},{"floor":5,"key":"Fire Potion"},{"floor":8,"key":"Fire Potion"},{"floor":12,"key":"SteroidPotion"},{"floor":16,"key":"EssenceOfSteel"},{"floor":18,"key":"EssenceOfSteel"},{"floor":19,"key":"SpeedPotion"}],"is_trial":false}