{"gold_per_floor":[112,129,145,90,106,106,134,134,215,215,215,228,255,268,268,268],"floor_reached":16,"playtime":684,"items_purged":[],"score":324,"play_id":"b76d0d1c-55cc-43ca-9637-26002eb805e2","local_time":"20181102212938","is_ascension_mode":true,"campfire_choices":[{"data":"Bash","floor":6.0,"key":"SMITH"},{"data":"Disarm","floor":8.0,"key":"SMITH"},{"data":"Hemokinesis","floor":11.0,"key":"SMITH"},{"data":"Corruption","floor":15,"key":"SMITH"}],"neow_cost":"NONE","seed_source_timestamp":139785085483054,"circlet_count":0,"master_deck":["AscendersBane","Strike_R","Strike_R","Strike_R","Strike_R","Defend_R","Defend_R","Defend_R","Defend_R","Bash+1","Reaper","Disarm+1","Shrug It Off","Impervious","Hemokinesis+1","Armaments","Corruption+1"],"special_seed":0,"relics":["Burning Blood","StoneCalendar","Darkstone Periapt","Pen Nib"],"potions_floor_usage":[12],"damage_taken":[{"damage":7.0,"enemies":"2 Louse","floor":1.0,"turns":4.0},{"damage":6.0,"enemies":"Cultist","floor":2.0,"turns":3.0},{"damage":10.0,"enemies":"Jaw Worm","floor":3.0,"turns":4.0},{"damage":13.0,"enemies":"Red Slaver","floor":5.0,"turns":5.0},{"damage":51.0,"enemies":"Lagavulin","floor":7.0,"turns":8.0},{"damage":0,"enemies":"3 Louse","floor":12,"turns":2},{"damage":33,"enemies":"3 Sentries","floor":13,"turns":7},{"damage":2,"enemies":"2 Fungi Beasts","floor":14,"turns":4}],"seed_played":"8978758779373100152","potions_obtained":[{"floor":3.0,"key":"Fire Potion"},{"floor":12,"key":"Swift Potion"},{"floor":13,"key":"Dexterity Potion"},{"floor":14,"key":"PowerPotion"}],"is_trial":false,"path_per_floor":["M","M","M","$","M","R","E","R","T","?","R","M","E","M","R","B"],"character_chosen":"IRONCLAD","items_purchased":["Explosive Potion"],"campfire_rested":0,"item_purchase_floors":[4],"current_hp_per_floor":[75,75,71,71,64,64,25,25,25,25,25,37,25,33,33,0],"gold":268,"neow_bonus":"ONE_RANDOM_RARE_CARD","is_prod":false,"is_daily":false,"chose_seed":false,"campfire_upgraded":4,"win_rate":0,"timestamp":1541208578,"path_taken":["M","M","M","$","M","R","E","R","T","?","R","?","E","M","R","BOSS"],"build_version":"2018-11-01v2","purchased_purges":0,"victory":false,"max_hp_per_floor":[75,75,75,75,75,75,75,75,75,75,75,75,75,75,75,75],"card_choices":[{"not_picked":["Anger","Evolve"],"picked":"Disarm","floor":1.0},{"not_picked":["Body Slam","Rupture","Clash"],"picked":"SKIP","floor":2.0},{"not_picked":["Bloodletting","Dual Wield","Clash"],"picked":"SKIP","floor":3.0},{"not_picked":["Wild Strike","Entrench"],"picked":"Shrug It Off","floor":5.0},{"not_picked":["Second Wind","Dark Embrace"],"picked":"Impervious","floor":7.0},{"not_picked":["Sever Soul","Pommel Strike"],"picked":"Armaments","floor":12},{"not_picked":["Sword Boomerang","Perfected Strike","Clash"],"picked":"SKIP","floor":13},{"not_picked":["Dropkick","Ghostly Armor"],"picked":"Corruption","floor":14}],"player_experience":1134511,"relics_obtained":[{"floor":7.0,"key":"StoneCalendar"},{"floor":9.0,"key":"Darkstone Periapt"},{"floor":13,"key":"Pen Nib"}],"event_choices":[{"damage_healed":0.0,"max_hp_gain":0.0,"max_hp_loss":0.0,"gold_gain":0.0,"cards_transformed":["Strike_R"],"event_name":"Transmorgrifier","player_choice":"Transformed","floor":10.0,"gold_loss":0.0,"damage_taken":0.0,"cards_obtained":["Hemokinesis"]}],"is_beta":true,"boss_relics":[],"items_purged_floors":[],"is_endless":false,"potions_floor_spawned":[3,12,13,14],"killed_by":"The Guardian","ascension_level":20}