{"gold_per_floor":[111,130,145,145,161,161,193,193,193,193,210,237,253,263,263,337,337,356,281,281,281,281,281,306,318,330,367,329,341],"floor_reached":29,"playtime":1110,"items_purged":["Strike_G"],"score":592,"play_id":"40205a5e-d874-4731-a89e-d49c31a1d303","local_time":"20181022220325","is_ascension_mode":true,"campfire_choices":[{"data":"Neutralize","floor":6.0,"key":"SMITH"},{"data":"Flechettes","floor":8.0,"key":"SMITH"},{"data":"Dagger Spray","floor":10.0,"key":"SMITH"},{"data":"Dash","floor":15.0,"key":"SMITH"},{"data":"A Thousand Cuts","floor":23.0,"key":"SMITH"}],"neow_cost":"NONE","seed_source_timestamp":410768729001875,"circlet_count":0,"master_deck":["Defend_G","Defend_G","Defend_G","Defend_G","Defend_G","Strike_G","Strike_G","Strike_G","Strike_G","Survivor","Neutralize+1","AscendersBane","Heel Hook","Dagger Spray+1","Dash+1","Well Laid Plans","Flechettes+1","Backstab","Backstab","Quick Slash","Backflip","Malaise+1","Infinite Blades","Normality","Backflip","A Thousand Cuts+1","Tools of the Trade+1","All Out Attack+1"],"special_seed":0,"relics":["Coffee Dripper","Bag of Preparation","Calipers","Philosopher\u0027s Stone","Nloth\u0027s Gift","MawBank","Darkstone Periapt","Molten Egg 2"],"potions_floor_usage":[],"damage_taken":[{"damage":0.0,"enemies":"Small Slimes","floor":1.0,"turns":4.0},{"damage":0.0,"enemies":"2 Louse","floor":2.0,"turns":3.0},{"damage":3.0,"enemies":"Cultist","floor":3.0,"turns":4.0},{"damage":1.0,"enemies":"3 Louse","floor":5.0,"turns":4.0},{"damage":0.0,"enemies":"Lagavulin","floor":7.0,"turns":8.0},{"damage":5.0,"enemies":"Gremlin Gang","floor":11.0,"turns":5.0},{"damage":19.0,"enemies":"Gremlin Nob","floor":12.0,"turns":4.0},{"damage":0.0,"enemies":"2 Fungi Beasts","floor":13.0,"turns":1.0},{"damage":0.0,"enemies":"Lots of Slimes","floor":14.0,"turns":1.0},{"damage":5.0,"enemies":"The Guardian","floor":16.0,"turns":12.0},{"damage":10.0,"enemies":"Shell Parasite","floor":18.0,"turns":6.0},{"damage":3.0,"enemies":"Slavers","floor":24.0,"turns":3.0},{"damage":11.0,"enemies":"Book of Stabbing","floor":27.0,"turns":6.0},{"damage":40,"enemies":"Slavers","floor":29,"turns":2}],"seed_played":"5863242189885482534","potions_obtained":[{"floor":1.0,"key":"GhostInAJar"},{"floor":2.0,"key":"AttackPotion"},{"floor":12.0,"key":"Regen Potion"},{"floor":18.0,"key":"AttackPotion"}],"is_trial":false,"path_per_floor":["M","M","M","?","M","R","E","R","T","R","M","E","M","M","R","B",null,"M","$","?","?","?","R","E","?","T","E","?"],"character_chosen":"THE_SILENT","items_purchased":[],"campfire_rested":0,"item_purchase_floors":[],"current_hp_per_floor":[59,59,56,56,55,55,55,55,55,55,50,31,31,31,31,41,60,50,50,50,50,50,50,47,47,47,36,36,0],"gold":341,"neow_bonus":"BOSS_RELIC","is_prod":false,"is_daily":false,"chose_seed":false,"campfire_upgraded":5,"win_rate":0,"timestamp":1540260205,"path_taken":["M","M","M","?","M","R","E","R","T","R","?","E","M","M","R","BOSS","M","$","?","?","?","R","E","?","T","E","?","E"],"build_version":"2018-10-18","purchased_purges":1,"victory":false,"max_hp_per_floor":[66,66,66,66,66,66,66,66,66,66,66,66,66,66,66,66,66,66,66,66,66,66,66,66,66,66,66,66,66],"card_choices":[{"not_picked":["Reflex","Deflect"],"picked":"Heel Hook","floor":1.0},{"not_picked":["Backflip","Quick Slash"],"picked":"Dagger Spray","floor":2.0},{"not_picked":["Underhanded Strike","Sucker Punch"],"picked":"Dash","floor":3.0},{"not_picked":["Dodge and Roll","Calculated Gamble"],"picked":"Well Laid Plans","floor":5.0},{"not_picked":["Setup","Slice"],"picked":"Flechettes","floor":7.0},{"not_picked":["Riddle With Holes","Blur","Dagger Spray"],"picked":"Backstab","floor":11.0},{"not_picked":["Sucker Punch","Eviscerate","PiercingWail"],"picked":"Backstab","floor":12.0},{"not_picked":["All Out Attack","Poisoned Stab","Bane"],"picked":"Quick Slash","floor":13.0},{"not_picked":["Outmaneuver","Heel Hook","Bane"],"picked":"Backflip","floor":14.0},{"not_picked":["Unload","Glass Knife","Corpse Explosion"],"picked":"Malaise","floor":16.0},{"not_picked":["Flechettes","Dodge and Roll","Finisher"],"picked":"Infinite Blades","floor":18.0},{"not_picked":["Poisoned Stab","Acrobatics"],"picked":"Tools of the Trade","floor":24.0},{"not_picked":["Prepared","Blade Dance"],"picked":"All Out Attack","floor":27.0}],"player_experience":1070658,"relics_obtained":[{"floor":7.0,"key":"Bag of Preparation"},{"floor":9.0,"key":"Question Card"},{"floor":12.0,"key":"Calipers"},{"floor":24.0,"key":"MawBank"},{"floor":26.0,"key":"Darkstone Periapt"},{"floor":27.0,"key":"Molten Egg 2"}],"event_choices":[{"damage_healed":0.0,"max_hp_gain":0.0,"max_hp_loss":0.0,"gold_gain":0.0,"event_name":"The Cleric","player_choice":"Leave","floor":4.0,"gold_loss":0.0,"damage_taken":0.0},{"damage_healed":0.0,"max_hp_gain":0.0,"max_hp_loss":0.0,"gold_gain":0.0,"event_name":"Upgrade Shrine","player_choice":"Upgraded","floor":20.0,"gold_loss":0.0,"damage_taken":0.0,"cards_upgraded":["Malaise"]},{"damage_healed":0.0,"max_hp_gain":0.0,"max_hp_loss":0.0,"gold_gain":0.0,"event_name":"N\u0027loth","player_choice":"Traded Relic","floor":21.0,"relics_lost":["Question Card"],"gold_loss":0.0,"damage_taken":0.0,"relics_obtained":["Nloth\u0027s Gift"]},{"damage_healed":0.0,"max_hp_gain":0.0,"max_hp_loss":0.0,"gold_gain":0.0,"event_name":"Match and Keep!","player_choice":"3 cards matched","floor":22.0,"gold_loss":0.0,"damage_taken":0.0,"cards_obtained":["Normality","Backflip","A Thousand Cuts"]},{"damage_healed":0.0,"max_hp_gain":0.0,"max_hp_loss":0.0,"gold_gain":0.0,"event_name":"Accursed Blacksmith","player_choice":"Forge","floor":25.0,"gold_loss":0.0,"damage_taken":0.0,"cards_upgraded":["Tools of the Trade"]},{"damage_healed":0.0,"max_hp_gain":0.0,"max_hp_loss":0.0,"gold_gain":0.0,"event_name":"The Joust","player_choice":"Bet on Owner","floor":28.0,"gold_loss":50.0,"damage_taken":0.0}],"is_beta":false,"boss_relics":[{"not_picked":["Calling Bell","Lizard Tail"],"picked":"Philosopher\u0027s Stone"}],"items_purged_floors":[19],"is_endless":false,"potions_floor_spawned":[1,2,12,13,18],"killed_by":"Slavers","ascension_level":20}