{"gold_per_floor":[115,115,115,134,62,96,96,119,142,142,182,197,240,253,253,372,372,395,395,418,443,443,443,486,486,511,535,568,581,606,606,606,606],"floor_reached":33,"playtime":3367,"items_purged":[],"score":523,"play_id":"676eeacd-9d77-480b-b2a6-c3719d6d6409","local_time":"20181126135802","is_ascension_mode":true,"campfire_choices":[{"data":"Doppelganger","floor":7.0,"key":"SMITH"},{"data":"Predator","floor":15.0,"key":"SMITH"},{"data":"Venomology","floor":23.0,"key":"SMITH"},{"floor":25.0,"key":"REST"},{"data":"Malaise","floor":32,"key":"SMITH"}],"neow_cost":"NONE","seed_source_timestamp":0,"circlet_count":0,"master_deck":["AscendersBane","Defend_G","Defend_G","Defend_G","Defend_G","Defend_G","Strike_G","Strike_G","Strike_G","Strike_G","Strike_G","Survivor","Neutralize","Distraction+1","Poisoned Stab","Adrenaline","Doppelganger+1","Predator+1","Poisoned Stab","Poisoned Stab","Dodge and Roll","Leg Sweep","Adrenaline","Bane","Backflip+1","Venomology+1","Blur","Poisoned Stab","Malaise+1","PiercingWail","PiercingWail"],"special_seed":0,"relics":["Ring of the Snake","NeowsBlessing","Golden Idol","Bronze Scales","Potion Belt","Blood Vial","Anchor","White Beast Statue","Oddly Smooth Stone","Frozen Egg 2","Calipers","Smiling Mask","Pocketwatch","Shuriken"],"potions_floor_usage":[33,33,33,33,33],"damage_taken":[{"damage":0.0,"enemies":"Jaw Worm","floor":1.0,"turns":1.0},{"damage":0.0,"enemies":"Cultist","floor":4.0,"turns":1.0},{"damage":0.0,"enemies":"3 Sentries","floor":6.0,"turns":1.0},{"damage":1.0,"enemies":"Small Slimes","floor":8.0,"turns":3.0},{"damage":26.0,"enemies":"Gremlin Nob","floor":11.0,"turns":4.0},{"damage":0.0,"enemies":"Exordium Thugs","floor":12.0,"turns":4.0},{"damage":19.0,"enemies":"Lagavulin","floor":13.0,"turns":5.0},{"damage":0.0,"enemies":"Large Slime","floor":14.0,"turns":4.0},{"damage":9.0,"enemies":"Hexaghost","floor":16.0,"turns":10.0},{"damage":0.0,"enemies":"Chosen","floor":18.0,"turns":4.0},{"damage":6.0,"enemies":"Shell Parasite","floor":20.0,"turns":5.0},{"damage":3.0,"enemies":"Shelled Parasite and Fungi","floor":21.0,"turns":4.0},{"damage":30.0,"enemies":"Gremlin Leader","floor":24.0,"turns":4.0},{"damage":19.0,"enemies":"Cultist and Chosen","floor":27.0,"turns":7.0},{"damage":7.0,"enemies":"Book of Stabbing","floor":28.0,"turns":5.0},{"damage":0.0,"enemies":"Centurion and Healer","floor":29.0,"turns":4.0},{"damage":0.0,"enemies":"Chosen and Byrds","floor":30.0,"turns":3.0},{"damage":28,"enemies":"Collector","floor":33,"turns":6}],"seed_played":"588671092961771952","potions_obtained":[{"floor":1.0,"key":"GamblersBrew"},{"floor":6.0,"key":"SkillPotion"},{"floor":12.0,"key":"PowerPotion"},{"floor":13.0,"key":"Dexterity Potion"},{"floor":14.0,"key":"SkillPotion"},{"floor":18.0,"key":"Dexterity Potion"},{"floor":20.0,"key":"FearPotion"},{"floor":21.0,"key":"LiquidBronze"},{"floor":24.0,"key":"Dexterity Potion"},{"floor":27.0,"key":"EntropicBrew"},{"floor":28.0,"key":"SpeedPotion"},{"floor":29.0,"key":"PowerPotion"}],"is_trial":false,"path_per_floor":["M","?","?","M","$","E","R","M","T","$","E","M","E","M","R","B",null,"M","?","M","M","T","R","E","R","T","M","E","M","M","T","R","B"],"character_chosen":"THE_SILENT","items_purchased":["Adrenaline"],"campfire_rested":1,"item_purchase_floors":[5],"current_hp_per_floor":[63,63,63,63,63,63,63,62,62,62,36,38,21,23,23,16,53,55,55,51,50,50,50,34,53,53,46,41,43,45,45,45,19],"gold":606,"neow_bonus":"THREE_ENEMY_KILL","is_prod":false,"is_daily":false,"chose_seed":false,"campfire_upgraded":4,"win_rate":0,"timestamp":1543237082,"path_taken":["M","?","?","M","?","E","R","M","T","$","E","M","E","M","R","BOSS","M","?","M","?","?","R","E","R","T","?","E","?","M","?","R","BOSS"],"build_version":"2018-11-15","purchased_purges":0,"victory":false,"max_hp_per_floor":[70,70,65,65,65,65,65,65,65,65,65,65,65,65,65,65,65,65,65,65,65,65,65,65,65,65,65,65,65,65,65,65,65],"card_choices":[{"not_picked":["Masterful Stab","Crippling Poison"],"picked":"Distraction","floor":1.0},{"not_picked":["Setup","Dodge and Roll"],"picked":"Poisoned Stab","floor":4.0},{"not_picked":["Sucker Punch","Setup"],"picked":"Doppelganger","floor":6.0},{"not_picked":["Acrobatics","Calculated Gamble"],"picked":"Predator","floor":8.0},{"not_picked":["Storm of Steel","Blade Dance"],"picked":"Poisoned Stab","floor":11.0},{"not_picked":["Deadly Poison","Backflip"],"picked":"Poisoned Stab","floor":12.0},{"not_picked":["Slice","Deflect"],"picked":"Dodge and Roll","floor":13.0},{"not_picked":["Dagger Throw","Flying Knee"],"picked":"Leg Sweep","floor":14.0},{"not_picked":["After Image","Burst"],"picked":"Adrenaline","floor":16.0},{"not_picked":["Finisher","Flechettes"],"picked":"Bane","floor":18.0},{"not_picked":["PiercingWail","Dodge and Roll"],"picked":"Backflip+1","floor":20.0},{"not_picked":["Acrobatics","Underhanded Strike"],"picked":"Venomology","floor":21.0},{"not_picked":["Wraith Form v2+1","Bullet Time"],"picked":"Blur","floor":24.0},{"not_picked":["Slice","Flying Knee"],"picked":"Poisoned Stab","floor":27.0},{"not_picked":["Dagger Throw","Skewer+1"],"picked":"Malaise","floor":28.0},{"not_picked":["Prepared","All Out Attack"],"picked":"PiercingWail","floor":29.0},{"not_picked":["Dagger Throw+1","Underhanded Strike"],"picked":"PiercingWail","floor":30.0}],"player_experience":1215008,"relics_obtained":[{"floor":6.0,"key":"Bronze Scales"},{"floor":9.0,"key":"Potion Belt"},{"floor":11.0,"key":"Blood Vial"},{"floor":13.0,"key":"Anchor"},{"floor":22.0,"key":"Frozen Egg 2"},{"floor":24.0,"key":"Calipers"},{"floor":26.0,"key":"Smiling Mask"},{"floor":28.0,"key":"Pocketwatch"},{"floor":31.0,"key":"Shuriken"}],"event_choices":[{"damage_healed":0.0,"max_hp_gain":0.0,"max_hp_loss":0.0,"gold_gain":0.0,"event_name":"Living Wall","player_choice":"Grow","floor":2.0,"gold_loss":0.0,"damage_taken":0.0,"cards_upgraded":["Distraction"]},{"damage_healed":0.0,"max_hp_gain":0.0,"max_hp_loss":5.0,"gold_gain":0.0,"event_name":"Golden Idol","player_choice":"Lose Max HP","floor":3.0,"gold_loss":0.0,"damage_taken":0.0,"relics_obtained":["Golden Idol"]},{"damage_healed":0.0,"max_hp_gain":0.0,"max_hp_loss":0.0,"gold_gain":0.0,"event_name":"WeMeetAgain","player_choice":"Gave Potion","floor":19.0,"gold_loss":0.0,"damage_taken":0.0,"relics_obtained":["Oddly Smooth Stone"]}],"is_beta":false,"boss_relics":[{"not_picked":["Sozu","Velvet Choker"],"picked":"White Beast Statue"}],"items_purged_floors":[],"is_endless":false,"potions_floor_spawned":[1,6,12,13,14,18,20,21,24,27,28,29,30],"killed_by":"Collector","ascension_level":10}