{"gold_per_floor":[118,138,157,107,122,122,156,175,222,67,85,105,105,205,205,303,303,316,335,335,258,2,2],"floor_reached":23,"playtime":3458,"items_purged":["Defend_R","Defend_R"],"score":193,"play_id":"c3b8aa79-ddf2-41f6-b79a-658a1aceada7","local_time":"20180707203343","is_ascension_mode":false,"campfire_choices":[{"data":"Combust","floor":6,"key":"SMITH"},{"data":"Flex","floor":13,"key":"SMITH"},{"floor":15,"key":"REST"}],"neow_cost":"NONE","seed_source_timestamp":426881894516657,"circlet_count":0,"master_deck":["Strike_R","Strike_R","Strike_R","Defend_R","Defend_R","Bash","Combust+1","Combust","Headbutt","Shrug It Off","Anger","Twin Strike","Twin Strike","Flex+1","Thunderclap","Sword Boomerang","Cleave+1","Headbutt","Iron Wave","J.A.X.","Flex","Flash of Steel"],"relics":["Burning Blood","Ginger","Juzu Bracelet","Black Star"],"potions_floor_usage":[11,16,16,23],"damage_taken":[{"damage":6,"enemies":"Cultist","floor":1,"turns":3},{"damage":7,"enemies":"2 Louse","floor":2,"turns":2},{"damage":11,"enemies":"Small Slimes","floor":3,"turns":3},{"damage":9,"enemies":"Red Slaver","floor":5,"turns":4},{"damage":32,"enemies":"Gremlin Nob","floor":7,"turns":4},{"damage":7,"enemies":"3 Louse","floor":8,"turns":2},{"damage":18,"enemies":"Exordium Thugs","floor":11,"turns":5},{"damage":5,"enemies":"Looter","floor":12,"turns":2},{"damage":49,"enemies":"Hexaghost","floor":16,"turns":8},{"damage":14,"enemies":"Chosen","floor":18,"turns":4},{"damage":31,"enemies":"2 Thieves","floor":19,"turns":3},{"damage":50,"enemies":"Slavers","floor":23,"turns":3}],"seed_played":"-4359501573623621953","potions_obtained":[{"floor":1,"key":"SkillPotion"},{"floor":7,"key":"Energy Potion"},{"floor":8,"key":"AttackPotion"},{"floor":11,"key":"Strength Potion"},{"floor":16,"key":"LiquidBronze"}],"is_trial":false,"path_per_floor":["M","M","M","?","M","R","E","M","T","$","M","M","R","?","R","B",null,"M","M","?","?","$"],"character_chosen":"IRONCLAD","items_purchased":["Twin Strike","Flex","Flex","Flash of Steel"],"campfire_rested":1,"item_purchase_floors":[10,10,22,22],"current_hp_per_floor":[80,79,74,74,71,71,45,44,44,44,32,33,33,33,57,14,80,72,47,47,47,47,0],"gold":2,"neow_bonus":"TRANSFORM_CARD","is_prod":false,"is_daily":false,"chose_seed":false,"campfire_upgraded":2,"win_rate":0.0,"timestamp":1530963223,"path_taken":["M","M","M","?","M","R","E","?","T","$","M","M","R","?","R","BOSS","M","M","?","?","?","E"],"build_version":"2018-07-05","purchased_purges":2,"victory":false,"max_hp_per_floor":[80,80,80,80,80,80,80,80,80,80,80,80,80,80,80,80,80,80,80,80,80,80,80],"card_choices":[{"not_picked":["Uppercut","Pummel"],"picked":"Combust","floor":1},{"not_picked":["Perfected Strike","Ghostly Armor"],"picked":"Combust","floor":2},{"not_picked":["Fire Breathing","Shrug It Off"],"picked":"Headbutt","floor":3},{"not_picked":["Carnage","Clash"],"picked":"Shrug It Off","floor":5},{"not_picked":["Cleave","Rupture"],"picked":"Anger","floor":7},{"not_picked":["Pommel Strike","Sever Soul"],"picked":"Twin Strike","floor":8},{"not_picked":["Pommel Strike","Barricade"],"picked":"Thunderclap","floor":11},{"not_picked":["Corruption","Clash"],"picked":"Sword Boomerang","floor":12},{"not_picked":["Ghostly Armor","Pummel"],"picked":"Cleave+1","floor":18},{"not_picked":["Clash","Cleave"],"picked":"Headbutt","floor":19}],"player_experience":5177,"relics_obtained":[{"floor":7,"key":"Ginger"},{"floor":9,"key":"Juzu Bracelet"}],"event_choices":[{"event_name":"The Cleric","player_choice":"Card Removal","floor":4,"damage_taken":0},{"event_name":"Golden Shrine","player_choice":"Pray","floor":14,"damage_taken":0},{"event_name":"Transmorgrifier","player_choice":"Transform","floor":20,"damage_taken":0},{"event_name":"Drug Dealer","player_choice":"Got JAXXED","floor":21,"damage_taken":0}],"boss_relics":[{"not_picked":["Busted Crown","Coffee Dripper"],"picked":"Black Star"}],"items_purged_floors":[10,22],"is_endless":false,"potions_floor_spawned":[1,7,8,11,16],"killed_by":"Slavers","ascension_level":0}