{"gold_per_floor":[114,114,189,189,199,228,228,240,290,349,106,120,137,154,154,254,254,240,251,262,262],"floor_reached":21,"playtime":1531,"items_purged":[],"score":272,"play_id":"e3d17789-4487-4688-a6b7-195ae37a6a84","local_time":"20180726184432","is_ascension_mode":true,"campfire_choices":[{"data":"Armaments","floor":7,"key":"SMITH"},{"data":"1","floor":15,"key":"LIFT"}],"neow_cost":"NONE","seed_source_timestamp":868465011222594,"circlet_count":0,"master_deck":["Strike_R","Strike_R","Strike_R","Strike_R","Strike_R","Defend_R","Defend_R","Defend_R","Defend_R","Bash+1","Pommel Strike+1","Pommel Strike","Armaments+1","Flex","Carnage","Intimidate","Power Through","Cleave","Shrug It Off","Limit Break","Clothesline+1","Flex","Flex+1"],"relics":["Burning Blood","Strawberry","Orichalcum","Girya","Toolbox","Runic Cube"],"potions_floor_usage":[10,14,14,19,21],"damage_taken":[{"damage":7,"enemies":"2 Louse","floor":1,"turns":3},{"damage":6,"enemies":"Cultist","floor":5,"turns":3},{"damage":35,"enemies":"Lagavulin","floor":6,"turns":5},{"damage":2,"enemies":"Jaw Worm","floor":8,"turns":3},{"damage":21,"enemies":"3 Sentries","floor":10,"turns":8},{"damage":0,"enemies":"Blue Slaver","floor":12,"turns":4},{"damage":2,"enemies":"Exordium Wildlife","floor":13,"turns":4},{"damage":9,"enemies":"Gremlin Gang","floor":14,"turns":3},{"damage":14,"enemies":"Slime Boss","floor":16,"turns":9},{"damage":16,"enemies":"2 Thieves","floor":18,"turns":4},{"damage":20,"enemies":"Shell Parasite","floor":19,"turns":4},{"damage":34,"enemies":"3 Cultists","floor":20,"turns":7},{"damage":32,"enemies":"Slaver and Parasite","floor":21,"turns":3}],"seed_played":"-976602386833456666","potions_obtained":[{"floor":1,"key":"SpeedPotion"},{"floor":8,"key":"BloodPotion"},{"floor":10,"key":"Energy Potion"},{"floor":13,"key":"Swift Potion"},{"floor":14,"key":"GamblersBrew"},{"floor":18,"key":"Energy Potion"}],"is_trial":false,"path_per_floor":["M","?","?","?","M","E","R","M","T","?","$","M","M","M","R","B",null,"M","M","M"],"character_chosen":"IRONCLAD","items_purchased":["Intimidate","Toolbox"],"campfire_rested":0,"item_purchase_floors":[11,11],"current_hp_per_floor":[79,79,68,68,68,46,46,50,50,44,44,50,54,51,51,43,82,72,58,30,0],"gold":262,"neow_bonus":"TEN_PERCENT_HP_BONUS","is_prod":false,"is_daily":false,"chose_seed":false,"campfire_upgraded":1,"win_rate":0,"timestamp":1532623472,"path_taken":["M","?","?","?","?","E","R","?","T","?","?","M","M","M","R","BOSS","M","?","M","?"],"build_version":"2018-07-19v2","purchased_purges":0,"victory":false,"max_hp_per_floor":[88,88,88,88,88,95,95,95,95,95,95,95,95,95,95,95,95,95,95,95,95],"card_choices":[{"not_picked":["Shockwave","Intimidate"],"picked":"Pommel Strike","floor":1},{"not_picked":["Corruption","Anger"],"picked":"Pommel Strike","floor":5},{"not_picked":["Shockwave","Battle Trance"],"picked":"Armaments","floor":6},{"not_picked":["Sword Boomerang","Heavy Blade"],"picked":"Flex","floor":8},{"not_picked":["Bloodletting","Evolve"],"picked":"Carnage","floor":10},{"not_picked":["Sever Soul","Entrench"],"picked":"Power Through","floor":12},{"not_picked":["Havoc","Clothesline"],"picked":"Cleave","floor":13},{"not_picked":["Twin Strike","Dropkick"],"picked":"Shrug It Off","floor":14},{"not_picked":["Demon Form","Immolate"],"picked":"Limit Break","floor":16},{"not_picked":["Burning Pact","Shrug It Off"],"picked":"Clothesline+1","floor":18},{"not_picked":["Sentinel","Clash"],"picked":"Flex","floor":19},{"not_picked":["Rampage","Ghostly Armor"],"picked":"Flex+1","floor":20}],"player_experience":838485,"relics_obtained":[{"floor":6,"key":"Strawberry"},{"floor":9,"key":"Orichalcum"},{"floor":10,"key":"Girya"}],"event_choices":[{"event_name":"Upgrade Shrine","player_choice":"Upgraded","floor":2,"damage_taken":0},{"event_name":"World of Goop","player_choice":"Gather Gold","floor":3,"damage_taken":0},{"event_name":"Living Wall","player_choice":"Grow","floor":4,"damage_taken":0},{"event_name":"Dead Adventurer","player_choice":"Searched \u00271\u0027 times","floor":10,"damage_taken":0}],"is_beta":false,"boss_relics":[{"not_picked":["Mark of Pain","Cursed Key"],"picked":"Runic Cube"}],"items_purged_floors":[],"is_endless":false,"potions_floor_spawned":[1,8,10,13,14,18],"killed_by":"Slaver and Parasite","ascension_level":7}