{"gold_per_floor":[111,111,111,126,126,126,153,303,303,335,365,92,17,31,31,31],"floor_reached":16,"playtime":559,"items_purged":[],"score":255,"play_id":"584b55f5-bf0a-4feb-9162-0e6f8a3d144f","local_time":"20190221181344","is_ascension_mode":true,"campfire_choices":[{"data":"Corruption","floor":6,"key":"SMITH"},{"data":"Pommel Strike","floor":15,"key":"SMITH"}],"neow_cost":"NONE","seed_source_timestamp":15458683294786120,"circlet_count":0,"master_deck":["AscendersBane","Strike_R","Strike_R","Strike_R","Strike_R","Defend_R","Defend_R","Defend_R","Defend_R","Bash","Corruption+1","Twin Strike","Ghostly Armor","Feel No Pain","Doubt","Burning Pact","Pommel Strike+1"],"relics":["Burning Blood","NeowsBlessing","Juzu Bracelet","Bird Faced Urn","Incense Burner","Singing Bowl","Smiling Mask"],"potions_floor_usage":[10,16],"damage_taken":[{"damage":0,"enemies":"2 Louse","floor":1,"turns":1},{"damage":0,"enemies":"Cultist","floor":4,"turns":1},{"damage":0,"enemies":"Gremlin Nob","floor":7,"turns":1},{"damage":32,"enemies":"3 Sentries","floor":10,"turns":16},{"damage":0,"enemies":"Small Slimes","floor":14,"turns":4},{"damage":82,"enemies":"Slime Boss","floor":16,"turns":11}],"seed_played":"1747902582278537235","potions_obtained":[{"floor":4,"key":"FearPotion"},{"floor":5,"key":"Strength Potion"},{"floor":5,"key":"Regen Potion"},{"floor":10,"key":"SpeedPotion"}],"is_trial":false,"path_per_floor":["M","$","?","M","?","R","E","?","T","E","?","$","?","M","R","B"],"character_chosen":"IRONCLAD","items_purchased":["Singing Bowl"],"campfire_rested":0,"item_purchase_floors":[12],"current_hp_per_floor":[74,74,74,75,75,75,75,75,75,51,51,51,51,61,61,0],"gold":31,"neow_bonus":"THREE_ENEMY_KILL","is_prod":false,"is_daily":false,"chose_seed":false,"campfire_upgraded":2,"win_rate":0,"timestamp":1550769224,"path_taken":["M","$","?","M","?","R","E","?","T","E","?","$","?","M","R","BOSS"],"build_version":"2019-01-23","purchased_purges":0,"victory":false,"max_hp_per_floor":[75,75,75,75,75,75,75,75,75,75,75,75,75,75,75,75],"card_choices":[{"not_picked":["Clash","Perfected Strike"],"picked":"Corruption","floor":1},{"not_picked":["Headbutt","Wild Strike"],"picked":"Ghostly Armor","floor":4},{"not_picked":["Metallicize","Iron Wave"],"picked":"Feel No Pain","floor":7},{"not_picked":["Armaments","Sentinel"],"picked":"Burning Pact","floor":10},{"not_picked":["Cleave","Shrug It Off"],"picked":"Pommel Strike","floor":14}],"player_experience":420105,"relics_obtained":[{"floor":7,"key":"Juzu Bracelet"},{"floor":9,"key":"Bird Faced Urn"},{"floor":10,"key":"Incense Burner"}],"event_choices":[{"damage_healed":0,"gold_gain":0,"cards_transformed":["Strike_R"],"player_choice":"Change","damage_taken":0,"max_hp_gain":0,"max_hp_loss":0,"event_name":"Living Wall","floor":3,"gold_loss":0,"cards_obtained":["Twin Strike"]},{"damage_healed":0,"gold_gain":0,"player_choice":"Got Potions","damage_taken":0,"max_hp_gain":0,"max_hp_loss":0,"event_name":"Lab","floor":5,"gold_loss":0},{"damage_healed":0,"gold_gain":150,"player_choice":"AGREE","damage_taken":0,"max_hp_gain":0,"max_hp_loss":0,"event_name":"Liars Game","floor":8,"gold_loss":0,"cards_obtained":["Doubt"]},{"damage_healed":0,"gold_gain":30,"player_choice":"Searched \u00271\u0027 times","damage_taken":0,"max_hp_gain":0,"max_hp_loss":0,"event_name":"Dead Adventurer","floor":11,"gold_loss":0},{"damage_healed":0,"gold_gain":0,"player_choice":"Paid Gold","damage_taken":0,"relics_obtained":["Smiling Mask"],"max_hp_gain":0,"max_hp_loss":0,"event_name":"WeMeetAgain","floor":13,"gold_loss":75}],"is_beta":false,"boss_relics":[],"items_purged_floors":[],"is_endless":false,"potions_floor_spawned":[4,10],"killed_by":"Slime Boss","ascension_level":19}