{"gold_per_floor":[112,124,144,219,162,162,197,197,247,247,247,259,279,304,304,304],"floor_reached":16,"playtime":545,"items_purged":[],"score":245,"play_id":"f2670f99-2665-422b-921b-b9523fce8789","local_time":"20190103183040","is_ascension_mode":true,"campfire_choices":[{"data":"Bash","floor":6.0,"key":"SMITH"},{"floor":8,"key":"REST"},{"data":"Bludgeon","floor":15,"key":"SMITH"}],"neow_cost":"PERCENT_DAMAGE","seed_source_timestamp":165214821535087,"circlet_count":0,"master_deck":["AscendersBane","Strike_R","Strike_R","Strike_R","Strike_R","Defend_R","Defend_R","Defend_R","Defend_R","Bash+1","Feed","Armaments","Cleave","Rampage","Bludgeon+1","Anger","Limit Break"],"special_seed":0,"relics":["Burning Blood","Lantern","Darkstone Periapt","Bird Faced Urn"],"potions_floor_usage":[7,7,14],"damage_taken":[{"damage":19.0,"enemies":"Jaw Worm","floor":1.0,"turns":4.0},{"damage":0.0,"enemies":"Small Slimes","floor":2.0,"turns":4.0},{"damage":8.0,"enemies":"Cultist","floor":3.0,"turns":5.0},{"damage":26,"enemies":"Gremlin Nob","floor":7,"turns":4},{"damage":10,"enemies":"3 Louse","floor":12,"turns":2},{"damage":13,"enemies":"Large Slime","floor":13,"turns":5},{"damage":20,"enemies":"3 Sentries","floor":14,"turns":6},{"damage":35,"enemies":"Hexaghost","floor":16,"turns":7}],"seed_played":"-8118332553194576885","potions_obtained":[{"floor":1.0,"key":"Weak Potion"},{"floor":13,"key":"Explosive Potion"}],"is_trial":false,"path_per_floor":["M","M","M","?","$","R","E","R","T","T","?","M","M","E","R","B"],"character_chosen":"IRONCLAD","items_purchased":["FearPotion"],"campfire_rested":1,"item_purchase_floors":[5],"current_hp_per_floor":[40,49,51,40,40,40,23,49,49,49,49,48,44,33,33,0],"gold":304,"neow_bonus":"THREE_RARE_CARDS","is_prod":false,"is_daily":false,"chose_seed":false,"campfire_upgraded":2,"win_rate":0,"timestamp":1546511440,"path_taken":["M","M","M","?","$","R","E","R","T","?","?","?","M","E","R","BOSS"],"build_version":"2019-01-02","purchased_purges":0,"victory":false,"max_hp_per_floor":[78,81,85,85,85,85,88,88,88,88,88,91,94,97,97,97],"card_choices":[{"not_picked":["Immolate","Impervious"],"picked":"Feed","floor":0.0},{"not_picked":["Blood for Blood","Pommel Strike"],"picked":"Armaments","floor":1.0},{"not_picked":["Searing Blow","Havoc"],"picked":"Cleave","floor":2.0},{"not_picked":["Fire Breathing","Flex"],"picked":"Rampage","floor":3.0},{"not_picked":["Iron Wave","Heavy Blade"],"picked":"Bludgeon","floor":7},{"not_picked":["True Grit","Clothesline"],"picked":"Anger","floor":12},{"not_picked":["Rupture","Hemokinesis","Twin Strike"],"picked":"SKIP","floor":13},{"not_picked":["Heavy Blade","Clothesline"],"picked":"Limit Break","floor":14}],"player_experience":1307497,"relics_obtained":[{"floor":7,"key":"Lantern"},{"floor":10,"key":"Darkstone Periapt"},{"floor":14,"key":"Bird Faced Urn"}],"event_choices":[{"damage_healed":0.0,"max_hp_gain":0.0,"max_hp_loss":0.0,"gold_gain":75.0,"event_name":"World of Goop","player_choice":"Gather Gold","floor":4.0,"gold_loss":0.0,"damage_taken":11.0},{"cards_removed":["Strike_R"],"damage_healed":0,"gold_gain":0,"player_choice":"Purged","damage_taken":0,"max_hp_gain":0,"max_hp_loss":0,"event_name":"Purifier","floor":11,"gold_loss":0}],"is_beta":true,"boss_relics":[],"items_purged_floors":[],"is_endless":false,"potions_floor_spawned":[1,13],"killed_by":"Hexaghost","ascension_level":20}