{"gold_per_floor":[112,122,122,40,60,60,72,72,72,104,120,140,140],"floor_reached":13,"playtime":230,"items_purged":[],"score":148,"play_id":"29c098ea-7377-48c8-a46a-f2ac0a7df019","local_time":"20190210150354","is_ascension_mode":true,"campfire_choices":[{"data":"Flash of Steel","floor":6,"key":"SMITH"},{"data":"Clothesline","floor":8,"key":"SMITH"}],"neow_cost":"NONE","seed_source_timestamp":223871435673314,"circlet_count":0,"master_deck":["AscendersBane","Strike_R","Strike_R","Strike_R","Strike_R","Strike_R","Defend_R","Defend_R","Defend_R","Defend_R","Bash+1","Clothesline+1","Sword Boomerang","Flash of Steel+1","Havoc","Sword Boomerang","Intimidate","Demon Form"],"relics":["Burning Blood","NeowsBlessing","Question Card","Paper Frog","GremlinMask"],"potions_floor_usage":[],"damage_taken":[{"damage":0,"enemies":"Cultist","floor":1,"turns":1},{"damage":0,"enemies":"Small Slimes","floor":2,"turns":1},{"damage":0,"enemies":"2 Louse","floor":5,"turns":1},{"damage":11,"enemies":"Red Slaver","floor":7,"turns":3},{"damage":22,"enemies":"Gremlin Nob","floor":10,"turns":4},{"damage":7,"enemies":"3 Louse","floor":11,"turns":4},{"damage":21,"enemies":"Exordium Thugs","floor":12,"turns":6}],"seed_played":"-6652071641101908938","potions_obtained":[{"floor":2,"key":"FairyPotion"},{"floor":5,"key":"LiquidBronze"},{"floor":10,"key":"Swift Potion"}],"is_trial":false,"path_per_floor":["M","M","?","$","M","R","M","R","T","E","M","M","?"],"character_chosen":"IRONCLAD","items_purchased":["Flash of Steel"],"campfire_rested":0,"item_purchase_floors":[4],"current_hp_per_floor":[74,75,75,75,75,75,70,70,70,54,53,38,38],"gold":140,"neow_bonus":"THREE_ENEMY_KILL","is_prod":false,"is_daily":false,"chose_seed":false,"campfire_upgraded":2,"win_rate":0,"timestamp":1549807434,"path_taken":["M","?","?","$","M","R","?","R","T","E","M","?","?"],"build_version":"2019-01-23","purchased_purges":0,"victory":false,"max_hp_per_floor":[75,75,75,75,75,75,75,75,75,75,75,75,75],"card_choices":[{"not_picked":["Clash","Iron Wave"],"picked":"Clothesline","floor":1},{"not_picked":["Seeing Red","Twin Strike"],"picked":"Sword Boomerang","floor":2},{"not_picked":["Second Wind","Wild Strike"],"picked":"Havoc","floor":5},{"not_picked":["Flex","Body Slam"],"picked":"Sword Boomerang","floor":7},{"not_picked":["Cleave","Body Slam","Twin Strike","Sentinel"],"picked":"SKIP","floor":10},{"not_picked":["Pommel Strike","Corruption","Burning Pact"],"picked":"Intimidate","floor":11},{"not_picked":["Flex","Wild Strike","Anger"],"picked":"Demon Form","floor":12}],"player_experience":2275283,"relics_obtained":[{"floor":9,"key":"Question Card"},{"floor":10,"key":"Paper Frog"}],"event_choices":[{"damage_healed":0,"gold_gain":0,"player_choice":"Upgraded","damage_taken":0,"max_hp_gain":0,"max_hp_loss":0,"event_name":"Upgrade Shrine","floor":3,"gold_loss":0,"cards_upgraded":["Bash"]},{"damage_healed":0,"gold_gain":0,"player_choice":"Trade","damage_taken":0,"relics_obtained":["GremlinMask"],"max_hp_gain":0,"max_hp_loss":0,"event_name":"FaceTrader","floor":13,"gold_loss":0}],"is_beta":false,"boss_relics":[],"items_purged_floors":[],"is_endless":false,"potions_floor_spawned":[2,5,10,11],"ascension_level":14}