{"gold_per_floor":[117,42,55,68,81,81,113,113,137,137,201,201,214,244,244,317,317,334,352,352,38,51,51,51],"floor_reached":24,"playtime":889,"items_purged":["Shame","Pain"],"score":432,"play_id":"a8a715f8-f91f-4e1a-8584-50bfd018ea0a","local_time":"20181205155256","is_ascension_mode":true,"campfire_choices":[{"data":"Biased Cognition","floor":6.0,"key":"SMITH"},{"data":"Fission","floor":8.0,"key":"SMITH"},{"data":"Defragment","floor":10.0,"key":"SMITH"},{"data":"Zap","floor":12.0,"key":"SMITH"},{"floor":15.0,"key":"REST"},{"floor":23,"key":"REST"}],"neow_cost":"CURSE","seed_source_timestamp":188442392373387,"circlet_count":0,"master_deck":["AscendersBane","Strike_B","Strike_B","Strike_B","Strike_B","Defend_B","Defend_B","Defend_B","Defend_B","Zap+1","Dualcast","Biased Cognition+1","Cold Snap","Defragment+1","Sweeping Beam","Hologram","Fission+1","Auto Shields","FTL","Creative AI","Barrage","Static Discharge","Static Discharge","Ball Lightning"],"special_seed":0,"relics":["Cracked Core","Bag of Preparation","Smiling Mask","Tiny Chest","Du-Vu Doll","Inserter","WarpedTongs","ClockworkSouvenir"],"potions_floor_usage":[24,24],"damage_taken":[{"damage":0.0,"enemies":"2 Louse","floor":1.0,"turns":3.0},{"damage":0.0,"enemies":"Cultist","floor":3.0,"turns":3.0},{"damage":15.0,"enemies":"Small Slimes","floor":4.0,"turns":3.0},{"damage":3.0,"enemies":"Red Slaver","floor":5.0,"turns":3.0},{"damage":7.0,"enemies":"3 Sentries","floor":7.0,"turns":7.0},{"damage":7.0,"enemies":"Lagavulin","floor":11.0,"turns":7.0},{"damage":11.0,"enemies":"Large Slime","floor":13.0,"turns":3.0},{"damage":8.0,"enemies":"Gremlin Nob","floor":14.0,"turns":3.0},{"damage":31.0,"enemies":"Hexaghost","floor":16.0,"turns":11.0},{"damage":21,"enemies":"2 Thieves","floor":18,"turns":3},{"damage":12,"enemies":"Spheric Guardian","floor":19,"turns":6},{"damage":20,"enemies":"Shelled Parasite and Fungi","floor":22,"turns":3},{"damage":33,"enemies":"Centurion and Healer","floor":24,"turns":5}],"seed_played":"5577524802146138039","potions_obtained":[{"floor":3.0,"key":"Swift Potion"},{"floor":4.0,"key":"EssenceOfSteel"},{"floor":7.0,"key":"Swift Potion"},{"floor":18,"key":"Fire Potion"},{"floor":22,"key":"Weak Potion"}],"is_trial":false,"path_per_floor":["M","$","M","M","M","R","E","R","T","R","E","R","M","E","R","B",null,"M","M","?","$","M","R","M"],"character_chosen":"DEFECT","items_purchased":["ClockworkSouvenir","Static Discharge"],"campfire_rested":2,"item_purchase_floors":[21,21],"current_hp_per_floor":[64,64,64,49,46,46,39,39,39,39,32,32,21,13,34,3,54,33,21,21,21,1,22,0],"gold":51,"neow_bonus":"THREE_RARE_CARDS","is_prod":false,"is_daily":false,"chose_seed":false,"campfire_upgraded":4,"win_rate":0,"timestamp":1544043176,"path_taken":["M","$","M","M","M","R","E","R","T","R","E","R","M","E","R","BOSS","M","M","?","?","?","R","M"],"build_version":"2018-12-05","purchased_purges":2,"victory":false,"max_hp_per_floor":[71,71,71,71,71,71,71,71,71,71,71,71,71,71,71,71,71,71,71,71,71,71,71,71],"card_choices":[{"not_picked":["Multi-Cast","All For One"],"picked":"Biased Cognition","floor":0.0},{"not_picked":["Compile Driver","Conserve Battery"],"picked":"Cold Snap","floor":1.0},{"not_picked":["Redo","Static Discharge"],"picked":"Defragment","floor":3.0},{"not_picked":["Streamline","Recycle"],"picked":"Sweeping Beam","floor":4.0},{"not_picked":["Gash","Reprogram"],"picked":"Hologram","floor":5.0},{"not_picked":["Leap","Rebound"],"picked":"Fission","floor":7.0},{"not_picked":["Steam","Rip and Tear"],"picked":"Auto Shields","floor":11.0},{"not_picked":["Barrage","Rip and Tear","Heatsinks"],"picked":"SKIP","floor":13.0},{"not_picked":["Turbo","Gash"],"picked":"FTL","floor":14.0},{"not_picked":["Multi-Cast","Reboot"],"picked":"Creative AI","floor":16.0},{"not_picked":["Lockon","Streamline"],"picked":"Barrage","floor":18},{"not_picked":["Reprogram","Conserve Battery"],"picked":"Static Discharge","floor":19},{"not_picked":["Scrape","Cold Snap"],"picked":"Ball Lightning","floor":22}],"player_experience":1182100,"relics_obtained":[{"floor":7.0,"key":"Bag of Preparation"},{"floor":9.0,"key":"Smiling Mask"},{"floor":11.0,"key":"Tiny Chest"},{"floor":14.0,"key":"Du-Vu Doll"}],"event_choices":[{"damage_healed":0,"gold_gain":0,"player_choice":"Rummage","damage_taken":0,"relics_obtained":["WarpedTongs"],"max_hp_gain":0,"max_hp_loss":0,"event_name":"Accursed Blacksmith","floor":20,"gold_loss":0,"cards_obtained":["Pain"]}],"is_beta":true,"boss_relics":[{"not_picked":["Runic Dome","Busted Crown"],"picked":"Inserter"}],"items_purged_floors":[2,21],"is_endless":false,"potions_floor_spawned":[3,4,7,18,22],"killed_by":"Centurion and Healer","ascension_level":20}