{"path_per_floor":["M","M","M","?","M","R","M","$","T","E","R","M","E","M","R","B",null,"M","?","?","M","M","R","$","R","T","M","M","R","M","M","R","B",null,"M","M","$","?","M","R","M","R","T","M","M","?","M"],"character_chosen":"IRONCLAD","items_purchased":["Disarm","Impervious","Shrug It Off","Toolbox"],"gold_per_floor":[20,35,55,55,74,74,94,12,38,69,69,88,122,138,138,241,241,261,261,161,179,189,189,38,38,338,351,366,366,384,400,400,501,501,515,528,164,164,176,176,192,192,218,233,251,251,267,267],"floor_reached":48,"campfire_rested":4,"playtime":4804,"current_hp_per_floor":[96,96,96,96,89,89,82,82,82,66,66,65,43,38,81,43,96,63,47,47,35,16,59,59,59,59,41,41,86,66,58,58,17,100,80,58,58,45,41,41,17,64,64,61,41,41,17,0],"items_purged":["Strike_R","Defend_R"],"gold":267,"score":553,"play_id":"a35af244-13c6-47c7-805b-319165d99fa3","local_time":"20180402203556","is_prod":false,"is_daily":false,"is_ascension_mode":false,"campfire_upgraded":5,"timestamp":1522694156,"path_taken":["M","M","M","?","?","R","M","$","T","E","R","M","E","M","R","BOSS","M","?","?","?","M","R","?","R","T","M","M","R","M","?","R","BOSS","M","M","$","?","M","R","M","R","T","M","M","?","M","M"],"build_version":"2018-03-29v2","purchased_purges":5,"victory":false,"master_deck":["Strike_R","Strike_R","Strike_R","Defend_R","Defend_R","Defend_R","Bash+1","Blood for Blood","Combust+1","Disarm","Rage+1","Armaments","Feed+1","Shrug It Off+1","Blood for Blood","Flex+1","Impervious","Flame Barrier+1","Shrug It Off+1","Demon Form","Infernal Blade+1","Shrug It Off","Madness+1","Madness","Infernal Blade+1","Shrug It Off+1","Headbutt+1"],"max_hp_per_floor":[96,96,96,96,96,96,96,96,96,96,96,96,96,96,96,96,96,96,96,96,96,96,96,96,96,96,100,100,100,100,100,100,100,100,104,104,104,104,108,108,108,108,108,112,116,116,116,116],"relics":["Burning Blood","Happy Flower","Regal Pillow","Letter Opener","Black Star","Enchiridion","Old Coin","Lizard Tail","Toolbox","War Paint"],"card_choices":[{"not_picked":["Barricade","Ghostly Armor"],"picked":"Blood for Blood","floor":1.0},{"not_picked":["Rupture","Thunderclap"],"picked":"Combust","floor":2.0},{"not_picked":["Anger","Fire Breathing"],"picked":"Rage","floor":10.0},{"not_picked":["Flex","Warcry"],"picked":"Armaments","floor":12.0},{"not_picked":["Bludgeon","Dark Embrace"],"picked":"Feed","floor":16.0},{"not_picked":["Headbutt","Wild Strike"],"picked":"Shrug It Off","floor":18.0},{"not_picked":["Heavy Blade","Wild Strike"],"picked":"Blood for Blood","floor":21.0},{"not_picked":["Anger","Havoc"],"picked":"Flex","floor":22.0},{"not_picked":["Cleave","Perfected Strike"],"picked":"Flame Barrier","floor":27.0},{"not_picked":["Warcry","Body Slam"],"picked":"Shrug It Off","floor":30.0},{"not_picked":["Impervious","Brutality"],"picked":"Demon Form","floor":33.0},{"not_picked":["Cleave","Warcry"],"picked":"Infernal Blade","floor":35.0},{"not_picked":["Body Slam","Iron Wave"],"picked":"Infernal Blade","floor":39.0},{"not_picked":["Anger","Fire Breathing"],"picked":"Shrug It Off","floor":41.0},{"not_picked":["Clash","Seeing Red"],"picked":"Headbutt","floor":47}],"player_experience":141517,"potions_floor_usage":[47],"damage_taken":[{"damage":2.0,"enemies":"2 Louse","floor":1.0,"turns":3.0},{"damage":1.0,"enemies":"Cultist","floor":2.0,"turns":4.0},{"damage":5.0,"enemies":"Small Slimes","floor":3.0,"turns":3.0},{"damage":13.0,"enemies":"Gremlin Gang","floor":5.0,"turns":3.0},{"damage":13.0,"enemies":"Large Slime","floor":7.0,"turns":5.0},{"damage":22.0,"enemies":"Lagavulin","floor":10.0,"turns":7.0},{"damage":7.0,"enemies":"Looter","floor":12.0,"turns":3.0},{"damage":28.0,"enemies":"3 Sentries","floor":13.0,"turns":8.0},{"damage":11.0,"enemies":"Exordium Thugs","floor":14.0,"turns":4.0},{"damage":44.0,"enemies":"Slime Boss","floor":16.0,"turns":10.0},{"damage":39.0,"enemies":"Spheric Guardian","floor":18.0,"turns":6.0},{"damage":18.0,"enemies":"Chosen","floor":21.0,"turns":6.0},{"damage":25.0,"enemies":"Snecko","floor":22.0,"turns":5.0},{"damage":28.0,"enemies":"Centurion and Healer","floor":27.0,"turns":5.0},{"damage":6.0,"enemies":"Snake Plant","floor":28.0,"turns":5.0},{"damage":26.0,"enemies":"Slaver and Parasite","floor":30.0,"turns":5.0},{"damage":14.0,"enemies":"3 Cultists","floor":31.0,"turns":4.0},{"damage":47.0,"enemies":"Automaton","floor":33.0,"turns":10.0},{"damage":30.0,"enemies":"3 Shapes","floor":35.0,"turns":7.0},{"damage":28.0,"enemies":"Orb Walker","floor":36.0,"turns":4.0},{"damage":14.0,"enemies":"3 Darklings","floor":39.0,"turns":6.0},{"damage":30.0,"enemies":"Maw","floor":41.0,"turns":6.0},{"damage":13,"enemies":"4 Shapes","floor":44,"turns":6},{"damage":30,"enemies":"Sphere and 2 Shapes","floor":45,"turns":7},{"damage":93,"enemies":"Maw","floor":47,"turns":11},{"damage":22,"enemies":"3 Darklings","floor":48,"turns":2}],"event_choices":[{"event_name":"Purifier","player_choice":"One Purge","floor":4.0,"damage_taken":0.0},{"event_name":"Cursed Tome","player_choice":"Obtained Book","floor":19.0,"damage_taken":0.0},{"event_name":"Drug Dealer","player_choice":"Got JAXXED","floor":20.0,"damage_taken":0.0},{"event_name":"Winding Halls","player_choice":"Embrace Madness","floor":38.0,"damage_taken":0.0}],"boss_relics":[],"potions_floor_spawned":[1,2,3,10,21,27,28,30,35,36,44],"seed_played":"-7055378886766606181","killed_by":"3 Darklings","ascension_level":0,"is_trial":false}