{"gold_per_floor":[117,117,87,100,113,139,139,154,180,180,180,198,229,29,29,125,125,150,72,85,139,64,64,87,102,102,138,138,151,190,204,204,297,297,316,329,329,36,161,204,27,52,52,52,120,135,135,153,153,153,153],"floor_reached":51,"playtime":2219,"items_purged":["Injury","Strike_G","Strike_G"],"score":1504,"play_id":"77a442ad-1178-47e3-875f-3ba4fa2979bb","local_time":"20181027222555","is_ascension_mode":true,"campfire_choices":[{"data":"Neutralize","floor":7,"key":"SMITH"},{"data":"Footwork","floor":11,"key":"SMITH"},{"data":"Crippling Poison","floor":15,"key":"SMITH"},{"data":"Poisoned Stab","floor":23,"key":"SMITH"},{"data":"Backstab","floor":28,"key":"SMITH"},{"floor":32,"key":"REST"},{"data":"Footwork","floor":44,"key":"SMITH"},{"data":"Poisoned Stab","floor":47,"key":"SMITH"},{"data":"Concentrate","floor":49,"key":"SMITH"}],"neow_cost":"NONE","seed_source_timestamp":625425301112832,"circlet_count":0,"master_deck":["Defend_G+1","Defend_G","Defend_G","Defend_G","Defend_G+1","Strike_G","Strike_G","Strike_G","Neutralize+1","AscendersBane","Poisoned Stab+1","Footwork+1","Poisoned Stab+1","Blur","Flying Knee","Crippling Poison+1","Backflip","Adrenaline","Eviscerate+1","Backstab+1","Backstab","Dash","Crippling Poison+1","Concentrate+1","Noxious Fumes+1","Acrobatics+1","Corpse Explosion+1","Dodge and Roll+1","Backflip+1","Prepared+1","Footwork+1","Deflect+1","Corpse Explosion+1"],"special_seed":0,"relics":["Ring of the Snake","NeowsBlessing","Happy Flower","War Paint","Anchor","Golden Idol","Vajra","Snake Skull","Velvet Choker","Bag of Marbles","Nunchaku","Orichalcum","Toxic Egg 2","Busted Crown","Tough Bandages","Omamori","Juzu Bracelet","StoneCalendar"],"potions_floor_usage":[6,6,13,16,30,33,40,50,51],"damage_taken":[{"damage":0.0,"enemies":"2 Louse","floor":1.0,"turns":1.0},{"damage":0.0,"enemies":"Small Slimes","floor":4.0,"turns":1.0},{"damage":0.0,"enemies":"Cultist","floor":5.0,"turns":1.0},{"damage":28,"enemies":"3 Sentries","floor":6,"turns":12},{"damage":1,"enemies":"Looter","floor":8,"turns":4},{"damage":2,"enemies":"Lots of Slimes","floor":12,"turns":5},{"damage":16,"enemies":"Gremlin Nob","floor":13,"turns":4},{"damage":13,"enemies":"Hexaghost","floor":16,"turns":10},{"damage":1,"enemies":"Shell Parasite","floor":18,"turns":5},{"damage":2,"enemies":"Spheric Guardian","floor":20,"turns":5},{"damage":2,"enemies":"Snake Plant","floor":24,"turns":3},{"damage":0,"enemies":"Centurion and Healer","floor":25,"turns":4},{"damage":0,"enemies":"Slavers","floor":27,"turns":5},{"damage":8,"enemies":"Snecko","floor":29,"turns":3},{"damage":14,"enemies":"Book of Stabbing","floor":30,"turns":4},{"damage":0,"enemies":"3 Cultists","floor":31,"turns":4},{"damage":14,"enemies":"Automaton","floor":33,"turns":9},{"damage":0,"enemies":"3 Darklings","floor":35,"turns":1},{"damage":0,"enemies":"Orb Walker","floor":36,"turns":1},{"damage":3,"enemies":"Mind Bloom Boss Battle","floor":39,"turns":7},{"damage":0,"enemies":"Nemesis","floor":40,"turns":7},{"damage":1,"enemies":"Transient","floor":42,"turns":6},{"damage":8,"enemies":"2 Orb Walkers","floor":45,"turns":4},{"damage":0,"enemies":"Sphere and 2 Shapes","floor":46,"turns":2},{"damage":0,"enemies":"Jaw Worm Horde","floor":48,"turns":1},{"damage":25,"enemies":"Awakened One","floor":50,"turns":15},{"damage":61,"enemies":"Time Eater","floor":51,"turns":4}],"seed_played":"-1351031938649892620","potions_obtained":[{"floor":3.0,"key":"Regen Potion"},{"floor":3.0,"key":"Fruit Juice"},{"floor":4.0,"key":"Weak Potion"},{"floor":5.0,"key":"Poison Potion"},{"floor":8,"key":"Poison Potion"},{"floor":13,"key":"GamblersBrew"},{"floor":16,"key":"Swift Potion"},{"floor":20,"key":"Energy Potion"},{"floor":24,"key":"Strength Potion"},{"floor":31,"key":"LiquidBronze"},{"floor":33,"key":"GamblersBrew"},{"floor":40,"key":"Swift Potion"}],"is_trial":false,"path_per_floor":["M","?","?","M","M","E","R","M","T","?","R","M","E","$","R","B",null,"M","$","M","T","$","R","M","M","T","E","R","M","E","M","R","B",null,"M","M","?","$","?","E","$","M","T","R","?","M","R","M","R","B"],"character_chosen":"THE_SILENT","items_purchased":["Snake Skull","Backflip","Backstab","Backflip+1","Prepared+1","Footwork","Deflect+1"],"campfire_rested":1,"item_purchase_floors":[14,14,19,38,38,38,41],"current_hp_per_floor":[59,54,59,59,59,46,46,45,45,45,45,43,27,27,27,14,57,56,56,54,54,54,54,52,52,52,52,52,44,30,30,51,37,63,63,63,63,63,60,60,60,59,59,59,51,51,51,51,51,26,0],"gold":153,"neow_bonus":"THREE_ENEMY_KILL","is_prod":false,"is_daily":false,"chose_seed":false,"campfire_upgraded":8,"win_rate":0,"timestamp":1540693555,"path_taken":["M","?","?","M","M","E","R","?","T","?","R","M","E","$","R","BOSS","M","?","?","?","$","R","M","M","T","E","R","M","E","M","R","BOSS","M","M","?","$","?","E","$","M","T","R","?","M","R","M","R","BOSS","BOSS"],"build_version":"2018-10-25v2","purchased_purges":3,"victory":false,"max_hp_per_floor":[66,66,71,71,71,71,71,71,71,71,71,71,71,71,71,71,71,71,71,71,71,71,71,71,71,71,71,71,71,71,71,71,71,71,71,71,71,71,71,71,71,71,71,71,71,71,71,71,71,71,71],"card_choices":[{"not_picked":["Acrobatics","Catalyst"],"picked":"Poisoned Stab","floor":1.0},{"not_picked":["Bane","Deflect"],"picked":"Footwork","floor":4.0},{"not_picked":["Flying Knee","Masterful Stab"],"picked":"Poisoned Stab","floor":5.0},{"not_picked":["Deflect","Night Terror"],"picked":"Blur","floor":6},{"not_picked":["Concentrate","Blade Dance"],"picked":"Flying Knee","floor":8},{"not_picked":["Acrobatics","Prepared","Eviscerate"],"picked":"SKIP","floor":12},{"not_picked":["Deflect","Dagger Spray"],"picked":"Crippling Poison","floor":13},{"not_picked":["Venomology","Malaise"],"picked":"Adrenaline","floor":16},{"not_picked":["Acrobatics","Slice"],"picked":"Eviscerate+1","floor":18},{"not_picked":["Flying Knee","PiercingWail+1"],"picked":"Backstab","floor":20},{"not_picked":["Finisher","Choke"],"picked":"Dash","floor":24},{"not_picked":["Slice","Calculated Gamble"],"picked":"Crippling Poison+1","floor":25},{"not_picked":["Venomology","Dagger Throw","Infinite Blades"],"picked":"SKIP","floor":27},{"not_picked":["Underhanded Strike","Escape Plan"],"picked":"Concentrate","floor":29},{"not_picked":["Bane","Reflex"],"picked":"Noxious Fumes+1","floor":30},{"not_picked":["Dodge and Roll+1","Distraction+1"],"picked":"Acrobatics+1","floor":31},{"not_picked":["Tools of the Trade","Venomology+1"],"picked":"Corpse Explosion+1","floor":33},{"not_picked":["Riddle With Holes"],"picked":"SKIP","floor":35},{"not_picked":[],"picked":"Dodge and Roll+1","floor":36},{"not_picked":["PiercingWail+1"],"picked":"SKIP","floor":40},{"not_picked":["Bane"],"picked":"SKIP","floor":42},{"not_picked":[],"picked":"Corpse Explosion+1","floor":45},{"not_picked":["Dagger Spray"],"picked":"SKIP","floor":46},{"not_picked":["Dagger Spray"],"picked":"SKIP","floor":46},{"not_picked":["Riddle With Holes"],"picked":"SKIP","floor":48}],"player_experience":1096141,"relics_obtained":[{"floor":6,"key":"War Paint"},{"floor":9,"key":"Anchor"},{"floor":13,"key":"Vajra"},{"floor":21,"key":"Bag of Marbles"},{"floor":26,"key":"Nunchaku"},{"floor":27,"key":"Orichalcum"},{"floor":30,"key":"Toxic Egg 2"},{"floor":39,"key":"Tough Bandages"},{"floor":40,"key":"Omamori"},{"floor":43,"key":"Juzu Bracelet"},{"floor":45,"key":"StoneCalendar"}],"event_choices":[{"damage_healed":0.0,"max_hp_gain":0.0,"max_hp_loss":0.0,"gold_gain":0.0,"event_name":"Scrap Ooze","player_choice":"Success","floor":2.0,"gold_loss":0.0,"damage_taken":5.0,"relics_obtained":["Happy Flower"]},{"damage_healed":0.0,"max_hp_gain":0.0,"max_hp_loss":0.0,"gold_gain":0.0,"event_name":"The Woman in Blue","player_choice":"Bought 2 Potions","floor":3.0,"gold_loss":0.0,"damage_taken":0.0},{"damage_healed":0,"gold_gain":0,"player_choice":"Take Wound","damage_taken":0,"relics_obtained":["Golden Idol"],"max_hp_gain":0,"max_hp_loss":0,"event_name":"Golden Idol","floor":10,"gold_loss":0,"cards_obtained":["Injury"]},{"cards_removed":["Survivor"],"damage_healed":0,"gold_gain":0,"player_choice":"Removed Skill","damage_taken":0,"max_hp_gain":0,"max_hp_loss":0,"event_name":"Falling","floor":37,"gold_loss":0},{"damage_healed":0,"gold_gain":0,"player_choice":"Fight","damage_taken":0,"max_hp_gain":0,"max_hp_loss":0,"event_name":"MindBloom","floor":39,"gold_loss":0},{"damage_healed":0,"gold_gain":0,"player_choice":"Fight","damage_taken":0,"max_hp_gain":0,"max_hp_loss":0,"event_name":"Mysterious Sphere","floor":45,"gold_loss":0}],"is_beta":false,"boss_relics":[{"not_picked":["Black Star","Calling Bell"],"picked":"Velvet Choker"},{"not_picked":["White Beast Statue","Lizard Tail"],"picked":"Busted Crown"}],"items_purged_floors":[22,38,41],"is_endless":false,"potions_floor_spawned":[4,5,8,13,16,20,24,25,31,33,35,39,40],"killed_by":"Time Eater","ascension_level":20}