{"gold_per_floor":[112,122,47,47,47,77,77,102,102,131,147,178,196,225,225,329,329,340,12,12,26,26,26,56,56,56,86,86,6,26,26,26,130,130,145,145,0,0,19,19,29,61,61,61,72,72,91,125,125,125],"floor_reached":51,"playtime":11179,"items_purged":["Strike_G","Strike_G"],"score":1143,"play_id":"b2e87c98-8f52-46da-8efc-5d1312a9b28e","local_time":"20190112013557","is_ascension_mode":true,"campfire_choices":[{"data":"Noxious Fumes","floor":7.0,"key":"SMITH"},{"floor":15.0,"key":"REST"},{"floor":23.0,"key":"REST"},{"floor":25.0,"key":"REST"},{"floor":32.0,"key":"REST"},{"data":"Burst","floor":40.0,"key":"SMITH"},{"data":"Footwork","floor":44.0,"key":"SMITH"},{"floor":46,"key":"REST"},{"floor":49,"key":"REST"}],"neow_cost":"NONE","seed_source_timestamp":0,"circlet_count":0,"master_deck":["Defend_G","Defend_G","Defend_G","Defend_G","Defend_G","Strike_G","Survivor","Neutralize","Sucker Punch","Deflect","Noxious Fumes+1","Glass Knife","Terror","Backflip","Noxious Fumes","Escape Plan","Burst+1","Noxious Fumes","Footwork","Panache","Infinite Blades","Blur+1","Dodge and Roll","Sucker Punch+1","Footwork+1","Adrenaline","Cloak And Dagger+1","Cloak And Dagger","The Bomb","Slice+1","Cloak And Dagger+1","Footwork","Infinite Blades+1","Envenom"],"special_seed":0,"relics":["Ring of the Snake","NeowsBlessing","Matryoshka","Mummified Hand","Bottled Flame","Anchor","Bottled Lightning","Lantern","The Courier","Darkstone Periapt","Sozu","Nilry\u0027s Codex","Snake Skull","Dream Catcher","Dodecahedron","Girya","Peace Pipe","WristBlade","Red Mask","Bottled Tornado","Unceasing Top","Calipers"],"potions_floor_usage":[50],"damage_taken":[{"damage":0.0,"enemies":"2 Louse","floor":1.0,"turns":1.0},{"damage":0.0,"enemies":"Jaw Worm","floor":2.0,"turns":1.0},{"damage":0.0,"enemies":"Gremlin Nob","floor":6.0,"turns":1.0},{"damage":22.0,"enemies":"Lagavulin","floor":8.0,"turns":7.0},{"damage":13.0,"enemies":"3 Sentries","floor":10.0,"turns":7.0},{"damage":0.0,"enemies":"Small Slimes","floor":11.0,"turns":2.0},{"damage":15.0,"enemies":"Lagavulin","floor":12.0,"turns":7.0},{"damage":0.0,"enemies":"Looter","floor":13.0,"turns":3.0},{"damage":0.0,"enemies":"Gremlin Nob","floor":14.0,"turns":2.0},{"damage":12.0,"enemies":"Hexaghost","floor":16.0,"turns":8.0},{"damage":31.0,"enemies":"Chosen","floor":18.0,"turns":5.0},{"damage":0.0,"enemies":"3 Byrds","floor":21.0,"turns":3.0},{"damage":15.0,"enemies":"Gremlin Leader","floor":24.0,"turns":6.0},{"damage":5.0,"enemies":"Book of Stabbing","floor":27.0,"turns":6.0},{"damage":0.0,"enemies":"Snake Plant","floor":30.0,"turns":4.0},{"damage":0.0,"enemies":"Automaton","floor":33.0,"turns":7.0},{"damage":0.0,"enemies":"3 Darklings","floor":35.0,"turns":5.0},{"damage":2.0,"enemies":"Orb Walker","floor":39.0,"turns":4.0},{"damage":4.0,"enemies":"Transient","floor":41.0,"turns":5.0},{"damage":5.0,"enemies":"Reptomancer","floor":42.0,"turns":7.0},{"damage":27,"enemies":"Writhing Mass","floor":45,"turns":7},{"damage":0,"enemies":"Sphere and 2 Shapes","floor":47,"turns":4},{"damage":0,"enemies":"Nemesis","floor":48,"turns":7},{"damage":3,"enemies":"Awakened One","floor":50,"turns":9}],"seed_played":"-2924870761988283662","potions_obtained":[{"floor":2.0,"key":"Explosive Potion"},{"floor":10.0,"key":"Swift Potion"},{"floor":12.0,"key":"PowerPotion"},{"floor":16.0,"key":"Strength Potion"}],"is_trial":false,"path_per_floor":["M","M","$","?","?","E","R","E","T","E","M","E","M","E","R","B",null,"M","$","?","M","?","R","E","R","T","E","?","$","M","T","R","B",null,"M","?","?","$","M","R","M","E","T","R","M","R","M","E","R","B",null],"character_chosen":"THE_SILENT","items_purchased":["Noxious Fumes","Footwork","Panache","Infinite Blades"],"campfire_rested":6,"item_purchase_floors":[3,19,19,19],"current_hp_per_floor":[63,63,63,68,61,61,61,39,39,26,26,11,11,11,33,21,62,31,31,15,15,15,37,22,44,44,39,39,39,39,39,61,61,72,72,72,72,72,70,70,66,61,61,61,34,56,56,56,75,72],"gold":125,"neow_bonus":"THREE_ENEMY_KILL","is_prod":false,"is_daily":false,"chose_seed":false,"campfire_upgraded":3,"win_rate":0,"timestamp":1547224557,"path_taken":["M","M","$","?","?","E","R","E","T","E","M","E","M","E","R","BOSS","BOSS","M","$","?","M","?","R","E","R","T","E","?","$","M","?","R","BOSS","M","?","?","?","M","R","M","E","T","R","M","R","?","E","R","BOSS"],"build_version":"2019-01-10","purchased_purges":2,"victory":true,"max_hp_per_floor":[70,70,70,75,75,75,75,75,75,75,75,75,75,75,75,75,75,75,75,75,75,75,75,75,75,75,75,75,75,75,75,75,75,75,75,75,75,75,75,75,75,75,75,75,75,75,75,75,75,75],"card_choices":[{"not_picked":["Bane","Quick Slash"],"picked":"Sucker Punch","floor":1.0},{"not_picked":["Flechettes","Deadly Poison"],"picked":"Deflect","floor":2.0},{"not_picked":["PiercingWail","Reflex"],"picked":"Glass Knife","floor":6.0},{"not_picked":["Eviscerate","Outmaneuver","Finisher"],"picked":"SKIP","floor":8.0},{"not_picked":["Glass Knife","Deadly Poison"],"picked":"Terror","floor":10.0},{"not_picked":["Expertise","Blade Dance"],"picked":"Backflip","floor":11.0},{"not_picked":["Slice","Heel Hook","Blade Dance"],"picked":"SKIP","floor":12.0},{"not_picked":["Tactician","Acrobatics"],"picked":"Noxious Fumes","floor":13.0},{"not_picked":["Skewer","Finisher"],"picked":"Escape Plan","floor":14.0},{"not_picked":["Envenom","Storm of Steel"],"picked":"Burst","floor":16.0},{"not_picked":["Reflex","Deflect+1"],"picked":"Noxious Fumes","floor":18.0},{"not_picked":["Finisher+1","All Out Attack"],"picked":"Blur+1","floor":21.0},{"not_picked":["Tactician","Blade Dance+1"],"picked":"Dodge and Roll","floor":24.0},{"not_picked":["Underhanded Strike","Bane"],"picked":"Sucker Punch+1","floor":27.0},{"not_picked":["Poisoned Stab+1","Backflip"],"picked":"Cloak And Dagger+1","floor":30.0},{"not_picked":["Bouncing Flask","Dagger Throw+1"],"picked":"Cloak And Dagger","floor":32.0},{"not_picked":["Deadly Poison","Bane+1","Dagger Throw+1"],"picked":"SKIP","floor":35.0},{"not_picked":["Swift Strike","Secret Weapon"],"picked":"The Bomb","floor":36.0},{"not_picked":["Flying Knee","Prepared"],"picked":"Slice+1","floor":39.0},{"not_picked":["Outmaneuver+1","PiercingWail"],"picked":"Cloak And Dagger+1","floor":41.0},{"not_picked":["Backstab","Tools of the Trade"],"picked":"Footwork","floor":42.0},{"not_picked":["Poisoned Stab+1","Dagger Spray","Flying Knee"],"picked":"SKIP","floor":45},{"not_picked":["Dagger Spray","Distraction+1"],"picked":"Infinite Blades+1","floor":47},{"not_picked":["Bane","Dagger Throw+1"],"picked":"Envenom","floor":48}],"player_experience":327182,"relics_obtained":[{"floor":6.0,"key":"Mummified Hand"},{"floor":8.0,"key":"Bottled Flame"},{"floor":9.0,"key":"Anchor"},{"floor":9.0,"key":"Bottled Lightning"},{"floor":10.0,"key":"Lantern"},{"floor":12.0,"key":"The Courier"},{"floor":14.0,"key":"Darkstone Periapt"},{"floor":20.0,"key":"Nilry\u0027s Codex"},{"floor":24.0,"key":"Snake Skull"},{"floor":26.0,"key":"Dream Catcher"},{"floor":26.0,"key":"Dodecahedron"},{"floor":27.0,"key":"Girya"},{"floor":31.0,"key":"Peace Pipe"},{"floor":42.0,"key":"Bottled Tornado"},{"floor":43.0,"key":"Unceasing Top"},{"floor":48,"key":"Calipers"}],"event_choices":[{"damage_healed":0.0,"max_hp_gain":5.0,"max_hp_loss":0.0,"gold_gain":0.0,"event_name":"Big Fish","player_choice":"Donut","floor":4.0,"gold_loss":0.0,"damage_taken":0.0},{"damage_healed":0.0,"max_hp_gain":0.0,"max_hp_loss":0.0,"gold_gain":0.0,"event_name":"Scrap Ooze","player_choice":"Success","floor":5.0,"gold_loss":0.0,"damage_taken":7.0,"relics_obtained":["Matryoshka"]},{"damage_healed":0.0,"max_hp_gain":0.0,"max_hp_loss":0.0,"gold_gain":0.0,"event_name":"Cursed Tome","player_choice":"Obtained Book","floor":20.0,"gold_loss":0.0,"damage_taken":16.0},{"damage_healed":0.0,"max_hp_gain":0.0,"max_hp_loss":0.0,"gold_gain":0.0,"event_name":"Ghosts","player_choice":"Ignored","floor":22.0,"gold_loss":0.0,"damage_taken":0.0},{"damage_healed":0.0,"max_hp_gain":0.0,"max_hp_loss":0.0,"gold_gain":0.0,"cards_transformed":["Strike_G","Strike_G"],"event_name":"Drug Dealer","player_choice":"Became Test Subject","floor":28.0,"gold_loss":0.0,"damage_taken":0.0,"cards_obtained":["Footwork","Adrenaline"]},{"damage_healed":0.0,"max_hp_gain":0.0,"max_hp_loss":0.0,"gold_gain":0.0,"event_name":"SensoryStone","player_choice":"Memory 1","floor":36.0,"gold_loss":0.0,"damage_taken":0.0},{"damage_healed":0.0,"max_hp_gain":0.0,"max_hp_loss":0.0,"gold_gain":0.0,"event_name":"Tomb of Lord Red Mask","player_choice":"Paid","floor":37.0,"gold_loss":145.0,"damage_taken":0.0,"relics_obtained":["Red Mask"]}],"is_beta":false,"boss_relics":[{"not_picked":["Snecko Eye","Black Star"],"picked":"Sozu"},{"not_picked":["Astrolabe","Lizard Tail"],"picked":"WristBlade"}],"items_purged_floors":[19,29],"is_endless":false,"potions_floor_spawned":[2,10,12,16,21,24,33,35,41,47],"ascension_level":6}