{"gold_per_floor":[109,120,132,132,151,151,180,180,226,260,210,210,210,263,263,263],"floor_reached":16,"playtime":2669,"items_purged":[],"score":119,"play_id":"c1703737-6f20-47f9-b839-e335d45eded4","local_time":"20190213155655","is_ascension_mode":true,"campfire_choices":[{"data":"Pommel Strike","floor":6,"key":"SMITH"},{"floor":8,"key":"REST"},{"data":"True Grit","floor":13,"key":"SMITH"},{"floor":15,"key":"REST"}],"neow_cost":"NONE","seed_source_timestamp":175858278135000,"circlet_count":0,"master_deck":["Strike_R","Strike_R","Defend_R","Defend_R","Defend_R","Defend_R","Bash","Pommel Strike+1","True Grit+1","Iron Wave","Shrug It Off","Cleave"],"relics":["Burning Blood","Mercury Hourglass","Art of War","Happy Flower"],"potions_floor_usage":[5,16],"damage_taken":[{"damage":6,"enemies":"Cultist","floor":1,"turns":4},{"damage":9,"enemies":"Small Slimes","floor":2,"turns":4},{"damage":8,"enemies":"2 Louse","floor":3,"turns":2},{"damage":34,"enemies":"Lots of Slimes","floor":5,"turns":8},{"damage":50,"enemies":"Gremlin Nob","floor":7,"turns":5},{"damage":12,"enemies":"3 Sentries","floor":10,"turns":7},{"damage":66,"enemies":"Hexaghost","floor":16,"turns":14}],"seed_played":"9157697952628384976","potions_obtained":[{"floor":2,"key":"Regen Potion"},{"floor":7,"key":"Energy Potion"}],"is_trial":false,"path_per_floor":["M","M","M","?","M","R","E","R","T","E","?","?","R","T","R","B"],"character_chosen":"IRONCLAD","items_purchased":[],"campfire_rested":2,"item_purchase_floors":[],"current_hp_per_floor":[80,77,75,80,67,67,23,48,48,42,42,35,35,35,60,0],"gold":263,"neow_bonus":"REMOVE_CARD","is_prod":false,"is_daily":false,"chose_seed":false,"campfire_upgraded":2,"win_rate":0,"timestamp":1550091415,"path_taken":["M","M","M","?","M","R","E","R","T","E","?","?","R","?","R","BOSS"],"build_version":"2019-01-23","purchased_purges":0,"victory":false,"max_hp_per_floor":[80,80,80,85,85,85,85,85,85,85,85,85,85,85,85,85],"card_choices":[{"not_picked":["Flex","Anger"],"picked":"Pommel Strike","floor":1},{"not_picked":["Warcry","Sword Boomerang"],"picked":"True Grit","floor":2},{"not_picked":["Sever Soul","Rage"],"picked":"Iron Wave","floor":3},{"not_picked":["Warcry","Wild Strike","Havoc"],"picked":"SKIP","floor":5},{"not_picked":["Impervious","Pummel"],"picked":"Shrug It Off","floor":7},{"not_picked":["Intimidate","Flex"],"picked":"Cleave","floor":10}],"player_experience":98706,"relics_obtained":[{"floor":7,"key":"Mercury Hourglass"},{"floor":10,"key":"Art of War"},{"floor":14,"key":"Happy Flower"}],"event_choices":[{"damage_healed":0,"gold_gain":0,"player_choice":"Donut","damage_taken":0,"max_hp_gain":5,"max_hp_loss":0,"event_name":"Big Fish","floor":4,"gold_loss":0},{"cards_removed":["Strike_R"],"damage_healed":0,"gold_gain":0,"player_choice":"Card Removal","damage_taken":0,"max_hp_gain":0,"max_hp_loss":0,"event_name":"The Cleric","floor":11,"gold_loss":50},{"cards_removed":["Strike_R"],"damage_healed":0,"gold_gain":0,"player_choice":"Card Removal","damage_taken":7,"max_hp_gain":0,"max_hp_loss":0,"event_name":"Golden Wing","floor":12,"gold_loss":0}],"is_beta":false,"boss_relics":[],"items_purged_floors":[],"is_endless":false,"potions_floor_spawned":[2,7],"killed_by":"Hexaghost","ascension_level":2}