{"path_per_floor":["M","?","?","M","M","R","M","E","T","M","M","M","M","M","R","B",null,"M","M","$","?","M","E","R","E","T","R","?","R","M","M","R"],"character_chosen":"DEFECT","items_purchased":["Potion Belt","Whetstone","EntropicBrew"],"gold_per_floor":[109,109,109,133,156,156,174,207,254,274,292,306,326,346,346,467,467,488,506,99,69,69,107,107,150,150,150,181,181,205,224,224,224],"floor_reached":33,"campfire_rested":4,"playtime":6323,"item_purchase_floors":[20,20,20],"current_hp_per_floor":[75,69,69,61,61,61,48,35,35,35,28,28,19,11,31,15,69,63,57,57,57,57,46,66,62,62,62,20,55,31,31,66,0],"items_purged":[],"gold":224,"score":322,"play_id":"63a62aad-9f8b-46e9-936c-5cc0d21640d2","local_time":"20180605000213","is_prod":false,"is_daily":false,"chose_seed":false,"is_ascension_mode":true,"campfire_upgraded":2,"win_rate":0,"timestamp":1528149733,"campfire_choices":[{"data":"Glacier","floor":6,"key":"SMITH"},{"floor":15,"key":"REST"},{"floor":24,"key":"REST"},{"data":"Electrodynamics","floor":27,"key":"SMITH"},{"floor":29,"key":"REST"},{"floor":32,"key":"REST"}],"path_taken":["M","?","?","M","M","R","?","E","T","M","?","?","M","M","R","BOSS","M","M","$","?","M","E","R","E","T","R","?","R","M","?","R","BOSS"],"build_version":"2018-05-31","seed_source_timestamp":152008778036263,"purchased_purges":0,"victory":false,"master_deck":["Strike_B","Strike_B","Strike_B","Strike_B","Defend_B","Defend_B","Defend_B","Defend_B","Zap","Dualcast","Doom and Gloom+1","Sweeping Beam+1","Glacier+1","Coolheaded","Auto Shields","Ball Lightning","Go for the Eyes","Electrodynamics+1","Leap","Tempest","Lockon+1","Biased Cognition","Sweeping Beam+1","Go for the Eyes+1","Sunder","BootSequence","Auto Shields","Rainbow","Go for the Eyes+1"],"max_hp_per_floor":[75,69,69,69,69,69,69,69,69,69,69,69,69,69,69,69,69,69,69,69,69,69,69,69,69,69,69,69,69,69,69,69,69],"relics":["Cracked Core","Golden Idol","Pantograph","Pen Nib","Black Star","Potion Belt","Whetstone","Bronze Scales","Bag of Marbles","Omamori","Regal Pillow","Oddly Smooth Stone","Red Mask"],"card_choices":[{"not_picked":["Loop","Sweeping Beam"],"picked":"Doom and Gloom","floor":0},{"not_picked":["Storm","Steam Power"],"picked":"Sweeping Beam","floor":1},{"not_picked":["Scrape","Lockon"],"picked":"Glacier","floor":4},{"not_picked":["Rebound","Beam Cell"],"picked":"Coolheaded","floor":5},{"not_picked":["Barrage","Sweeping Beam"],"picked":"Auto Shields","floor":7},{"not_picked":["Redo","Reinforced Body"],"picked":"Ball Lightning","floor":8},{"not_picked":["Coolheaded","Leap"],"picked":"Go for the Eyes","floor":10},{"not_picked":["Streamline","Go for the Eyes"],"picked":"Electrodynamics","floor":11},{"not_picked":["Coolheaded","Compile Driver"],"picked":"Leap","floor":12},{"not_picked":["Creative AI","Beam Cell"],"picked":"Tempest","floor":13},{"not_picked":["Barrage","Steam"],"picked":"Lockon","floor":14},{"not_picked":["Seek","Machine Learning"],"picked":"Biased Cognition","floor":16},{"not_picked":["Go for the Eyes","Reprogram+1"],"picked":"Sweeping Beam+1","floor":18},{"not_picked":["Stack","Turbo+1"],"picked":"Go for the Eyes+1","floor":19},{"not_picked":["Steam","Melter"],"picked":"Sunder","floor":23},{"not_picked":["Redo","Turbo+1"],"picked":"BootSequence","floor":25},{"not_picked":["Gash+1","Go for the Eyes"],"picked":"Auto Shields","floor":28},{"not_picked":["Hologram","Turbo"],"picked":"Rainbow","floor":30},{"not_picked":["Leap","Hologram+1"],"picked":"Go for the Eyes+1","floor":31}],"player_experience":575632,"potions_floor_usage":[8,11,19,22,23,23,23,23,23,23,23,23,28,33],"damage_taken":[{"damage":0,"enemies":"2 Louse","floor":1,"turns":1},{"damage":8,"enemies":"Small Slimes","floor":4,"turns":3},{"damage":0,"enemies":"Cultist","floor":5,"turns":3},{"damage":13,"enemies":"Lots of Slimes","floor":7,"turns":2},{"damage":13,"enemies":"Lagavulin","floor":8,"turns":8},{"damage":0,"enemies":"Red Slaver","floor":10,"turns":4},{"damage":7,"enemies":"Exordium Wildlife","floor":11,"turns":2},{"damage":0,"enemies":"Lots of Slimes","floor":12,"turns":1},{"damage":9,"enemies":"Large Slime","floor":13,"turns":3},{"damage":8,"enemies":"Blue Slaver","floor":14,"turns":3},{"damage":41,"enemies":"Hexaghost","floor":16,"turns":12},{"damage":6,"enemies":"Spheric Guardian","floor":18,"turns":3},{"damage":6,"enemies":"3 Byrds","floor":19,"turns":3},{"damage":0,"enemies":"Sentry and Sphere","floor":22,"turns":2},{"damage":11,"enemies":"Slavers","floor":23,"turns":5},{"damage":4,"enemies":"Gremlin Leader","floor":25,"turns":7},{"damage":42,"enemies":"Masked Bandits","floor":28,"turns":4},{"damage":24,"enemies":"Centurion and Healer","floor":30,"turns":5},{"damage":0,"enemies":"Snake Plant","floor":31,"turns":3},{"damage":87,"enemies":"Automaton","floor":33,"turns":12}],"relics_obtained":[{"floor":8,"key":"Pantograph"},{"floor":9,"key":"Pen Nib"},{"floor":23,"key":"Bronze Scales"},{"floor":23,"key":"Bag of Marbles"},{"floor":25,"key":"Omamori"},{"floor":25,"key":"Regal Pillow"},{"floor":26,"key":"Oddly Smooth Stone"},{"floor":28,"key":"Red Mask"}],"event_choices":[{"event_name":"Golden Idol","player_choice":"Lose Max HP","floor":2,"damage_taken":0},{"event_name":"Accursed Blacksmith","player_choice":"Forge","floor":3,"damage_taken":0},{"event_name":"The Woman in Blue","player_choice":"Bought 2 Potions","floor":21,"damage_taken":0},{"event_name":"Masked Bandits","player_choice":"Fought over 150 gold","floor":28,"damage_taken":0}],"boss_relics":[{"not_picked":["Pandora\u0027s Box","Runic Pyramid"],"picked":"Black Star"}],"items_purged_floors":[],"potions_floor_spawned":[5,8,10,11,19,22,28],"seed_played":"9040141209068875289","killed_by":"Automaton","ascension_level":2,"potions_obtained":[{"floor":5,"key":"SkillPotion"},{"floor":8,"key":"Energy Potion"},{"floor":10,"key":"Fire Potion"},{"floor":11,"key":"GamblersBrew"},{"floor":19,"key":"Dexterity Potion"},{"floor":21,"key":"Ancient Potion"},{"floor":21,"key":"SmokeBomb"},{"floor":28,"key":"Block Potion"}],"is_trial":false}