{"gold_per_floor":[113,188,188,218,244,244,244,258,282,282,299,25,25,55,55,154,154,164,164,37,47,47,47,72,72,96,115,215,244,244,244,244,342,342,352,207,256,266,266,266,295,295,595,612,612,622,73,73,73,73],"floor_reached":51,"playtime":6535,"items_purged":["Survivor","Strike_G+1"],"score":1118,"play_id":"9d24d0c3-ec86-48bb-a049-5ec144ffc1ee","local_time":"20190201224350","is_ascension_mode":true,"campfire_choices":[{"data":"Strike_G","floor":7.0,"key":"PURGE"},{"data":"Defend_G","floor":10.0,"key":"PURGE"},{"floor":13.0,"key":"REST"},{"data":"Footwork","floor":15.0,"key":"SMITH"},{"data":"A Thousand Cuts","floor":23.0,"key":"SMITH"},{"data":"Dagger Spray","floor":25.0,"key":"SMITH"},{"data":"Cloak And Dagger","floor":30.0,"key":"SMITH"},{"data":"Tools of the Trade","floor":32.0,"key":"SMITH"},{"floor":40.0,"key":"REST"},{"data":"Doubt","floor":45,"key":"PURGE"},{"floor":49,"key":"REST"}],"neow_cost":"TEN_PERCENT_HP_LOSS","seed_source_timestamp":0,"circlet_count":0,"master_deck":["AscendersBane","Defend_G+1","Defend_G+1","Defend_G+1","Defend_G+1","Strike_G+1","Strike_G+1","Strike_G+1","Neutralize+1","Escape Plan","Crippling Poison","Footwork+1","Bandage Up","A Thousand Cuts+1","Finesse","Infinite Blades","Backflip","Dagger Spray+1","Cloak And Dagger+1","Deflect+1","Tools of the Trade+1","Die Die Die","Acrobatics","Noxious Fumes","Well Laid Plans+1","Finesse","Accuracy","Madness","Madness"],"special_seed":0,"relics":["Ring of the Serpent","Peace Pipe","Tiny Chest","Potion Belt","Bag of Marbles","Oddly Smooth Stone","Strawberry","Busted Crown","Bronze Scales","Juzu Bracelet","Torii","Mercury Hourglass","Ancient Tea Set","CultistMask","Girya","Bag of Preparation","Old Coin","TwistedFunnel"],"potions_floor_usage":[50,50,50,50],"damage_taken":[{"damage":2.0,"enemies":"Cultist","floor":1.0,"turns":4.0},{"damage":4.0,"enemies":"Small Slimes","floor":8.0,"turns":4.0},{"damage":3.0,"enemies":"2 Louse","floor":11.0,"turns":2.0},{"damage":23.0,"enemies":"Gremlin Nob","floor":14.0,"turns":6.0},{"damage":17.0,"enemies":"The Guardian","floor":16.0,"turns":31.0},{"damage":11.0,"enemies":"Chosen","floor":18.0,"turns":9.0},{"damage":1.0,"enemies":"2 Thieves","floor":21.0,"turns":5.0},{"damage":8.0,"enemies":"Slavers","floor":24.0,"turns":5.0},{"damage":4.0,"enemies":"Cultist and Chosen","floor":27.0,"turns":5.0},{"damage":2.0,"enemies":"Colosseum Slavers","floor":28.0,"turns":3.0},{"damage":2.0,"enemies":"Colosseum Nobs","floor":28.0,"turns":4.0},{"damage":0.0,"enemies":"Gremlin Leader","floor":29.0,"turns":5.0},{"damage":35.0,"enemies":"Champ","floor":33.0,"turns":15.0},{"damage":0.0,"enemies":"Orb Walker","floor":35.0,"turns":4.0},{"damage":39.0,"enemies":"2 Orb Walkers","floor":37.0,"turns":5.0},{"damage":9.0,"enemies":"3 Darklings","floor":38.0,"turns":2.0},{"damage":0.0,"enemies":"Giant Head","floor":41.0,"turns":10.0},{"damage":1,"enemies":"4 Shapes","floor":44,"turns":4},{"damage":25,"enemies":"Spire Growth","floor":46,"turns":5},{"damage":48,"enemies":"Time Eater","floor":50,"turns":10}],"seed_played":"1372482295563474682","potions_obtained":[{"floor":8.0,"key":"SkillPotion"},{"floor":14.0,"key":"Block Potion"},{"floor":16.0,"key":"SteroidPotion"},{"floor":18.0,"key":"EssenceOfSteel"},{"floor":27.0,"key":"Dexterity Potion"},{"floor":28.0,"key":"Block Potion"},{"floor":37.0,"key":"SkillPotion"},{"floor":41.0,"key":"Explosive Potion"},{"floor":44,"key":"Dexterity Potion"}],"is_trial":false,"path_per_floor":["M","?","?","?","T","?","R","M","T","R","M","$","R","E","R","B",null,"M","?","$","M","?","R","E","R","T","M","?","E","R","?","R","B",null,"M","$","?","M","?","R","E","?","T","M","R","M","$","?","R","B",null],"character_chosen":"THE_SILENT","items_purchased":["Footwork","Oddly Smooth Stone","Bandage Up","Finesse","Infinite Blades","Noxious Fumes","Dexterity Potion","Finesse","Accuracy","TwistedFunnel","LiquidBronze"],"campfire_rested":3,"item_purchase_floors":[12,12,12,20,20,36,47,47,47,47,47],"current_hp_per_floor":[61,50,50,50,50,43,43,39,39,39,36,36,54,42,42,29,60,53,53,53,56,56,56,52,52,52,52,52,56,56,56,56,25,59,63,63,28,19,12,33,37,70,70,69,69,48,48,39,60,16],"gold":73,"neow_bonus":"ONE_RARE_RELIC","is_prod":false,"is_daily":false,"chose_seed":false,"campfire_upgraded":5,"win_rate":0,"timestamp":1549028630,"path_taken":["M","?","?","?","?","?","R","M","T","R","M","$","R","E","R","BOSS","M","?","$","M","?","R","E","R","T","M","?","E","R","?","R","BOSS","M","$","?","M","?","R","E","?","T","M","R","M","$","?","R","BOSS"],"build_version":"2019-01-23","purchased_purges":2,"victory":true,"max_hp_per_floor":[63,63,63,63,63,63,63,63,63,63,63,63,63,70,70,70,70,70,70,70,70,70,70,70,70,70,70,70,70,70,70,70,70,70,70,70,70,70,70,70,70,70,70,70,70,70,70,70,70,70],"card_choices":[{"not_picked":["PiercingWail","Bane"],"picked":"Escape Plan","floor":1.0},{"not_picked":["Skewer","Outmaneuver","Tactician"],"picked":"SKIP","floor":8.0},{"not_picked":["Finisher","Deadly Poison"],"picked":"Crippling Poison","floor":11.0},{"not_picked":["Finisher","Dagger Throw","Bane"],"picked":"SKIP","floor":14.0},{"not_picked":["Unload","Envenom"],"picked":"A Thousand Cuts","floor":16.0},{"not_picked":["Sucker Punch"],"picked":"SKIP","floor":18.0},{"not_picked":[],"picked":"Backflip","floor":21.0},{"not_picked":["Bouncing Flask"],"picked":"SKIP","floor":24.0},{"not_picked":[],"picked":"Cloak And Dagger","floor":27.0},{"not_picked":[],"picked":"Deflect+1","floor":28.0},{"not_picked":[],"picked":"Tools of the Trade","floor":29.0},{"not_picked":[],"picked":"Die Die Die","floor":33.0},{"not_picked":[],"picked":"Acrobatics","floor":35.0},{"not_picked":[],"picked":"Well Laid Plans+1","floor":38.0},{"not_picked":["Bane+1"],"picked":"SKIP","floor":41.0},{"not_picked":["Dagger Spray+1"],"picked":"SKIP","floor":44},{"not_picked":["Prepared"],"picked":"SKIP","floor":46}],"player_experience":493585,"relics_obtained":[{"floor":5.0,"key":"Potion Belt"},{"floor":9.0,"key":"Bag of Marbles"},{"floor":14.0,"key":"Strawberry"},{"floor":24.0,"key":"Bronze Scales"},{"floor":26.0,"key":"Juzu Bracelet"},{"floor":28.0,"key":"Torii"},{"floor":28.0,"key":"Mercury Hourglass"},{"floor":29.0,"key":"Ancient Tea Set"},{"floor":37.0,"key":"Girya"},{"floor":41.0,"key":"Bag of Preparation"},{"floor":43.0,"key":"Old Coin"}],"event_choices":[{"damage_healed":0.0,"max_hp_gain":0.0,"max_hp_loss":0.0,"gold_gain":75.0,"event_name":"World of Goop","player_choice":"Gather Gold","floor":2.0,"gold_loss":0.0,"damage_taken":11.0},{"damage_healed":0.0,"max_hp_gain":0.0,"max_hp_loss":0.0,"gold_gain":0.0,"event_name":"Living Wall","player_choice":"Grow","floor":3.0,"gold_loss":0.0,"damage_taken":0.0,"cards_upgraded":["Neutralize"]},{"damage_healed":0.0,"max_hp_gain":0.0,"max_hp_loss":0.0,"gold_gain":0.0,"event_name":"Big Fish","player_choice":"Box","floor":4.0,"gold_loss":0.0,"damage_taken":0.0,"relics_obtained":["Tiny Chest"],"cards_obtained":["Regret"]},{"cards_removed":["Regret"],"damage_healed":0.0,"max_hp_gain":0.0,"max_hp_loss":0.0,"gold_gain":0.0,"event_name":"Golden Wing","player_choice":"Card Removal","floor":6.0,"gold_loss":0.0,"damage_taken":7.0},{"damage_healed":0.0,"max_hp_gain":0.0,"max_hp_loss":0.0,"gold_gain":0.0,"event_name":"Back to Basics","player_choice":"Simplicity","floor":19.0,"gold_loss":0.0,"damage_taken":0.0,"cards_upgraded":["Defend_G","Defend_G","Defend_G","Defend_G","Strike_G","Strike_G","Strike_G","Strike_G"]},{"damage_healed":0.0,"max_hp_gain":0.0,"max_hp_loss":0.0,"gold_gain":0.0,"event_name":"Match and Keep!","player_choice":"1 cards matched","floor":22.0,"gold_loss":0.0,"damage_taken":0.0,"cards_obtained":["Dagger Spray"]},{"damage_healed":0.0,"max_hp_gain":0.0,"max_hp_loss":0.0,"gold_gain":0.0,"event_name":"Colosseum","player_choice":"Fight","floor":28.0,"gold_loss":0.0,"damage_taken":0.0},{"damage_healed":0.0,"max_hp_gain":0.0,"max_hp_loss":0.0,"gold_gain":0.0,"event_name":"Colosseum","player_choice":"Fought Nobs","floor":28.0,"gold_loss":0.0,"damage_taken":0.0},{"damage_healed":0.0,"max_hp_gain":0.0,"max_hp_loss":0.0,"gold_gain":0.0,"event_name":"FaceTrader","player_choice":"Trade","floor":31.0,"gold_loss":0.0,"damage_taken":0.0,"relics_obtained":["CultistMask"]},{"damage_healed":0.0,"max_hp_gain":0.0,"max_hp_loss":0.0,"gold_gain":0.0,"event_name":"Mysterious Sphere","player_choice":"Fight","floor":37.0,"gold_loss":0.0,"damage_taken":0.0},{"damage_healed":0.0,"max_hp_gain":0.0,"max_hp_loss":0.0,"gold_gain":0.0,"event_name":"Wheel of Change","player_choice":"Damaged","floor":39.0,"gold_loss":0.0,"damage_taken":7.0},{"damage_healed":33.0,"max_hp_gain":0.0,"max_hp_loss":0.0,"gold_gain":0.0,"event_name":"MindBloom","player_choice":"Heal","floor":42.0,"gold_loss":0.0,"damage_taken":0.0,"cards_obtained":["Doubt"]},{"damage_healed":0,"gold_gain":0,"player_choice":"Embrace Madness","damage_taken":9,"max_hp_gain":0,"max_hp_loss":0,"event_name":"Winding Halls","floor":48,"gold_loss":0,"cards_obtained":["Madness","Madness"]}],"is_beta":false,"boss_relics":[{"not_picked":["HoveringKite","WristBlade"],"picked":"Busted Crown"},{"not_picked":["Velvet Choker","Eternal Feather"],"picked":"Ring of the Serpent"}],"items_purged_floors":[36,47],"is_endless":false,"potions_floor_spawned":[8,14,16,18,27,28,37,41,44],"ascension_level":11}