{"gold_per_floor":[116,129,204,204,216,249,249,249,249,249,267,300,300,65,65,65],"floor_reached":16,"playtime":698,"items_purged":[],"score":173,"play_id":"c4c3c738-edab-4538-83e6-03fe34947ce4","local_time":"20190124184530","is_ascension_mode":true,"campfire_choices":[{"data":"Seeing Red","floor":7,"key":"SMITH"},{"floor":15,"key":"REST"}],"neow_cost":"NONE","seed_source_timestamp":13041250321913296,"circlet_count":0,"master_deck":["AscendersBane","Strike_R","Strike_R","Strike_R","Strike_R","Strike_R","Defend_R","Defend_R","Defend_R","Bash","True Grit+1","Warcry","Flame Barrier","Seeing Red+1","Flame Barrier","Metallicize","Feel No Pain"],"relics":["Burning Blood","NeowsBlessing","Matryoshka","Oddly Smooth Stone","Darkstone Periapt","Boot","PrismaticShard"],"potions_floor_usage":[12],"damage_taken":[{"damage":0,"enemies":"2 Louse","floor":1,"turns":1},{"damage":0,"enemies":"Jaw Worm","floor":2,"turns":1},{"damage":0,"enemies":"Cultist","floor":5,"turns":1},{"damage":37,"enemies":"Gremlin Nob","floor":6,"turns":5},{"damage":6,"enemies":"Exordium Wildlife","floor":11,"turns":4},{"damage":36,"enemies":"Lagavulin","floor":12,"turns":11},{"damage":67,"enemies":"Slime Boss","floor":16,"turns":13}],"seed_played":"7729940432270622427","potions_obtained":[{"floor":5,"key":"Dexterity Potion"},{"floor":11,"key":"Swift Potion"}],"is_trial":false,"path_per_floor":["M","M","?","?","M","E","R","?","T","?","M","E","?","$","R","B"],"character_chosen":"IRONCLAD","items_purchased":["PrismaticShard","Feel No Pain"],"campfire_rested":1,"item_purchase_floors":[14,14],"current_hp_per_floor":[78,80,69,69,75,44,44,44,44,44,44,14,40,40,64,0],"gold":65,"neow_bonus":"THREE_ENEMY_KILL","is_prod":false,"is_daily":false,"chose_seed":false,"campfire_upgraded":1,"win_rate":0,"timestamp":1548351930,"path_taken":["M","M","?","?","?","E","R","?","T","?","M","E","?","$","R","BOSS"],"build_version":"2019-01-23","purchased_purges":0,"victory":false,"max_hp_per_floor":[80,80,80,80,80,80,80,80,80,80,80,80,80,80,80,80],"card_choices":[{"not_picked":["Perfected Strike","Whirlwind"],"picked":"True Grit","floor":1},{"not_picked":["Wild Strike","Clash"],"picked":"Warcry","floor":2},{"not_picked":["Heavy Blade","Perfected Strike"],"picked":"Flame Barrier","floor":5},{"not_picked":["Uppercut","Flex"],"picked":"Seeing Red","floor":6},{"not_picked":["Havoc","Ghostly Armor"],"picked":"Metallicize","floor":11},{"not_picked":["Cleave","Searing Blow","Fire Breathing"],"picked":"SKIP","floor":12}],"player_experience":309201,"relics_obtained":[{"floor":6,"key":"Matryoshka"},{"floor":9,"key":"Oddly Smooth Stone"},{"floor":9,"key":"Darkstone Periapt"},{"floor":12,"key":"Boot"}],"event_choices":[{"damage_healed":0,"gold_gain":75,"player_choice":"Gather Gold","damage_taken":11,"max_hp_gain":0,"max_hp_loss":0,"event_name":"World of Goop","floor":3,"gold_loss":0},{"damage_healed":0,"gold_gain":0,"player_choice":"Upgraded","damage_taken":0,"max_hp_gain":0,"max_hp_loss":0,"event_name":"Upgrade Shrine","floor":4,"gold_loss":0,"cards_upgraded":["True Grit"]},{"damage_healed":0,"gold_gain":0,"cards_transformed":["Defend_R"],"player_choice":"Change","damage_taken":0,"max_hp_gain":0,"max_hp_loss":0,"event_name":"Living Wall","floor":8,"gold_loss":0,"cards_obtained":["Flame Barrier"]},{"damage_healed":0,"gold_gain":0,"player_choice":"Ignored","damage_taken":0,"max_hp_gain":0,"max_hp_loss":0,"event_name":"Liars Game","floor":10,"gold_loss":0},{"damage_healed":26,"gold_gain":0,"player_choice":"Banana","damage_taken":0,"max_hp_gain":0,"max_hp_loss":0,"event_name":"Big Fish","floor":13,"gold_loss":0}],"is_beta":false,"boss_relics":[],"items_purged_floors":[],"is_endless":false,"potions_floor_spawned":[5,11],"killed_by":"Slime Boss","ascension_level":12}