{"gold_per_floor":[112,128,11,11,61,94,124,146,214,226,238,250,293,319,331,417,429,429,274,274,274,274,274,274,274,274,274,214,214,214,214,214,214,214,214,214,214,214,214,214,214,214,214,214,214,214,214,47,47,47,47,47,47,47,47,47],"floor_reached":57,"playtime":3826,"items_purged":[],"score":2998,"play_id":"0253528b-e0c8-490d-999b-3c3b5a109401","local_time":"20181103220033","is_ascension_mode":true,"campfire_choices":[{"data":"Inflame","floor":10.0,"key":"SMITH"},{"data":"Corruption","floor":12.0,"key":"SMITH"},{"data":"Bash","floor":15.0,"key":"SMITH"},{"data":"Fiend Fire","floor":27.0,"key":"SMITH"},{"data":"Pommel Strike","floor":29.0,"key":"SMITH"},{"floor":32.0,"key":"REST"},{"data":"Body Slam","floor":40.0,"key":"SMITH"},{"data":"Juggernaut","floor":44.0,"key":"SMITH"},{"floor":46.0,"key":"REST"},{"floor":49.0,"key":"RECALL"},{"data":"Anger","floor":53.0,"key":"PURGE"}],"neow_cost":"NONE","seed_source_timestamp":165500288602119,"circlet_count":0,"master_deck":["AscendersBane","Defend_R","Defend_R","Defend_R","Defend_R","Bash+1","Corruption+1","Shrug It Off","Inflame+1","Pummel+1","Ghostly Armor+1","Power Through","Feel No Pain","Offering","Fiend Fire+1","Pommel Strike+1","Feel No Pain","Shrug It Off+1","Bite","Bite","Bite","Bite","Bite+1","Feel No Pain","Iron Wave+1","Pommel Strike+1","Juggernaut+1","Metallicize","Warcry+1","Body Slam+1","Feel No Pain+1"],"special_seed":0,"relics":["Burning Blood","NeowsBlessing","Happy Flower","MawBank","Tiny Chest","Gambling Chip","Ectoplasm","Peace Pipe","Red Mask","Question Card","War Paint","Incense Burner","Kunai","Nilry\u0027s Codex","Boot","Orrery","Dead Branch","Whetstone","Bronze Scales","Toxic Egg 2"],"potions_floor_usage":[],"damage_taken":[{"damage":0.0,"enemies":"Jaw Worm","floor":1.0,"turns":1.0},{"damage":0.0,"enemies":"Cultist","floor":2.0,"turns":1.0},{"damage":0.0,"enemies":"Gremlin Nob","floor":6.0,"turns":1.0},{"damage":1.0,"enemies":"2 Louse","floor":7.0,"turns":3.0},{"damage":6.0,"enemies":"Looter","floor":8.0,"turns":4.0},{"damage":12.0,"enemies":"3 Sentries","floor":13.0,"turns":7.0},{"damage":0.0,"enemies":"Exordium Wildlife","floor":14.0,"turns":4.0},{"damage":72.0,"enemies":"Slime Boss","floor":16.0,"turns":14.0},{"damage":10.0,"enemies":"3 Byrds","floor":18.0,"turns":7.0},{"damage":32.0,"enemies":"Masked Bandits","floor":22.0,"turns":5.0},{"damage":42.0,"enemies":"Slavers","floor":23.0,"turns":9.0},{"damage":23.0,"enemies":"Book of Stabbing","floor":25.0,"turns":7.0},{"damage":0.0,"enemies":"2 Thieves","floor":28.0,"turns":5.0},{"damage":36.0,"enemies":"Gremlin Leader","floor":31.0,"turns":7.0},{"damage":6.0,"enemies":"Champ","floor":33.0,"turns":9.0},{"damage":7.0,"enemies":"3 Shapes","floor":35.0,"turns":8.0},{"damage":11.0,"enemies":"3 Darklings","floor":37.0,"turns":7.0},{"damage":22.0,"enemies":"Sphere and 2 Shapes","floor":39.0,"turns":6.0},{"damage":22.0,"enemies":"4 Shapes","floor":41.0,"turns":6.0},{"damage":52.0,"enemies":"2 Orb Walkers","floor":42.0,"turns":4.0},{"damage":0.0,"enemies":"3 Darklings","floor":45.0,"turns":5.0},{"damage":6.0,"enemies":"Nemesis","floor":47.0,"turns":5.0},{"damage":65.0,"enemies":"Awakened One","floor":50.0,"turns":10.0},{"damage":10.0,"enemies":"Donu and Deca","floor":51.0,"turns":7.0},{"damage":15,"enemies":"Shield and Spear","floor":55,"turns":6},{"damage":88,"enemies":"The Heart","floor":56,"turns":7}],"seed_played":"8685477976771927489","potions_obtained":[{"floor":1.0,"key":"AttackPotion"},{"floor":7.0,"key":"Block Potion"},{"floor":13.0,"key":"Regen Potion"},{"floor":22.0,"key":"Strength Potion"},{"floor":25.0,"key":"GamblersBrew"},{"floor":28.0,"key":"FearPotion"},{"floor":31.0,"key":"Fire Potion"},{"floor":33.0,"key":"Fruit Juice"},{"floor":39.0,"key":"Poison Potion"},{"floor":42.0,"key":"SpeedPotion"},{"floor":47.0,"key":"PowerPotion"}],"is_trial":false,"path_per_floor":["M","M","$","?","?","E","M","M","T","R","T","R","E","M","R","B",null,"M","$","T","?","?","E","T","E","T","R","M","R","?","E","R","B",null,"M","$","M","?","M","R","M","?","T","R","M","R","E","$","R","B","B",null,"R","$","E","B",null],"character_chosen":"IRONCLAD","items_purchased":["Inflame","Pummel","Feel No Pain","Strength Potion","Shrug It Off","Bronze Scales"],"campfire_rested":2,"item_purchase_floors":[3,3,19,19,19,48],"current_hp_per_floor":[74,75,75,70,63,69,74,74,74,74,74,74,68,75,75,9,59,72,72,72,72,58,40,40,37,37,37,51,51,30,18,40,65,76,80,80,80,90,86,86,78,40,40,40,54,81,90,90,90,46,58,82,82,82,85,17],"gold":47,"neow_bonus":"THREE_ENEMY_KILL","is_prod":false,"is_daily":false,"chose_seed":false,"campfire_upgraded":7,"win_rate":0,"timestamp":1541296833,"path_taken":["M","M","$","?","?","E","?","M","T","R","?","R","E","M","R","BOSS","M","$","?","?","?","E","?","E","T","R","?","R","?","E","R","BOSS","M","$","M","?","?","R","M","?","T","R","M","R","E","$","R","BOSS","BOSS","R","$","E","BOSS"],"build_version":"2018-11-02","purchased_purges":0,"victory":true,"max_hp_per_floor":[75,75,75,75,75,75,75,75,75,75,75,75,75,75,75,75,75,75,75,75,75,75,75,75,75,75,75,75,75,75,75,75,80,80,80,80,80,90,90,90,90,90,90,90,90,90,90,90,90,90,90,90,90,90,90,90],"card_choices":[{"not_picked":["Clash","Anger"],"picked":"Corruption","floor":1.0},{"not_picked":["Intimidate","Pommel Strike"],"picked":"Shrug It Off","floor":2.0},{"not_picked":["Reckless Charge","Headbutt"],"picked":"Ghostly Armor","floor":6.0},{"not_picked":["Rage","Wild Strike"],"picked":"Power Through","floor":7.0},{"not_picked":["Thunderclap","Heavy Blade","Ghostly Armor"],"picked":"SKIP","floor":8.0},{"not_picked":["Heavy Blade","Whirlwind"],"picked":"Feel No Pain","floor":13.0},{"not_picked":["Warcry","Power Through"],"picked":"Offering","floor":14.0},{"not_picked":["Offering","Barricade"],"picked":"Fiend Fire","floor":16.0},{"not_picked":["Sword Boomerang","Wild Strike"],"picked":"Pommel Strike","floor":18.0},{"not_picked":["Carnage+1","Anger"],"picked":"Feel No Pain","floor":22.0},{"not_picked":["Clash","Rampage","Headbutt"],"picked":"SKIP","floor":23.0},{"not_picked":["Blood for Blood","Havoc","Seeing Red"],"picked":"Iron Wave+1","floor":25.0},{"not_picked":["Clash","Iron Wave","Combust","Bloodletting"],"picked":"SKIP","floor":28.0},{"not_picked":["Dropkick","Rampage","Carnage"],"picked":"Pommel Strike+1","floor":31.0},{"not_picked":["Offering","Limit Break","Berserk"],"picked":"Juggernaut","floor":33.0},{"not_picked":["Warcry","Headbutt","Flex+1"],"picked":"Metallicize","floor":34.0},{"not_picked":["Pommel Strike","Havoc","Clash"],"picked":"Warcry+1","floor":34.0},{"not_picked":["Rupture","Body Slam","Iron Wave","Searing Blow"],"picked":"SKIP","floor":35.0},{"not_picked":["Rupture","Iron Wave","Searing Blow"],"picked":"Body Slam","floor":35.0},{"not_picked":["Shrug It Off+1","Sword Boomerang","Intimidate"],"picked":"Exhume","floor":37.0},{"not_picked":["Sword Boomerang","Sever Soul","Body Slam"],"picked":"Anger","floor":39.0},{"not_picked":["Sword Boomerang+1","Corruption","Hemokinesis+1","Wild Strike"],"picked":"SKIP","floor":41.0},{"not_picked":["Sever Soul","Impervious","Sword Boomerang"],"picked":"Feel No Pain+1","floor":42.0},{"not_picked":["Corruption","Warcry","Flex","Blood for Blood"],"picked":"SKIP","floor":45.0},{"not_picked":["Dual Wield","Rage","Armaments","Cleave+1"],"picked":"SKIP","floor":47.0},{"not_picked":["Wild Strike","Combust","Body Slam","Feel No Pain"],"picked":"SKIP","floor":55}],"player_experience":1148064,"relics_obtained":[{"floor":6.0,"key":"MawBank"},{"floor":9.0,"key":"Tiny Chest"},{"floor":11.0,"key":"Gambling Chip"},{"floor":13.0,"key":"Blood Vial"},{"floor":20.0,"key":"Peace Pipe"},{"floor":22.0,"key":"Red Mask"},{"floor":23.0,"key":"Question Card"},{"floor":24.0,"key":"War Paint"},{"floor":25.0,"key":"Incense Burner"},{"floor":26.0,"key":"Kunai"},{"floor":30.0,"key":"Nilry\u0027s Codex"},{"floor":31.0,"key":"Boot"},{"floor":42.0,"key":"Dead Branch"},{"floor":47.0,"key":"Whetstone"},{"floor":55,"key":"Toxic Egg 2"}],"event_choices":[{"damage_healed":0.0,"max_hp_gain":0.0,"max_hp_loss":0.0,"gold_gain":0.0,"event_name":"Scrap Ooze","player_choice":"Success","floor":4.0,"gold_loss":0.0,"damage_taken":5.0,"relics_obtained":["Happy Flower"]},{"damage_healed":0.0,"max_hp_gain":0.0,"max_hp_loss":0.0,"gold_gain":50.0,"event_name":"FaceTrader","player_choice":"Touch","floor":5.0,"gold_loss":0.0,"damage_taken":7.0},{"damage_healed":0.0,"max_hp_gain":0.0,"max_hp_loss":0.0,"gold_gain":0.0,"event_name":"Vampires","player_choice":"Became a vampire (Vial)","floor":21.0,"relics_lost":["Blood Vial"],"gold_loss":0.0,"damage_taken":0.0,"cards_obtained":["Bite","Bite","Bite","Bite","Bite"]},{"damage_healed":0.0,"max_hp_gain":0.0,"max_hp_loss":0.0,"gold_gain":0.0,"event_name":"Masked Bandits","player_choice":"Fought Bandits","floor":22.0,"gold_loss":0.0,"damage_taken":0.0},{"damage_healed":0.0,"max_hp_gain":0.0,"max_hp_loss":0.0,"gold_gain":0.0,"event_name":"Cursed Tome","player_choice":"Obtained Book","floor":30.0,"gold_loss":0.0,"damage_taken":21.0},{"cards_removed":["Exhume"],"damage_healed":0.0,"max_hp_gain":10.0,"max_hp_loss":0.0,"gold_gain":0.0,"event_name":"Bonfire Elementals","player_choice":"Offered Rare","floor":38.0,"gold_loss":0.0,"damage_taken":0.0},{"damage_healed":0.0,"max_hp_gain":0.0,"max_hp_loss":0.0,"gold_gain":0.0,"event_name":"Mysterious Sphere","player_choice":"Fight","floor":42.0,"gold_loss":0.0,"damage_taken":0.0}],"is_beta":true,"boss_relics":[{"not_picked":["Calling Bell","Black Blood"],"picked":"Ectoplasm"},{"not_picked":["White Beast Statue","Runic Cube"],"picked":"Orrery"}],"items_purged_floors":[],"is_endless":false,"potions_floor_spawned":[1,7,8,13,22,25,28,31,33,39,41,42,47],"ascension_level":20}