{"gold_per_floor":[114,114,64,64,84,127,127,141,195,195,214,214,255,255,255,386,386,409,434,453,220,241,241,241,241,241,241,255,255,290,314,314,314],"floor_reached":33,"playtime":942,"items_purged":[],"score":505,"play_id":"2b083336-4df4-4d08-a636-fbd09a85dfb6","local_time":"20190118191814","is_ascension_mode":true,"campfire_choices":[{"data":"Mind Blast","floor":7.0,"key":"SMITH"},{"data":"Chaos","floor":10.0,"key":"SMITH"},{"data":"Beam Cell","floor":15.0,"key":"SMITH"},{"floor":23.0,"key":"REST"},{"data":"Creative AI","floor":25.0,"key":"SMITH"},{"data":"FTL","floor":27.0,"key":"SMITH"},{"data":"Defragment","floor":32.0,"key":"SMITH"}],"neow_cost":"NONE","seed_source_timestamp":0,"circlet_count":0,"master_deck":["AscendersBane","Defend_B","Defend_B","Defend_B","Defend_B","Zap+1","Dualcast","Cold Snap","Mind Blast+1","Reboot","Chaos+1","Ball Lightning","Ball Lightning","Coolheaded","Capacitor","Beam Cell+1","Creative AI+1","FTL+1","Reinforced Body","Redo","Trip","Leap","Bite","Bite","Bite","Bite","Bite","Hello World","Ball Lightning","Defragment+1"],"special_seed":0,"relics":["Cracked Core","NeowsBlessing","Golden Idol","Centennial Puzzle","Smiling Mask","Cables","Nuclear Battery","Anchor","PreservedInsect","Dead Branch"],"potions_floor_usage":[],"damage_taken":[{"damage":0.0,"enemies":"Small Slimes","floor":1.0,"turns":1.0},{"damage":0.0,"enemies":"Cultist","floor":5.0,"turns":1.0},{"damage":0.0,"enemies":"3 Sentries","floor":6.0,"turns":1.0},{"damage":10.0,"enemies":"2 Louse","floor":8.0,"turns":2.0},{"damage":5.0,"enemies":"2 Fungi Beasts","floor":11.0,"turns":2.0},{"damage":21.0,"enemies":"Lagavulin","floor":13.0,"turns":4.0},{"damage":5.0,"enemies":"Hexaghost","floor":16.0,"turns":9.0},{"damage":5.0,"enemies":"3 Byrds","floor":18.0,"turns":4.0},{"damage":7.0,"enemies":"Chosen","floor":19.0,"turns":3.0},{"damage":33.0,"enemies":"3 Cultists","floor":20.0,"turns":6.0},{"damage":1.0,"enemies":"Snecko","floor":22.0,"turns":3.0},{"damage":0.0,"enemies":"Centurion and Healer","floor":28.0,"turns":4.0},{"damage":4.0,"enemies":"Gremlin Leader","floor":30.0,"turns":4.0},{"damage":2.0,"enemies":"Cultist and Chosen","floor":31.0,"turns":4.0},{"damage":0,"enemies":"Champ","floor":33,"turns":1}],"seed_played":"-7049428292324111692","potions_obtained":[{"floor":1.0,"key":"SteroidPotion"},{"floor":13.0,"key":"Ancient Potion"},{"floor":22.0,"key":"SteroidPotion"},{"floor":30.0,"key":"Explosive Potion"},{"floor":31.0,"key":"PowerPotion"}],"is_trial":false,"path_per_floor":["M","?","$","?","M","E","R","M","T","R","M","?","E","?","R","B",null,"M","M","M","$","M","R","?","R","T","R","M","?","E","M","R","B"],"character_chosen":"DEFECT","items_purchased":["Strength Potion","Anchor","Trip"],"campfire_rested":1,"item_purchase_floors":[3,21,21],"current_hp_per_floor":[68,68,68,68,68,68,68,58,58,58,53,53,32,32,32,27,59,54,47,14,14,13,33,33,33,33,33,41,41,43,47,47,47],"gold":314,"neow_bonus":"THREE_ENEMY_KILL","is_prod":false,"is_daily":false,"chose_seed":false,"campfire_upgraded":6,"win_rate":0,"timestamp":1547835494,"path_taken":["M","?","?","?","M","E","R","M","T","R","M","?","E","?","R","BOSS","M","?","M","$","M","R","?","R","T","R","M","?","E","M","R","BOSS"],"build_version":"2019-01-17v2","purchased_purges":0,"victory":false,"max_hp_per_floor":[75,75,75,69,69,69,69,69,69,69,69,69,69,69,69,69,69,69,69,69,69,69,69,48,48,48,48,48,48,48,48,48,48],"card_choices":[{"not_picked":["Undo","Redo"],"picked":"Cold Snap","floor":1.0},{"not_picked":["Compile Driver","Conserve Battery"],"picked":"Chaos","floor":5.0},{"not_picked":["Steam Power","BootSequence"],"picked":"Ball Lightning","floor":6.0},{"not_picked":["Turbo","All For One"],"picked":"Ball Lightning","floor":8.0},{"not_picked":["Turbo","Reprogram"],"picked":"Coolheaded","floor":11.0},{"not_picked":["Loop","Reprogram"],"picked":"Capacitor","floor":13.0},{"not_picked":["Buffer","Reboot"],"picked":"Creative AI","floor":16.0},{"not_picked":["Coolheaded+1","Gash"],"picked":"FTL","floor":18.0},{"not_picked":["Double Energy","Coolheaded"],"picked":"Reinforced Body","floor":19.0},{"not_picked":["Gash","Streamline+1"],"picked":"Redo","floor":20.0},{"not_picked":["Loop","Darkness+1"],"picked":"Leap","floor":22.0},{"not_picked":["Gash+1","Barrage"],"picked":"Hello World","floor":28.0},{"not_picked":["Compile Driver+1","Leap"],"picked":"Ball Lightning","floor":30.0},{"not_picked":["Reprogram","Glacier"],"picked":"Defragment","floor":31.0}],"player_experience":1975634,"relics_obtained":[{"floor":6.0,"key":"Centennial Puzzle"},{"floor":9.0,"key":"Smiling Mask"},{"floor":13.0,"key":"Cables"},{"floor":26.0,"key":"PreservedInsect"},{"floor":30.0,"key":"Dead Branch"}],"event_choices":[{"damage_healed":0.0,"max_hp_gain":0.0,"max_hp_loss":0.0,"gold_gain":0.0,"event_name":"Match and Keep!","player_choice":"2 cards matched","floor":2.0,"gold_loss":0.0,"damage_taken":0.0,"cards_obtained":["Mind Blast","Reboot"]},{"damage_healed":0.0,"max_hp_gain":0.0,"max_hp_loss":6.0,"gold_gain":0.0,"event_name":"Golden Idol","player_choice":"Lose Max HP","floor":4.0,"gold_loss":0.0,"damage_taken":0.0,"relics_obtained":["Golden Idol"]},{"damage_healed":0.0,"max_hp_gain":0.0,"max_hp_loss":0.0,"gold_gain":0.0,"event_name":"Living Wall","player_choice":"Grow","floor":12.0,"gold_loss":0.0,"damage_taken":0.0,"cards_upgraded":["Zap"]},{"damage_healed":0.0,"max_hp_gain":0.0,"max_hp_loss":0.0,"gold_gain":0.0,"cards_transformed":["Strike_B"],"event_name":"Transmorgrifier","player_choice":"Transformed","floor":14.0,"gold_loss":0.0,"damage_taken":0.0,"cards_obtained":["Beam Cell"]},{"damage_healed":0.0,"max_hp_gain":0.0,"max_hp_loss":21.0,"gold_gain":0.0,"event_name":"Vampires","player_choice":"Became a vampire","floor":24.0,"gold_loss":0.0,"damage_taken":0.0,"cards_obtained":["Bite","Bite","Bite","Bite","Bite"]},{"damage_healed":0.0,"max_hp_gain":0.0,"max_hp_loss":0.0,"gold_gain":0.0,"event_name":"Beggar","player_choice":"Ignored","floor":29.0,"gold_loss":0.0,"damage_taken":0.0}],"is_beta":false,"boss_relics":[{"not_picked":["Ectoplasm","Cursed Key"],"picked":"Nuclear Battery"}],"items_purged_floors":[],"is_endless":false,"potions_floor_spawned":[1,8,13,22,30,31],"killed_by":"Champ","ascension_level":12}