{"gold_per_floor":[114,79,93,55,55,89,89,115,115,135,164,164,164,164,164,292,292,305,265,284,284,248,262,262,303,382,420,345,358,377,396,396,396],"floor_reached":33,"playtime":939,"items_purged":[],"score":547,"play_id":"aad6c5a0-b4ba-427f-9365-b0660b52906f","local_time":"20181221092624","is_ascension_mode":true,"campfire_choices":[{"data":"Corpse Explosion","floor":7,"key":"SMITH"},{"floor":15,"key":"REST"},{"data":"Envenom","floor":24,"key":"SMITH"},{"floor":32,"key":"REST"}],"neow_cost":"NONE","seed_source_timestamp":626455483869316,"circlet_count":0,"master_deck":["AscendersBane","Defend_G","Defend_G","Defend_G","Defend_G","Defend_G","Strike_G","Strike_G+1","Strike_G","Strike_G","Survivor","Neutralize+1","Deadly Poison","Caltrops","Backstab","Corpse Explosion+1","PiercingWail","Bouncing Flask+1","Envenom+1","Bane+1","Footwork","Dodge and Roll+1","Noxious Fumes","Flechettes+1","Dash+1","Dodge and Roll+1","Terror+1","Catalyst"],"relics":["Ring of the Serpent","NeowsBlessing","Paper Crane","Pear","Anchor","Snake Skull","Golden Idol","Happy Flower","Shuriken","Gambling Chip"],"potions_floor_usage":[8,8,25,27,33],"damage_taken":[{"damage":0,"enemies":"Cultist","floor":1,"turns":1},{"damage":0,"enemies":"2 Louse","floor":3,"turns":1},{"damage":0,"enemies":"Lagavulin","floor":6,"turns":1},{"damage":16,"enemies":"3 Sentries","floor":8,"turns":5},{"damage":0,"enemies":"Small Slimes","floor":10,"turns":2},{"damage":24,"enemies":"Lagavulin","floor":11,"turns":7},{"damage":16,"enemies":"The Guardian","floor":16,"turns":8},{"damage":1,"enemies":"Shell Parasite","floor":18,"turns":4},{"damage":0,"enemies":"3 Byrds","floor":20,"turns":2},{"damage":2,"enemies":"Cultist and Chosen","floor":23,"turns":5},{"damage":0,"enemies":"Gremlin Leader","floor":25,"turns":6},{"damage":1,"enemies":"Book of Stabbing","floor":27,"turns":5},{"damage":36,"enemies":"Shelled Parasite and Fungi","floor":29,"turns":5},{"damage":0,"enemies":"3 Cultists","floor":30,"turns":2},{"damage":1,"enemies":"Snake Plant","floor":31,"turns":4},{"damage":83,"enemies":"Automaton","floor":33,"turns":6}],"seed_played":"-2636429534604869605","potions_obtained":[{"floor":1,"key":"SkillPotion"},{"floor":5,"key":"Energy Potion"},{"floor":16,"key":"LiquidBronze"},{"floor":20,"key":"PowerPotion"},{"floor":25,"key":"SkillPotion"}],"is_trial":false,"path_per_floor":["M","?","M","$","?","E","R","E","T","M","E","?","?","?","R","B",null,"M","$","M","?","$","M","R","E","T","E","?","M","M","M","R","B"],"character_chosen":"THE_SILENT","items_purchased":["Backstab","Footwork","Noxious Fumes"],"campfire_rested":2,"item_purchase_floors":[4,19,22],"current_hp_per_floor":[63,70,70,70,70,70,70,64,64,64,40,24,24,24,46,30,63,62,62,62,62,62,60,60,60,60,59,59,23,23,22,44,0],"gold":396,"neow_bonus":"THREE_ENEMY_KILL","is_prod":false,"is_daily":false,"chose_seed":false,"campfire_upgraded":2,"win_rate":0,"timestamp":1545380784,"path_taken":["M","?","M","$","?","E","R","E","T","?","E","?","?","?","R","BOSS","M","$","?","?","?","M","R","E","T","E","?","M","?","M","R","BOSS"],"build_version":"2018-12-20","purchased_purges":0,"victory":false,"max_hp_per_floor":[70,70,70,70,70,70,70,80,80,80,80,80,74,74,74,74,74,74,74,74,74,74,74,74,74,74,74,74,74,74,74,74,74],"card_choices":[{"not_picked":["Cloak And Dagger","Bane"],"picked":"Deadly Poison","floor":1},{"not_picked":["Blade Dance","Expertise"],"picked":"Caltrops","floor":3},{"not_picked":["Quick Slash","Sucker Punch"],"picked":"Corpse Explosion","floor":6},{"not_picked":["Heel Hook","Doppelganger"],"picked":"PiercingWail","floor":8},{"not_picked":["Expertise","Acrobatics","Tactician"],"picked":"SKIP","floor":10},{"not_picked":["Dash","Catalyst"],"picked":"Bouncing Flask","floor":11},{"not_picked":["After Image","Venomology"],"picked":"Envenom","floor":16},{"not_picked":["Acrobatics","Flying Knee"],"picked":"Bane+1","floor":18},{"not_picked":["Blade Dance","Dagger Spray"],"picked":"Dodge and Roll+1","floor":20},{"not_picked":["PiercingWail","Deflect"],"picked":"Flechettes+1","floor":23},{"not_picked":["Bane","Flying Knee"],"picked":"Dash+1","floor":25},{"not_picked":["Well Laid Plans","Choke"],"picked":"Dodge and Roll+1","floor":27},{"not_picked":["Dash","Storm of Steel","Sucker Punch"],"picked":"SKIP","floor":29},{"not_picked":["Skewer","Slice"],"picked":"Terror+1","floor":30},{"not_picked":["Riddle With Holes","Blade Dance"],"picked":"Catalyst","floor":31}],"player_experience":1904591,"relics_obtained":[{"floor":6,"key":"Paper Crane"},{"floor":8,"key":"Pear"},{"floor":9,"key":"Anchor"},{"floor":11,"key":"Snake Skull"},{"floor":25,"key":"Happy Flower"},{"floor":26,"key":"Shuriken"},{"floor":27,"key":"Gambling Chip"}],"event_choices":[{"damage_healed":17,"gold_gain":0,"player_choice":"Healed","damage_taken":0,"max_hp_gain":0,"max_hp_loss":0,"event_name":"The Cleric","floor":2,"gold_loss":35},{"damage_healed":0,"gold_gain":0,"player_choice":"Got Potions","damage_taken":0,"max_hp_gain":0,"max_hp_loss":0,"event_name":"Lab","floor":5,"gold_loss":0},{"damage_healed":0,"gold_gain":0,"player_choice":"Entered Light","damage_taken":16,"max_hp_gain":0,"max_hp_loss":0,"event_name":"Shining Light","floor":12,"gold_loss":0,"cards_upgraded":["Neutralize","Strike_G"]},{"damage_healed":0,"gold_gain":0,"player_choice":"Lose Max HP","damage_taken":0,"relics_obtained":["Golden Idol"],"max_hp_gain":0,"max_hp_loss":6,"event_name":"Golden Idol","floor":13,"gold_loss":0},{"damage_healed":0,"gold_gain":0,"player_choice":"Upgraded","damage_taken":0,"max_hp_gain":0,"max_hp_loss":0,"event_name":"Upgrade Shrine","floor":14,"gold_loss":0,"cards_upgraded":["Bouncing Flask"]},{"damage_healed":0,"gold_gain":0,"player_choice":"Ignored","damage_taken":0,"max_hp_gain":0,"max_hp_loss":0,"event_name":"Vampires","floor":21,"gold_loss":0},{"cards_removed":["Strike_G"],"damage_healed":0,"gold_gain":0,"player_choice":"Gave Gold","damage_taken":0,"max_hp_gain":0,"max_hp_loss":0,"event_name":"Beggar","floor":28,"gold_loss":75}],"is_beta":false,"boss_relics":[{"not_picked":["Runic Pyramid","Tiny House"],"picked":"Ring of the Serpent"}],"items_purged_floors":[],"is_endless":false,"potions_floor_spawned":[1,6,16,20,25],"killed_by":"Automaton","ascension_level":11}