{"gold_per_floor":[117,77,88,108,13,13,48,93,93,127,137,163,179,189,189,292,322,337,351,351,364,444,444,444,331,331,331,346,364,364],"floor_reached":30,"playtime":1619,"items_purged":[],"score":353,"play_id":"5e310646-2fee-4f92-8f80-5060866e268f","local_time":"20180706215147","is_ascension_mode":true,"campfire_choices":[{"data":"Defragment","floor":6.0,"key":"SMITH"},{"floor":15.0,"key":"REST"},{"floor":23.0,"key":"REST"},{"floor":27.0,"key":"REST"}],"neow_cost":"TEN_PERCENT_HP_LOSS","seed_source_timestamp":0,"circlet_count":0,"master_deck":["Strike_B+1","Strike_B+1","Defend_B+1","Defend_B+1","Defend_B+1","Defend_B+1","Zap","Dualcast","Streamline+1","FTL","Ball Lightning","Sweeping Beam","Defragment+1","Steam","Sunder","Turbo","Static Discharge","Gash","Ball Lightning","Buffer","Gash","Defragment","Fusion","Gash","Defragment+1","Auto Shields","Capacitor","Gash","Ball Lightning"],"special_seed":0,"relics":["Cracked Core","Ancient Tea Set","Lantern","Shuriken","Centennial Puzzle","Question Card","Tiny House","Mercury Hourglass","Toxic Egg 2"],"potions_floor_usage":[29,29,30],"damage_taken":[{"damage":0.0,"enemies":"2 Louse","floor":1.0,"turns":3.0},{"damage":6.0,"enemies":"Cultist","floor":3.0,"turns":3.0},{"damage":4.0,"enemies":"Jaw Worm","floor":4.0,"turns":3.0},{"damage":4.0,"enemies":"Gremlin Nob","floor":7.0,"turns":3.0},{"damage":35.0,"enemies":"Lagavulin","floor":10.0,"turns":5.0},{"damage":10.0,"enemies":"Exordium Wildlife","floor":11.0,"turns":3.0},{"damage":9.0,"enemies":"3 Sentries","floor":12.0,"turns":3.0},{"damage":0.0,"enemies":"Gremlin Gang","floor":13.0,"turns":4.0},{"damage":0.0,"enemies":"Looter","floor":14.0,"turns":2.0},{"damage":1.0,"enemies":"Slime Boss","floor":16.0,"turns":6.0},{"damage":19.0,"enemies":"2 Thieves","floor":18.0,"turns":3.0},{"damage":17.0,"enemies":"Shell Parasite","floor":19.0,"turns":3.0},{"damage":23.0,"enemies":"Centurion and Healer","floor":21.0,"turns":3.0},{"damage":7.0,"enemies":"Cultist and Chosen","floor":28.0,"turns":5.0},{"damage":7,"enemies":"Snake Plant","floor":29,"turns":4},{"damage":40,"enemies":"Slavers","floor":30,"turns":4}],"seed_played":"-3284106875305572585","potions_obtained":[{"floor":2.0,"key":"FocusPotion"},{"floor":2.0,"key":"Regen Potion"},{"floor":2.0,"key":"EssenceOfSteel"},{"floor":7.0,"key":"GamblersBrew"},{"floor":10.0,"key":"Explosive Potion"},{"floor":12.0,"key":"Weak Potion"},{"floor":16.0,"key":"GamblersBrew"},{"floor":17.0,"key":"Weak Potion"},{"floor":18.0,"key":"Explosive Potion"},{"floor":21.0,"key":"Weak Potion"},{"floor":29,"key":"SteroidPotion"}],"is_trial":false,"path_per_floor":["M","?","M","M","$","R","E","T","T","E","M","E","M","M","R","B",null,"M","M","?","M","T","R","?","$","T","R","M","M"],"character_chosen":"DEFECT","items_purchased":["Sweeping Beam","Defragment","Auto Shields","Capacitor"],"campfire_rested":3,"item_purchase_floors":[5,5,25,25],"current_hp_per_floor":[68,68,62,58,58,58,63,63,63,28,18,9,9,9,29,28,63,44,27,27,4,4,25,25,25,25,46,39,32,0],"gold":364,"neow_bonus":"REMOVE_TWO","is_prod":false,"is_daily":false,"chose_seed":false,"campfire_upgraded":1,"win_rate":0,"timestamp":1530906707,"path_taken":["M","?","M","M","?","R","E","?","T","E","M","E","M","?","R","BOSS","M","?","?","?","?","R","?","?","T","R","M","M","E"],"build_version":"2018-07-05","purchased_purges":0,"victory":false,"max_hp_per_floor":[68,68,68,68,68,68,68,68,68,68,68,68,68,68,68,68,73,73,73,73,73,73,73,73,73,73,73,73,73,73],"card_choices":[{"not_picked":["Chill","Conserve Battery"],"picked":"Streamline","floor":1.0},{"not_picked":["Conserve Battery","Fusion"],"picked":"FTL","floor":3.0},{"not_picked":["Rip and Tear","FTL"],"picked":"Ball Lightning","floor":4.0},{"not_picked":["Biased Cognition","Compile Driver"],"picked":"Steam","floor":7.0},{"not_picked":["Hyperbeam","Heatsinks"],"picked":"Sunder","floor":10.0},{"not_picked":["Redo","Heatsinks"],"picked":"Turbo","floor":11.0},{"not_picked":["Rebound","Reprogram"],"picked":"Static Discharge","floor":12.0},{"not_picked":["FTL","Compile Driver","Conserve Battery"],"picked":"Gash","floor":13.0},{"not_picked":["All For One","Hologram","Capacitor"],"picked":"Ball Lightning","floor":14.0},{"not_picked":["Seek","All For One","Creative AI"],"picked":"Buffer","floor":16.0},{"not_picked":["Streamline","Aggregate","Barrage"],"picked":"Gash","floor":17.0},{"not_picked":["Barrage","Redo+1","Cold Snap"],"picked":"Defragment","floor":18.0},{"not_picked":["Aggregate","Sunder","Turbo"],"picked":"Fusion","floor":19.0},{"not_picked":["Rebound+1","Hologram","Conserve Battery+1"],"picked":"Gash","floor":21.0},{"not_picked":["Leap+1","Ball Lightning+1","Steam+1"],"picked":"Gash","floor":28},{"not_picked":["Streamline","Genetic Algorithm+1","Creative AI"],"picked":"Ball Lightning","floor":29}],"player_experience":818463,"relics_obtained":[{"floor":7.0,"key":"Ancient Tea Set"},{"floor":8.0,"key":"Lantern"},{"floor":9.0,"key":"Shuriken"},{"floor":10.0,"key":"Centennial Puzzle"},{"floor":12.0,"key":"Question Card"},{"floor":22.0,"key":"Mercury Hourglass"},{"floor":26.0,"key":"Toxic Egg 2"}],"event_choices":[{"event_name":"The Woman in Blue","player_choice":"Bought 3 Potions","floor":2.0,"damage_taken":0.0},{"event_name":"Back to Basics","player_choice":"Simplicity","floor":20.0,"damage_taken":0.0},{"event_name":"Duplicator","player_choice":"One dupe","floor":24.0,"damage_taken":0.0}],"boss_relics":[{"not_picked":["Empty Cage","Cursed Key"],"picked":"Tiny House"}],"items_purged_floors":[],"is_endless":false,"potions_floor_spawned":[4,7,10,12,16,18,21,29],"killed_by":"Slavers","ascension_level":6}