{"gold_per_floor":[118,118,135,135,145,174,162,162,185,260,29,29],"floor_reached":12,"playtime":306,"items_purged":[],"score":125,"play_id":"a6aa50ae-fb19-41e0-93e1-f96ad67b2f9e","local_time":"20190202143105","is_ascension_mode":true,"campfire_choices":[{"floor":8,"key":"REST"}],"neow_cost":"NONE","seed_source_timestamp":610299704083575,"circlet_count":0,"master_deck":["AscendersBane","Defend_G","Defend_G","Defend_G","Defend_G","Defend_G","Strike_G","Strike_G","Strike_G","Strike_G","Strike_G","Survivor","Neutralize","Cloak And Dagger","Blade Dance","Predator","Heel Hook","Dodge and Roll","Slice","Accuracy"],"relics":["Ring of the Snake","NeowsBlessing","Anchor","MawBank","Potion Belt","Medical Kit"],"potions_floor_usage":[6,10,10],"damage_taken":[{"damage":0,"enemies":"2 Louse","floor":1,"turns":1},{"damage":0,"enemies":"Cultist","floor":3,"turns":1},{"damage":0,"enemies":"Jaw Worm","floor":5,"turns":1},{"damage":25,"enemies":"3 Sentries","floor":6,"turns":9},{"damage":7,"enemies":"Exordium Thugs","floor":7,"turns":4},{"damage":12,"enemies":"3 Sentries","floor":10,"turns":8},{"damage":0,"enemies":"Gremlin Gang","floor":12,"turns":1}],"seed_played":"-2317874609449866581","potions_obtained":[{"floor":5,"key":"SteroidPotion"},{"floor":6,"key":"LiquidBronze"},{"floor":7,"key":"EssenceOfSteel"},{"floor":10,"key":"Dexterity Potion"}],"is_trial":false,"path_per_floor":["M","?","M","?","M","E","M","R","T","?","$","M"],"character_chosen":"THE_SILENT","items_purchased":["Accuracy","Medical Kit"],"campfire_rested":1,"item_purchase_floors":[11,11],"current_hp_per_floor":[63,63,63,63,63,38,31,52,52,40,40,40],"gold":29,"neow_bonus":"THREE_ENEMY_KILL","is_prod":false,"is_daily":false,"chose_seed":false,"campfire_upgraded":0,"win_rate":0,"timestamp":1549114265,"path_taken":["M","?","?","?","M","E","?","R","T","?","?","M"],"build_version":"2019-01-23","purchased_purges":0,"victory":false,"max_hp_per_floor":[70,70,70,70,70,70,70,70,70,70,70,70],"card_choices":[{"not_picked":["Deadly Poison","Dagger Throw"],"picked":"Cloak And Dagger","floor":1},{"not_picked":["Dagger Spray","Underhanded Strike"],"picked":"Blade Dance","floor":3},{"not_picked":["Flying Knee","Riddle With Holes"],"picked":"Predator","floor":5},{"not_picked":["Unload","Dagger Spray"],"picked":"Heel Hook","floor":6},{"not_picked":["Underhanded Strike","Blade Dance"],"picked":"Dodge and Roll","floor":7},{"not_picked":["Acrobatics","Tactician"],"picked":"Slice","floor":10}],"player_experience":2093835,"relics_obtained":[{"floor":6,"key":"Anchor"},{"floor":9,"key":"MawBank"}],"event_choices":[{"damage_healed":0,"gold_gain":0,"player_choice":"Cursed","damage_taken":0,"max_hp_gain":0,"max_hp_loss":0,"event_name":"Wheel of Change","floor":2,"gold_loss":0,"cards_obtained":["Decay"]},{"cards_removed":["Decay"],"damage_healed":0,"gold_gain":0,"player_choice":"Removed Curses","damage_taken":0,"max_hp_gain":0,"max_hp_loss":0,"event_name":"Fountain of Cleansing","floor":4,"gold_loss":0},{"damage_healed":0,"gold_gain":0,"player_choice":"Searched \u00273\u0027 times","damage_taken":0,"relics_obtained":["Potion Belt"],"max_hp_gain":0,"max_hp_loss":0,"event_name":"Dead Adventurer","floor":10,"gold_loss":0}],"is_beta":false,"boss_relics":[],"items_purged_floors":[],"is_endless":false,"potions_floor_spawned":[5,6,7,10],"killed_by":"Gremlin Gang","ascension_level":12}