{"gold_per_floor":[109,119,139,139,114,114,132,149,149,149,149,160,172,187,187,286,286,303,318,338,338],"floor_reached":21,"playtime":4206,"items_purged":[],"score":261,"play_id":"adf6b8f3-fd5e-4082-9921-45ccf9095c43","local_time":"20190218193513","is_ascension_mode":true,"campfire_choices":[{"data":"Neutralize","floor":6,"key":"SMITH"},{"floor":11,"key":"REST"},{"data":"Sucker Punch","floor":15,"key":"SMITH"}],"neow_cost":"NONE","seed_source_timestamp":308489803900600,"circlet_count":0,"master_deck":["Defend_G","Defend_G","Defend_G","Defend_G+1","Defend_G","Strike_G+1","Strike_G","Strike_G","Strike_G","Strike_G","Survivor","Neutralize+1","Phantasmal Killer","Slice","All Out Attack","Flying Knee","Sucker Punch+1","Backflip","Flying Knee","Dodge and Roll","Bouncing Flask","Backstab","Unload","Crippling Poison","Accuracy"],"relics":["Ring of the Snake","StoneCalendar","Busted Crown"],"potions_floor_usage":[16,16,20],"damage_taken":[{"damage":3,"enemies":"2 Louse","floor":1,"turns":4},{"damage":1,"enemies":"Cultist","floor":2,"turns":3},{"damage":4,"enemies":"Small Slimes","floor":3,"turns":2},{"damage":0,"enemies":"Exordium Wildlife","floor":7,"turns":2},{"damage":9,"enemies":"3 Louse","floor":8,"turns":2},{"damage":4,"enemies":"2 Fungi Beasts","floor":12,"turns":3},{"damage":0,"enemies":"Looter","floor":13,"turns":2},{"damage":3,"enemies":"Gremlin Gang","floor":14,"turns":3},{"damage":0,"enemies":"Slime Boss","floor":16,"turns":6},{"damage":9,"enemies":"2 Thieves","floor":18,"turns":4},{"damage":11,"enemies":"Shell Parasite","floor":19,"turns":5},{"damage":21,"enemies":"Centurion and Healer","floor":20,"turns":7},{"damage":27,"enemies":"Sentry and Sphere","floor":21,"turns":5}],"seed_played":"-3094073146019881994","potions_obtained":[{"floor":1,"key":"SkillPotion"},{"floor":7,"key":"Fire Potion"},{"floor":8,"key":"Fire Potion"},{"floor":10,"key":"Dexterity Potion"},{"floor":10,"key":"AttackPotion"},{"floor":18,"key":"SkillPotion"},{"floor":19,"key":"Poison Potion"}],"is_trial":false,"path_per_floor":["M","M","M","?","$","R","M","M","T","?","R","M","M","M","R","B",null,"M","M","M","M"],"character_chosen":"THE_SILENT","items_purchased":["Sucker Punch"],"campfire_rested":1,"item_purchase_floors":[5],"current_hp_per_floor":[67,66,62,48,48,48,48,39,39,39,60,56,56,53,53,53,70,61,50,29,2],"gold":338,"neow_bonus":"ONE_RANDOM_RARE_CARD","is_prod":false,"is_daily":false,"chose_seed":false,"campfire_upgraded":2,"win_rate":0,"timestamp":1550536513,"path_taken":["M","M","M","?","$","R","M","M","T","?","R","M","?","M","R","BOSS","M","M","M","M"],"build_version":"2019-01-23","purchased_purges":0,"victory":false,"max_hp_per_floor":[70,70,70,70,70,70,70,70,70,70,70,70,70,70,70,70,70,70,70,70,70],"card_choices":[{"not_picked":["Dash","PiercingWail"],"picked":"Slice","floor":1},{"not_picked":["PiercingWail","Riddle With Holes"],"picked":"All Out Attack","floor":2},{"not_picked":["All Out Attack","Bane"],"picked":"Flying Knee","floor":3},{"not_picked":["Dagger Spray","Cloak And Dagger"],"picked":"Backflip","floor":7},{"not_picked":["Riddle With Holes","Doppelganger"],"picked":"Flying Knee","floor":8},{"not_picked":["PiercingWail","Acrobatics"],"picked":"Dodge and Roll","floor":12},{"not_picked":["Flying Knee","Slice"],"picked":"Bouncing Flask","floor":13},{"not_picked":["A Thousand Cuts","Riddle With Holes"],"picked":"Backstab","floor":14},{"not_picked":["Grand Finale","Wraith Form v2"],"picked":"Unload","floor":16},{"not_picked":[],"picked":"Crippling Poison","floor":18},{"not_picked":[],"picked":"Accuracy","floor":19},{"not_picked":["Slice"],"picked":"SKIP","floor":20}],"player_experience":242528,"relics_obtained":[{"floor":9,"key":"StoneCalendar"}],"event_choices":[{"damage_healed":0,"gold_gain":0,"player_choice":"Entered Light","damage_taken":14,"max_hp_gain":0,"max_hp_loss":0,"event_name":"Shining Light","floor":4,"gold_loss":0,"cards_upgraded":["Defend_G","Strike_G"]},{"damage_healed":0,"gold_gain":0,"player_choice":"Got Potions","damage_taken":0,"max_hp_gain":0,"max_hp_loss":0,"event_name":"Lab","floor":10,"gold_loss":0}],"is_beta":false,"boss_relics":[{"not_picked":["Black Star","Empty Cage"],"picked":"Busted Crown"}],"items_purged_floors":[],"is_endless":false,"potions_floor_spawned":[1,7,8,14,18,19],"killed_by":"Sentry and Sphere","ascension_level":3}