{"gold_per_floor":[114,114,114,130,150,150,182,34,58,58,233,249,282,94,94,94],"floor_reached":16,"playtime":584,"items_purged":["Doubt"],"score":135,"play_id":"db708789-a0be-45bf-b75f-0271dc9a2ae2","local_time":"20180625155417","is_ascension_mode":true,"campfire_choices":[{"data":"Dualcast","floor":6,"key":"SMITH"},{"data":"Streamline","floor":10,"key":"SMITH"},{"data":"Scrape","floor":15,"key":"SMITH"}],"neow_cost":"CURSE","seed_source_timestamp":1030040160930387,"circlet_count":0,"master_deck":["Strike_B","Strike_B","Strike_B","Strike_B","Defend_B+1","Defend_B","Defend_B","Defend_B","Zap+1","Dualcast+1","Reinforced Body","Sweeping Beam","Leap","Scrape+1","Steam","Streamline+1","Coolheaded","Coolheaded","Conserve Battery"],"relics":["Cracked Core","Prayer Wheel","Ancient Tea Set","Vajra","Bag of Marbles","Juzu Bracelet","Tiny Chest"],"potions_floor_usage":[7,13,13],"damage_taken":[{"damage":0,"enemies":"Cultist","floor":1,"turns":2},{"damage":0,"enemies":"Small Slimes","floor":4,"turns":2},{"damage":0,"enemies":"2 Louse","floor":5,"turns":3},{"damage":2,"enemies":"Lagavulin","floor":7,"turns":6},{"damage":1,"enemies":"Exordium Wildlife","floor":12,"turns":2},{"damage":29,"enemies":"3 Sentries","floor":13,"turns":5},{"damage":50,"enemies":"Slime Boss","floor":16,"turns":6}],"seed_played":"6321749080040671141","potions_obtained":[{"floor":4,"key":"Weak Potion"},{"floor":5,"key":"Dexterity Potion"},{"floor":12,"key":"Regen Potion"}],"is_trial":false,"path_per_floor":["M","?","?","M","M","R","E","$","T","R","?","M","E","$","R"],"character_chosen":"DEFECT","items_purchased":["Vajra","Tiny Chest"],"campfire_rested":0,"item_purchase_floors":[8,14],"current_hp_per_floor":[75,75,60,60,60,60,58,58,58,58,58,57,42,42,42,0],"gold":94,"neow_bonus":"ONE_RARE_RELIC","is_prod":false,"is_daily":false,"chose_seed":false,"campfire_upgraded":3,"win_rate":0,"timestamp":1529934857,"path_taken":["M","?","?","M","M","R","E","?","T","R","?","M","E","$","R","BOSS"],"build_version":"2018-06-21v2","purchased_purges":1,"victory":false,"max_hp_per_floor":[75,75,75,75,75,75,75,75,75,75,75,75,75,75,75,75],"card_choices":[{"not_picked":["Skim","Sweeping Beam"],"picked":"Reinforced Body","floor":1},{"not_picked":["Compile Driver","Redo"],"picked":"Sweeping Beam","floor":1},{"not_picked":["Compile Driver","Redo"],"picked":"Leap","floor":4},{"not_picked":["Turbo","Static Discharge","Hologram"],"picked":"SKIP","floor":4},{"not_picked":["Double Energy","Beam Cell"],"picked":"Scrape","floor":5},{"not_picked":["Genetic Algorithm","Compile Driver"],"picked":"Steam","floor":5},{"not_picked":["Sweeping Beam","Barrage"],"picked":"Streamline","floor":7},{"not_picked":["Reinforced Body","Steam"],"picked":"Coolheaded","floor":12},{"not_picked":["Blizzard","Buffer"],"picked":"Coolheaded","floor":12},{"not_picked":["Leap","Genetic Algorithm"],"picked":"Conserve Battery","floor":13}],"player_experience":787058,"relics_obtained":[{"floor":7,"key":"Ancient Tea Set"},{"floor":9,"key":"Bag of Marbles"},{"floor":13,"key":"Juzu Bracelet"}],"event_choices":[{"event_name":"Living Wall","player_choice":"Forget","floor":2,"damage_taken":0},{"event_name":"Shining Light","player_choice":"Entered Light","floor":3,"damage_taken":0},{"event_name":"Liars Game","player_choice":"agreed","floor":11,"damage_taken":0}],"boss_relics":[],"items_purged_floors":[14],"is_endless":false,"potions_floor_spawned":[4,5,12],"killed_by":"Slime Boss","ascension_level":5}