{"path_per_floor":["M","?","M","?","$","R","E","R","T","R","M","?","R","$","R","B",null,"M","M","?","M","M","R","E"],"character_chosen":"IRONCLAD","items_purchased":["Vajra","Combust","Finesse","LiquidBronze"],"gold_per_floor":[111,361,371,371,17,17,56,56,56,56,74,74,74,1,1,127,127,111,129,129,143,164,164,208,208],"floor_reached":25,"campfire_rested":2,"playtime":693,"item_purchase_floors":[],"current_hp_per_floor":[78,78,80,60,60,60,66,66,66,66,60,44,44,44,68,28,85,92,97,97,44,43,72,28,0],"items_purged":["Regret"],"gold":208,"score":342,"play_id":"35f93e20-af00-4c98-836d-af6d90423dd3","local_time":"20180528114244","is_prod":false,"is_daily":false,"chose_seed":false,"is_ascension_mode":true,"campfire_upgraded":4,"win_rate":0,"timestamp":1527500564,"campfire_choices":[{"data":"Combust","floor":6.0,"key":"SMITH"},{"data":"Bash","floor":8.0,"key":"SMITH"},{"data":"Hemokinesis","floor":10.0,"key":"SMITH"},{"data":"Flame Barrier","floor":13.0,"key":"SMITH"},{"floor":15.0,"key":"REST"},{"floor":23,"key":"REST"}],"path_taken":["M","?","M","?","?","R","E","R","T","R","M","?","R","?","R","BOSS","M","M","?","M","M","R","E","M"],"build_version":"2018-05-24","seed_source_timestamp":0,"purchased_purges":1,"victory":false,"master_deck":["Strike_R","Strike_R","Strike_R","Strike_R","Strike_R","Defend_R","Defend_R+1","Defend_R","Defend_R","Bash+1","Dropkick+1","Hemokinesis+1","Combust+1","Finesse","Flame Barrier+1","Barricade","Normality","Regret","Parasite","Clothesline+1","Bludgeon","Flex","Pommel Strike+1"],"max_hp_per_floor":[80,80,80,80,80,80,80,80,80,80,80,80,80,80,80,80,98,98,98,98,98,98,98,98,98],"relics":["Burning Blood","NeowsBlessing","Golden Idol","Vajra","Orichalcum","Darkstone Periapt","Calling Bell","Pen Nib","Centennial Puzzle","Charon\u0027s Ashes","Smiling Mask"],"card_choices":[{"not_picked":["Infernal Blade","Perfected Strike"],"picked":"Dropkick","floor":1.0},{"not_picked":["Clothesline","Pummel"],"picked":"Hemokinesis","floor":3.0},{"not_picked":["Corruption","Twin Strike","Feel No Pain"],"picked":"SKIP","floor":7.0},{"not_picked":["Body Slam","Twin Strike"],"picked":"Flame Barrier","floor":11.0},{"not_picked":["Reaper","Limit Break"],"picked":"Barricade","floor":16},{"not_picked":["Havoc","Body Slam"],"picked":"Clothesline+1","floor":18},{"not_picked":["Armaments+1","Headbutt"],"picked":"Bludgeon","floor":19},{"not_picked":["Corruption","Perfected Strike"],"picked":"Flex","floor":21},{"not_picked":["Dual Wield","Headbutt"],"picked":"Pommel Strike+1","floor":22},{"not_picked":["Havoc","Body Slam","Anger"],"picked":"SKIP","floor":24}],"player_experience":523096,"potions_floor_usage":[16,16,18,18,22,24],"damage_taken":[{"damage":0.0,"enemies":"Small Slimes","floor":1.0,"turns":1.0},{"damage":0.0,"enemies":"Cultist","floor":3.0,"turns":1.0},{"damage":0.0,"enemies":"Gremlin Nob","floor":7.0,"turns":1.0},{"damage":12.0,"enemies":"Jaw Worm","floor":11.0,"turns":2.0},{"damage":46,"enemies":"Hexaghost","floor":16,"turns":5},{"damage":13,"enemies":"2 Thieves","floor":18,"turns":4},{"damage":1,"enemies":"3 Byrds","floor":19,"turns":1},{"damage":59,"enemies":"Slaver and Parasite","floor":21,"turns":6},{"damage":22,"enemies":"Centurion and Healer","floor":22,"turns":6},{"damage":50,"enemies":"Book of Stabbing","floor":24,"turns":6},{"damage":29,"enemies":"Cultist and Chosen","floor":25,"turns":5}],"relics_obtained":[{"floor":7.0,"key":"Orichalcum"},{"floor":9.0,"key":"Darkstone Periapt"},{"floor":17,"key":"Pen Nib"},{"floor":17,"key":"Centennial Puzzle"},{"floor":17,"key":"Charon\u0027s Ashes"},{"floor":24,"key":"Smiling Mask"}],"event_choices":[{"event_name":"Golden Shrine","player_choice":"Desecrate","floor":2.0,"damage_taken":0.0},{"event_name":"Golden Idol","player_choice":"Take Damage","floor":4.0,"damage_taken":0.0},{"event_name":"Shining Light","player_choice":"Entered Light","floor":12.0,"damage_taken":0.0},{"event_name":"Match and Keep!","player_choice":"0 cards matched","floor":20,"damage_taken":0}],"boss_relics":[{"not_picked":["Orrery","Black Star"],"picked":"Calling Bell"}],"items_purged_floors":[],"potions_floor_spawned":[1,11,16,21,22],"seed_played":"-1379394008356774544","killed_by":"Cultist and Chosen","ascension_level":6,"potions_obtained":[{"floor":1.0,"key":"Regen Potion"},{"floor":11.0,"key":"LiquidBronze"},{"floor":16,"key":"AttackPotion"},{"floor":21,"key":"Regen Potion"},{"floor":22,"key":"SpeedPotion"}],"is_trial":false}