{"gold_per_floor":[116,130,130,142,162,192,212,212,235,252,48,66,66,66,66,137,137,147,72,171,185,185,185,203,220,220,220,220,231,231],"floor_reached":30,"playtime":1182,"items_purged":["Defend_R"],"score":398,"play_id":"c27891c9-c009-48c9-9243-1bffc7194d12","local_time":"20190131193323","is_ascension_mode":true,"campfire_choices":[{"data":"Rage","floor":8,"key":"SMITH"},{"floor":13,"key":"REST"},{"data":"Seeing Red","floor":15,"key":"SMITH"},{"floor":23,"key":"REST"}],"neow_cost":"NONE","seed_source_timestamp":13648439048519057,"circlet_count":0,"master_deck":["AscendersBane","Strike_R+1","Strike_R+1","Strike_R+1","Strike_R+1","Defend_R+1","Defend_R+1","Defend_R+1","Bash","Cleave","Rage+1","Dropkick","Reckless Charge","Iron Wave","Battle Trance","Seeing Red+1","Rage+1","Cleave","Immolate","True Grit","Demon Form","Second Wind"],"relics":["Burning Blood","Ancient Tea Set","Vajra","Orrery","StoneCalendar","Nloth\u0027s Gift"],"potions_floor_usage":[6,12,24,30,30],"damage_taken":[{"damage":1,"enemies":"Cultist","floor":1,"turns":3},{"damage":1,"enemies":"Jaw Worm","floor":2,"turns":3},{"damage":4,"enemies":"2 Louse","floor":4,"turns":3},{"damage":8,"enemies":"Exordium Wildlife","floor":5,"turns":5},{"damage":36,"enemies":"Lagavulin","floor":6,"turns":7},{"damage":17,"enemies":"Looter","floor":7,"turns":3},{"damage":4,"enemies":"3 Louse","floor":10,"turns":4},{"damage":12,"enemies":"Exordium Thugs","floor":12,"turns":4},{"damage":55,"enemies":"Hexaghost","floor":16,"turns":12},{"damage":41,"enemies":"Spheric Guardian","floor":18,"turns":5},{"damage":22,"enemies":"2 Thieves","floor":21,"turns":4},{"damage":21,"enemies":"3 Cultists","floor":24,"turns":5},{"damage":39,"enemies":"Centurion and Healer","floor":25,"turns":5},{"damage":6,"enemies":"Chosen and Byrds","floor":29,"turns":5},{"damage":18,"enemies":"Snecko","floor":30,"turns":3}],"seed_played":"-216763431681780212","potions_obtained":[{"floor":1,"key":"Regen Potion"},{"floor":4,"key":"Fire Potion"},{"floor":16,"key":"Dexterity Potion"},{"floor":21,"key":"Poison Potion"},{"floor":25,"key":"SteroidPotion"}],"is_trial":false,"path_per_floor":["M","M","?","M","M","E","M","R","T","M","$","M","R","$","R","B",null,"M","$","?","M","?","R","M","M","T","?","?","M","M"],"character_chosen":"IRONCLAD","items_purchased":["DollysMirror"],"campfire_rested":2,"item_purchase_floors":[11],"current_hp_per_floor":[73,75,75,75,73,55,44,44,44,46,46,40,62,62,62,13,60,25,25,25,9,34,56,41,8,8,8,8,8,0],"gold":231,"neow_bonus":"THREE_CARDS","is_prod":false,"is_daily":false,"chose_seed":false,"campfire_upgraded":2,"win_rate":0,"timestamp":1548959603,"path_taken":["M","?","?","M","M","E","M","R","T","M","$","M","R","$","R","BOSS","M","$","?","M","?","R","?","M","T","?","?","M","M"],"build_version":"2019-01-23","purchased_purges":1,"victory":false,"max_hp_per_floor":[75,75,75,75,75,75,75,75,75,75,75,75,75,75,75,75,75,75,75,75,75,75,75,75,75,75,75,75,75,75],"card_choices":[{"not_picked":["Blood for Blood","Shockwave"],"picked":"Cleave","floor":0},{"not_picked":["Armaments","Ghostly Armor"],"picked":"Rage","floor":1},{"not_picked":["Shockwave","Twin Strike"],"picked":"Dropkick","floor":2},{"not_picked":["Twin Strike","Thunderclap"],"picked":"Iron Wave","floor":4},{"not_picked":["Warcry","Pommel Strike"],"picked":"Battle Trance","floor":5},{"not_picked":["Burning Pact","Thunderclap","Offering"],"picked":"SKIP","floor":6},{"not_picked":["Clash","Wild Strike","Body Slam"],"picked":"SKIP","floor":7},{"not_picked":["Corruption","Thunderclap"],"picked":"Seeing Red","floor":10},{"not_picked":["Headbutt","Uppercut"],"picked":"Cleave","floor":12},{"not_picked":["Bludgeon","Exhume"],"picked":"Immolate","floor":16},{"not_picked":["Warcry","Pommel Strike"],"picked":"True Grit","floor":17},{"not_picked":["Havoc","Twin Strike"],"picked":"Demon Form","floor":17},{"not_picked":["Twin Strike","Headbutt","Warcry"],"picked":"SKIP","floor":18},{"not_picked":["Body Slam","Sever Soul","Anger"],"picked":"SKIP","floor":21},{"not_picked":["Flex","Havoc"],"picked":"Second Wind","floor":24},{"not_picked":["Body Slam","Clothesline","True Grit"],"picked":"SKIP","floor":25},{"not_picked":["Bloodletting","Sword Boomerang","Anger+1"],"picked":"SKIP","floor":29}],"player_experience":341893,"relics_obtained":[{"floor":6,"key":"Ancient Tea Set"},{"floor":9,"key":"Vajra"},{"floor":26,"key":"StoneCalendar"}],"event_choices":[{"damage_healed":0,"gold_gain":0,"cards_transformed":["Strike_R"],"player_choice":"Change","damage_taken":0,"max_hp_gain":0,"max_hp_loss":0,"event_name":"Living Wall","floor":3,"gold_loss":0,"cards_obtained":["Reckless Charge"]},{"damage_healed":0,"gold_gain":99,"player_choice":"Stole From Cult","damage_taken":0,"max_hp_gain":0,"max_hp_loss":0,"event_name":"Nest","floor":20,"gold_loss":0},{"damage_healed":25,"gold_gain":0,"player_choice":"Heal","damage_taken":0,"max_hp_gain":0,"max_hp_loss":0,"event_name":"The Library","floor":22,"gold_loss":0},{"damage_healed":0,"gold_gain":0,"player_choice":"Simplicity","damage_taken":0,"max_hp_gain":0,"max_hp_loss":0,"event_name":"Back to Basics","floor":27,"gold_loss":0,"cards_upgraded":["Strike_R","Strike_R","Strike_R","Strike_R","Defend_R","Defend_R","Defend_R"]},{"damage_healed":0,"gold_gain":0,"player_choice":"Traded Relic","damage_taken":0,"relics_obtained":["Nloth\u0027s Gift"],"max_hp_gain":0,"max_hp_loss":0,"event_name":"N\u0027loth","floor":28,"relics_lost":["DollysMirror"],"gold_loss":0}],"is_beta":false,"boss_relics":[{"not_picked":["White Beast Statue","Sozu"],"picked":"Orrery"}],"items_purged_floors":[19],"is_endless":false,"potions_floor_spawned":[1,4,16,21,25],"killed_by":"Snecko","ascension_level":14}