{"gold_per_floor":[109,34,34,34,49,49,84,103,103,117,117,130,140,157,157,157],"floor_reached":16,"playtime":1044,"items_purged":["Strike_B"],"score":161,"play_id":"27fbaa60-749e-42ab-bc9e-8cdf23674e19","local_time":"20190202034320","is_ascension_mode":true,"campfire_choices":[{"data":"Creative AI","floor":6.0,"key":"SMITH"},{"floor":11,"key":"REST"},{"floor":15,"key":"REST"}],"neow_cost":"TEN_PERCENT_HP_LOSS","seed_source_timestamp":1644294435524786,"circlet_count":0,"master_deck":["AscendersBane","Strike_B","Strike_B","Strike_B","Defend_B","Defend_B","Defend_B","Defend_B","Zap","Dualcast","Creative AI+1","Skim","Coolheaded","Cold Snap","Capacitor","Core Surge+1","Auto Shields","Go for the Eyes+1"],"special_seed":0,"relics":["Cracked Core","Letter Opener","Molten Egg 2"],"potions_floor_usage":[14,16],"damage_taken":[{"damage":18.0,"enemies":"Cultist","floor":1.0,"turns":6.0},{"damage":7.0,"enemies":"2 Louse","floor":5.0,"turns":3.0},{"damage":12,"enemies":"Lagavulin","floor":7,"turns":7},{"damage":0,"enemies":"Small Slimes","floor":8,"turns":2},{"damage":14,"enemies":"Exordium Wildlife","floor":10,"turns":4},{"damage":18,"enemies":"Large Slime","floor":12,"turns":6},{"damage":12,"enemies":"Looter","floor":13,"turns":3},{"damage":4,"enemies":"Red Slaver","floor":14,"turns":4},{"damage":24,"enemies":"The Guardian","floor":16,"turns":2}],"seed_played":"4117058663026666594","potions_obtained":[{"floor":1.0,"key":"FocusPotion"},{"floor":3.0,"key":"PowerPotion"}],"is_trial":false,"path_per_floor":["M","$","?","$","M","R","E","M","T","M","R","M","M","M","R","B"],"character_chosen":"DEFECT","items_purchased":[],"campfire_rested":2,"item_purchase_floors":[],"current_hp_per_floor":[50,50,50,50,43,43,31,31,31,17,37,19,7,3,23,0],"gold":157,"neow_bonus":"THREE_RARE_CARDS","is_prod":false,"is_daily":false,"chose_seed":false,"campfire_upgraded":1,"win_rate":0,"timestamp":1549046600,"path_taken":["M","?","?","$","M","R","E","M","T","?","R","M","M","M","R","BOSS"],"build_version":"2019-01-23","purchased_purges":1,"victory":false,"max_hp_per_floor":[68,68,68,68,68,68,68,68,68,68,68,68,68,68,68,68],"card_choices":[{"not_picked":["All For One","Rainbow"],"picked":"Creative AI","floor":0.0},{"not_picked":["Hello World","Gash"],"picked":"Skim","floor":1.0},{"not_picked":["Fusion","Reprogram"],"picked":"Coolheaded","floor":5.0},{"not_picked":["Go for the Eyes","Fusion"],"picked":"Cold Snap","floor":7},{"not_picked":["Steam Power","Compile Driver","Scrape"],"picked":"SKIP","floor":8},{"not_picked":["Consume","Aggregate"],"picked":"Capacitor","floor":10},{"not_picked":["Reinforced Body","Sweeping Beam+1"],"picked":"Core Surge+1","floor":12},{"not_picked":["Redo","Melter+1"],"picked":"Auto Shields","floor":13},{"not_picked":["Skim","Double Energy"],"picked":"Go for the Eyes+1","floor":14}],"player_experience":501414,"relics_obtained":[{"floor":7,"key":"Letter Opener"},{"floor":9,"key":"Molten Egg 2"}],"event_choices":[{"damage_healed":0.0,"max_hp_gain":0.0,"max_hp_loss":0.0,"gold_gain":0.0,"event_name":"Lab","player_choice":"Got Potions","floor":3.0,"gold_loss":0.0,"damage_taken":0.0}],"is_beta":false,"boss_relics":[],"items_purged_floors":[2],"is_endless":false,"potions_floor_spawned":[1,10,12],"killed_by":"The Guardian","ascension_level":11}