{"gold_per_floor":[116,116,77,77,91,119,119,152,152,164,195,215,215,245,245,348,398,398],"floor_reached":18,"playtime":9134,"items_purged":[],"score":330,"play_id":"a9230bfb-002e-4aba-b748-cb421acef922","local_time":"20181213185927","is_ascension_mode":true,"campfire_choices":[{"data":"Acrobatics","floor":15.0,"key":"SMITH"}],"neow_cost":"NONE","seed_source_timestamp":176533937172302,"circlet_count":0,"master_deck":["AscendersBane","Defend_G","Defend_G","Defend_G+1","Defend_G","Defend_G","Strike_G","Strike_G+1","Strike_G","Strike_G","Strike_G","Survivor","Neutralize","Dash+1","All Out Attack","Decay","Dagger Throw","Doppelganger","Underhanded Strike+1","Sucker Punch","Terror","Sucker Punch","Acrobatics+1","Adrenaline","Underhanded Strike"],"special_seed":0,"relics":["Ring of the Snake","NeowsBlessing","Ice Cream","Letter Opener","Paper Crane","Strawberry","Whetstone","Tiny House"],"potions_floor_usage":[],"damage_taken":[{"damage":0.0,"enemies":"Small Slimes","floor":1.0,"turns":1.0},{"damage":0.0,"enemies":"Cultist","floor":5.0,"turns":1.0},{"damage":0.0,"enemies":"Gremlin Nob","floor":6.0,"turns":1.0},{"damage":27.0,"enemies":"Lagavulin","floor":8.0,"turns":8.0},{"damage":0.0,"enemies":"Jaw Worm","floor":10.0,"turns":3.0},{"damage":10.0,"enemies":"Gremlin Nob","floor":11.0,"turns":4.0},{"damage":5.0,"enemies":"Exordium Wildlife","floor":12.0,"turns":4.0},{"damage":15.0,"enemies":"Lagavulin","floor":14.0,"turns":6.0},{"damage":20.0,"enemies":"The Guardian","floor":16.0,"turns":12.0},{"damage":14,"enemies":"Shell Parasite","floor":18,"turns":5}],"seed_played":"-1384831922426969049","potions_obtained":[{"floor":1.0,"key":"LiquidBronze"},{"floor":8.0,"key":"Block Potion"},{"floor":10.0,"key":"Fire Potion"},{"floor":11.0,"key":"Fire Potion"},{"floor":17,"key":"Dexterity Potion"}],"is_trial":false,"path_per_floor":["M","?","$","?","M","E","$","E","T","M","E","M","?","E","R","B",null,"M"],"character_chosen":"THE_SILENT","items_purchased":["All Out Attack"],"campfire_rested":0,"item_purchase_floors":[3],"current_hp_per_floor":[63,63,63,63,63,63,63,36,36,36,33,28,53,38,38,18,67,53],"gold":398,"neow_bonus":"THREE_ENEMY_KILL","is_prod":false,"is_daily":false,"chose_seed":false,"campfire_upgraded":1,"win_rate":0,"timestamp":1544723967,"path_taken":["M","?","$","?","?","E","?","E","T","?","E","M","?","E","R","BOSS","M"],"build_version":"2018-12-06","purchased_purges":0,"victory":false,"max_hp_per_floor":[70,70,70,70,70,70,70,70,70,70,77,77,77,77,77,77,82,82],"card_choices":[{"not_picked":["Expertise","Dagger Spray"],"picked":"Dash","floor":1.0},{"not_picked":["Bouncing Flask","Blade Dance"],"picked":"Dagger Throw","floor":5.0},{"not_picked":["Eviscerate","Terror"],"picked":"Doppelganger","floor":6.0},{"not_picked":["Glass Knife","Masterful Stab"],"picked":"Underhanded Strike","floor":8.0},{"not_picked":["Endless Agony","Dagger Spray"],"picked":"Sucker Punch","floor":10.0},{"not_picked":["Infinite Blades","Endless Agony"],"picked":"Terror","floor":11.0},{"not_picked":["Bane","Blade Dance"],"picked":"Sucker Punch","floor":12.0},{"not_picked":["Poisoned Stab","Calculated Gamble"],"picked":"Acrobatics","floor":14.0},{"not_picked":["Burst","Grand Finale"],"picked":"Adrenaline","floor":16.0},{"not_picked":["PiercingWail","Expertise"],"picked":"Underhanded Strike","floor":17}],"player_experience":1882059,"relics_obtained":[{"floor":6.0,"key":"Ice Cream"},{"floor":8.0,"key":"Letter Opener"},{"floor":9.0,"key":"Paper Crane"},{"floor":11.0,"key":"Strawberry"},{"floor":14.0,"key":"Whetstone"}],"event_choices":[{"damage_healed":0.0,"max_hp_gain":0.0,"max_hp_loss":0.0,"gold_gain":0.0,"event_name":"Living Wall","player_choice":"Grow","floor":2.0,"gold_loss":0.0,"damage_taken":0.0,"cards_upgraded":["Dash"]},{"damage_healed":0.0,"max_hp_gain":0.0,"max_hp_loss":0.0,"gold_gain":0.0,"event_name":"Wheel of Change","player_choice":"Cursed","floor":4.0,"gold_loss":0.0,"damage_taken":0.0,"cards_obtained":["Decay"]},{"damage_healed":25.0,"max_hp_gain":0.0,"max_hp_loss":0.0,"gold_gain":0.0,"event_name":"Big Fish","player_choice":"Banana","floor":13.0,"gold_loss":0.0,"damage_taken":0.0}],"is_beta":false,"boss_relics":[{"not_picked":["Fusion Hammer","Pandora\u0027s Box"],"picked":"Tiny House"}],"items_purged_floors":[],"is_endless":false,"potions_floor_spawned":[1,8,10,11],"killed_by":"Shell Parasite","ascension_level":11}