{"gold_per_floor":[115,115,115,5,23,63,82,116,116,116,191,229,250,9,21,152,164,199,227,264,276,90,90,129,129,175,195,213,251,251,292,292,418,418,441,441,441,441,196,235,235,279,279,312,326,396,0,18,18,18],"floor_reached":51,"playtime":2889,"items_purged":["Injury","Normality"],"score":1400,"play_id":"0cc1eefa-9bbb-4359-8434-257eba16c373","local_time":"20180830185153","is_ascension_mode":true,"campfire_choices":[{"data":"Armaments","floor":10.0,"key":"SMITH"},{"floor":15.0,"key":"REST"},{"floor":23.0,"key":"REST"},{"data":"Double Tap","floor":25.0,"key":"SMITH"},{"data":"Disarm","floor":30.0,"key":"SMITH"},{"data":"Inflame","floor":32.0,"key":"SMITH"},{"data":"Limit Break","floor":41.0,"key":"SMITH"},{"floor":49,"key":"REST"}],"neow_cost":"NONE","seed_source_timestamp":0,"circlet_count":0,"master_deck":["Strike_R+1","Strike_R+1","Strike_R+1","Strike_R+1","Strike_R+1","Defend_R+1","Defend_R+1","Defend_R+1","Defend_R+1","Bash+1","Shrug It Off","Metallicize","Cleave","Clash","Armaments+1","Inflame+1","Clash","Twin Strike","Dark Shackles","Double Tap+1","Shrug It Off+1","Disarm+1","Perfected Strike","Pommel Strike","Warcry","Pommel Strike+1","Wild Strike","Twin Strike","Limit Break+1","Heavy Blade","Warcry+1","Inflame+1","Infernal Blade","Heavy Blade","Ghostly Armor"],"special_seed":0,"relics":["Burning Blood","NeowsBlessing","Golden Idol","Juzu Bracelet","Ginger","Gremlin Horn","Bag of Preparation","MawBank","Sozu","Medical Kit","Pantograph","Potion Belt","Vajra","Bronze Scales","Mark of Pain","Magic Flower","Nunchaku","Happy Flower","Mummified Hand","Kunai","Dodecahedron","Pen Nib","Tiny Chest","Red Mask"],"potions_floor_usage":[],"damage_taken":[{"damage":0.0,"enemies":"Jaw Worm","floor":1.0,"turns":1.0},{"damage":0.0,"enemies":"Cultist","floor":5.0,"turns":1.0},{"damage":0.0,"enemies":"Lagavulin","floor":6.0,"turns":1.0},{"damage":0.0,"enemies":"Small Slimes","floor":7.0,"turns":3.0},{"damage":25.0,"enemies":"Gremlin Nob","floor":8.0,"turns":4.0},{"damage":22.0,"enemies":"Lagavulin","floor":12.0,"turns":6.0},{"damage":0.0,"enemies":"Exordium Thugs","floor":13.0,"turns":3.0},{"damage":0.0,"enemies":"Slime Boss","floor":16.0,"turns":6.0},{"damage":9.0,"enemies":"Chosen","floor":18.0,"turns":6.0},{"damage":1.0,"enemies":"3 Byrds","floor":19.0,"turns":4.0},{"damage":44.0,"enemies":"Shelled Parasite and Fungi","floor":20.0,"turns":6.0},{"damage":0.0,"enemies":"Slavers","floor":24.0,"turns":5.0},{"damage":2.0,"enemies":"Snake Plant","floor":27.0,"turns":4.0},{"damage":2.0,"enemies":"Centurion and Healer","floor":28.0,"turns":5.0},{"damage":21.0,"enemies":"Book of Stabbing","floor":29.0,"turns":6.0},{"damage":8.0,"enemies":"Slavers","floor":31.0,"turns":4.0},{"damage":65.0,"enemies":"Champ","floor":33.0,"turns":10.0},{"damage":0.0,"enemies":"Orb Walker","floor":35.0,"turns":3.0},{"damage":2.0,"enemies":"Mind Bloom Boss Battle","floor":37.0,"turns":9.0},{"damage":20.0,"enemies":"Nemesis","floor":40.0,"turns":5.0},{"damage":35,"enemies":"Giant Head","floor":42,"turns":7},{"damage":0,"enemies":"Nemesis","floor":44,"turns":3},{"damage":0,"enemies":"3 Shapes","floor":45,"turns":4},{"damage":37,"enemies":"2 Orb Walkers","floor":46,"turns":3},{"damage":17,"enemies":"Spire Growth","floor":48,"turns":3},{"damage":74,"enemies":"Donu and Deca","floor":50,"turns":7}],"seed_played":"-1009440452533850759","potions_obtained":[{"floor":1.0,"key":"FearPotion"},{"floor":8.0,"key":"SneckoOil"},{"floor":12.0,"key":"FearPotion"},{"floor":16.0,"key":"PowerPotion"}],"is_trial":false,"path_per_floor":["M","?","?","$","M","E","M","E","T","R","?","E","M","$","R","B",null,"M","M","M","?","$","R","E","R","T","M","M","E","R","E","R","B",null,"M","?","?","?","$","E","R","E","T","E","M","E","?","M","R","B"],"character_chosen":"IRONCLAD","items_purchased":["Metallicize","Dark Shackles","MawBank","Medical Kit","Happy Flower"],"campfire_rested":3,"item_purchase_floors":[4,14,14,22,39],"current_hp_per_floor":[78,78,62,62,68,74,80,61,61,61,50,34,40,40,64,70,78,75,80,42,42,42,66,72,72,72,76,80,65,65,63,63,21,65,71,71,80,80,80,69,69,43,43,52,61,33,33,25,49,15],"gold":18,"neow_bonus":"THREE_ENEMY_KILL","is_prod":false,"is_daily":false,"chose_seed":false,"campfire_upgraded":5,"win_rate":0,"timestamp":1535647913,"path_taken":["M","?","?","$","M","E","M","E","T","R","?","E","M","?","R","BOSS","M","M","M","?","?","R","E","R","T","M","M","E","R","E","R","BOSS","M","?","?","?","$","E","R","E","T","E","M","E","?","M","R","BOSS"],"build_version":"2018-08-23v2","purchased_purges":2,"victory":true,"max_hp_per_floor":[80,80,80,80,80,80,80,80,80,80,80,80,80,80,80,80,80,80,80,80,80,80,80,80,80,80,80,80,80,80,80,80,80,80,80,80,80,80,80,80,80,80,80,80,80,80,80,80,80,80],"card_choices":[{"not_picked":["Infernal Blade","Second Wind"],"picked":"Shrug It Off","floor":1.0},{"not_picked":["Thunderclap","Hemokinesis"],"picked":"Cleave","floor":5.0},{"not_picked":["Anger","Armaments"],"picked":"Clash","floor":6.0},{"not_picked":["Rage","Perfected Strike"],"picked":"Armaments","floor":7.0},{"not_picked":["Whirlwind","Dual Wield"],"picked":"Inflame","floor":8.0},{"not_picked":["Limit Break","Spot Weakness"],"picked":"Clash","floor":12.0},{"not_picked":["Wild Strike","Power Through"],"picked":"Twin Strike","floor":13.0},{"not_picked":["Immolate","Berserk"],"picked":"Double Tap","floor":16.0},{"not_picked":["Spot Weakness","Armaments"],"picked":"Shrug It Off+1","floor":18.0},{"not_picked":["Body Slam","Cleave"],"picked":"Disarm","floor":19.0},{"not_picked":["Combust","Armaments"],"picked":"Perfected Strike","floor":20.0},{"not_picked":["True Grit","Flex"],"picked":"Pommel Strike","floor":24.0},{"not_picked":["Cleave+1","Shrug It Off"],"picked":"Warcry","floor":27.0},{"not_picked":["Ghostly Armor","Dark Embrace"],"picked":"Pommel Strike+1","floor":28.0},{"not_picked":["Iron Wave","Flex"],"picked":"Wild Strike","floor":29.0},{"not_picked":["Carnage","Headbutt"],"picked":"Twin Strike","floor":31.0},{"not_picked":["Impervious","Feed"],"picked":"Limit Break","floor":33.0},{"not_picked":["Havoc","Whirlwind+1"],"picked":"Heavy Blade","floor":35.0},{"not_picked":["True Grit+1","Headbutt"],"picked":"Warcry+1","floor":40.0},{"not_picked":["Reaper","Clothesline","Perfected Strike"],"picked":"SKIP","floor":42},{"not_picked":["Thunderclap","Entrench"],"picked":"Inflame+1","floor":44},{"not_picked":["Blood for Blood","Twin Strike"],"picked":"Infernal Blade","floor":45},{"not_picked":["Blood for Blood+1","True Grit+1"],"picked":"Heavy Blade","floor":46},{"not_picked":["Searing Blow+1","Headbutt+1"],"picked":"Ghostly Armor","floor":48}],"player_experience":936523,"relics_obtained":[{"floor":6.0,"key":"Juzu Bracelet"},{"floor":8.0,"key":"Ginger"},{"floor":9.0,"key":"Gremlin Horn"},{"floor":12.0,"key":"Bag of Preparation"},{"floor":24.0,"key":"Pantograph"},{"floor":26.0,"key":"Potion Belt"},{"floor":29.0,"key":"Vajra"},{"floor":31.0,"key":"Bronze Scales"},{"floor":37.0,"key":"Nunchaku"},{"floor":40.0,"key":"Mummified Hand"},{"floor":42,"key":"Kunai"},{"floor":43,"key":"Dodecahedron"},{"floor":44,"key":"Pen Nib"},{"floor":46,"key":"Tiny Chest"}],"event_choices":[{"event_name":"Golden Idol","player_choice":"Take Wound","floor":2.0,"damage_taken":0.0},{"event_name":"Shining Light","player_choice":"Entered Light","floor":3.0,"damage_taken":0.0},{"event_name":"World of Goop","player_choice":"Gather Gold","floor":11.0,"damage_taken":0.0},{"event_name":"Back to Basics","player_choice":"Simplicity","floor":21.0,"damage_taken":0.0},{"event_name":"Accursed Blacksmith","player_choice":"Rummage","floor":36.0,"damage_taken":0.0},{"event_name":"MindBloom","player_choice":"Fight","floor":37.0,"damage_taken":0.0},{"event_name":"The Woman in Blue","player_choice":"Bought 0 Potions","floor":38.0,"damage_taken":0.0},{"event_name":"Tomb of Lord Red Mask","player_choice":"Paid","floor":47,"damage_taken":0}],"is_beta":false,"boss_relics":[{"not_picked":["Lizard Tail","Pandora\u0027s Box"],"picked":"Sozu"},{"not_picked":["Orrery","Eternal Feather"],"picked":"Mark of Pain"}],"items_purged_floors":[4,39],"is_endless":false,"potions_floor_spawned":[1,8,12,16,19,28,33,35,44],"ascension_level":9}