{"gold_per_floor":[109,109,109,34,60,93,93,93,93,93,93,111,132,165,165,289,289,314,115,133,133,133,169,169,182,207,207,228,249,293,293,293,293],"floor_reached":33,"playtime":2714,"items_purged":["Regret"],"score":494,"play_id":"1e388302-3053-471a-b2f0-43472aace963","local_time":"20180903204449","is_ascension_mode":true,"campfire_choices":[{"floor":8,"key":"REST"},{"data":"Neutralize","floor":11,"key":"SMITH"},{"floor":15,"key":"REST"},{"data":"Leg Sweep","floor":24,"key":"SMITH"},{"floor":32,"key":"REST"}],"neow_cost":"NONE","seed_source_timestamp":240255026120684,"circlet_count":0,"master_deck":["Defend_G+1","Defend_G+1","Defend_G+1","Defend_G+1","Defend_G+1","Strike_G+1","Strike_G+1","Strike_G+1","Strike_G+1","Strike_G+1","Survivor","Neutralize+1","Heel Hook","Poisoned Stab","Sucker Punch+1","Deadly Poison","Leg Sweep+1","Adrenaline","Dagger Spray","Outmaneuver","Tools of the Trade","Endless Agony+1","Heel Hook","Flying Knee+1","Sucker Punch","Crippling Poison","Underhanded Strike"],"relics":["Ring of the Snake","Orichalcum","Dream Catcher","Incense Burner","Shuriken","Golden Idol","Nunchaku","Busted Crown","DollysMirror","Dead Branch","Centennial Puzzle","Meat on the Bone","Strawberry"],"potions_floor_usage":[14,23,23,23,29,30,33],"damage_taken":[{"damage":1,"enemies":"Small Slimes","floor":1,"turns":5},{"damage":52,"enemies":"Lagavulin","floor":6,"turns":11},{"damage":1,"enemies":"Jaw Worm","floor":12,"turns":2},{"damage":0,"enemies":"2 Louse","floor":13,"turns":3},{"damage":2,"enemies":"Gremlin Nob","floor":14,"turns":3},{"damage":35,"enemies":"Slime Boss","floor":16,"turns":13},{"damage":2,"enemies":"Shell Parasite","floor":18,"turns":6},{"damage":0,"enemies":"Chosen","floor":20,"turns":4},{"damage":0,"enemies":"Gremlin Leader","floor":23,"turns":4},{"damage":16,"enemies":"Sentry and Sphere","floor":25,"turns":4},{"damage":8,"enemies":"Shelled Parasite and Fungi","floor":28,"turns":3},{"damage":0,"enemies":"Snecko","floor":29,"turns":4},{"damage":0,"enemies":"Slavers","floor":30,"turns":1},{"damage":69,"enemies":"Collector","floor":33,"turns":6}],"seed_played":"8677295384559958885","potions_obtained":[{"floor":13,"key":"SteroidPotion"},{"floor":14,"key":"EssenceOfSteel"},{"floor":16,"key":"Explosive Potion"},{"floor":20,"key":"PowerPotion"},{"floor":29,"key":"Explosive Potion"},{"floor":31,"key":"Weak Potion"},{"floor":31,"key":"Strength Potion"},{"floor":31,"key":"Block Potion"}],"is_trial":false,"path_per_floor":["M","?","?","$","T","E","?","R","T","?","R","M","M","E","R","B",null,"M","$","M","?","?","E","R","M","T","T","M","M","E","?","R"],"character_chosen":"THE_SILENT","items_purchased":["DollysMirror"],"campfire_rested":3,"item_purchase_floors":[19],"current_hp_per_floor":[62,62,62,62,62,10,10,31,31,31,31,30,30,28,47,12,52,50,50,50,50,50,50,50,34,34,34,38,38,45,45,66,0],"gold":293,"neow_bonus":"ONE_RANDOM_RARE_CARD","is_prod":false,"is_daily":false,"chose_seed":false,"campfire_upgraded":2,"win_rate":0,"timestamp":1536000289,"path_taken":["M","?","?","$","?","E","?","R","T","?","R","?","M","E","R","BOSS","M","$","M","?","?","E","R","M","T","?","?","M","E","?","R","BOSS"],"build_version":"2018-08-30","purchased_purges":1,"victory":false,"max_hp_per_floor":[70,70,70,70,70,70,70,70,70,65,65,65,65,65,65,65,65,65,65,65,65,65,65,65,65,65,65,65,65,72,72,72,72],"card_choices":[{"not_picked":["Sucker Punch","Bouncing Flask"],"picked":"Heel Hook","floor":1},{"not_picked":["Deadly Poison","Underhanded Strike"],"picked":"Sucker Punch","floor":6},{"not_picked":["Masterful Stab","PiercingWail"],"picked":"Deadly Poison","floor":8},{"not_picked":["Expertise","Prepared"],"picked":"Leg Sweep","floor":12},{"not_picked":["Cloak And Dagger","Slice"],"picked":"Adrenaline","floor":13},{"not_picked":["PiercingWail","Skewer"],"picked":"Dagger Spray","floor":14},{"not_picked":["Prepared","Blade Dance"],"picked":"Outmaneuver","floor":15},{"not_picked":["Burst","After Image"],"picked":"Tools of the Trade","floor":16},{"not_picked":[],"picked":"Endless Agony+1","floor":18},{"not_picked":["Dagger Spray"],"picked":"SKIP","floor":20},{"not_picked":["Dagger Spray"],"picked":"SKIP","floor":23},{"not_picked":[],"picked":"Flying Knee+1","floor":25},{"not_picked":[],"picked":"Sucker Punch","floor":28},{"not_picked":[],"picked":"Crippling Poison","floor":29},{"not_picked":[],"picked":"Underhanded Strike","floor":30}],"player_experience":965782,"relics_obtained":[{"floor":5,"key":"Dream Catcher"},{"floor":6,"key":"Incense Burner"},{"floor":9,"key":"Shuriken"},{"floor":14,"key":"Nunchaku"},{"floor":23,"key":"Dead Branch"},{"floor":26,"key":"Centennial Puzzle"},{"floor":27,"key":"Meat on the Bone"},{"floor":30,"key":"Strawberry"}],"event_choices":[{"event_name":"Living Wall","player_choice":"Change","floor":2,"damage_taken":0},{"event_name":"Big Fish","player_choice":"Box","floor":3,"damage_taken":0},{"event_name":"Upgrade Shrine","player_choice":"Upgraded","floor":7,"damage_taken":0},{"event_name":"Golden Idol","player_choice":"Lose Max HP","floor":10,"damage_taken":0},{"event_name":"Back to Basics","player_choice":"Simplicity","floor":21,"damage_taken":0},{"event_name":"Ghosts","player_choice":"Ignored","floor":22,"damage_taken":0},{"event_name":"The Lab","player_choice":"Got Potions","floor":31,"damage_taken":0}],"is_beta":false,"boss_relics":[{"not_picked":["Runic Dome","Black Star"],"picked":"Busted Crown"}],"items_purged_floors":[4],"is_endless":false,"potions_floor_spawned":[13,14,16,20,29],"killed_by":"Collector","ascension_level":9}