{"gold_per_floor":[114,36,47,47,124,124,163,163,186,221,186,260,260,281,281,377,377,390,45,45,45,69,69,102,102,125,137,193,205,231,32,32,130,130,151,151,164,497,522,548,4,29,29,64,64,0,0,0,0,0,0],"floor_reached":51,"playtime":2075,"items_purged":[],"score":1587,"play_id":"62180986-7165-4781-b1fa-a4eec3fd5397","local_time":"20181030143255","is_ascension_mode":true,"campfire_choices":[{"data":"Dash","floor":6.0,"key":"SMITH"},{"floor":8.0,"key":"REST"},{"data":"Neutralize","floor":15.0,"key":"SMITH"},{"data":"Crippling Poison","floor":23.0,"key":"SMITH"},{"data":"After Image","floor":25.0,"key":"SMITH"},{"floor":32.0,"key":"REST"},{"floor":45.0,"key":"REST"},{"floor":47.0,"key":"REST"},{"floor":49.0,"key":"REST"}],"neow_cost":"NONE","seed_source_timestamp":726408835017719,"circlet_count":0,"master_deck":["Defend_G","Defend_G","Defend_G","Defend_G+1","Defend_G+1","Survivor","Neutralize+1","AscendersBane","Noxious Fumes","Dash+1","Endless Agony","Infinite Blades","Noxious Fumes","Deadly Poison","After Image+1","Slice","Infinite Blades","Crippling Poison+1","Backflip","Expertise+1","Bite","Bite","Bite","Bite","Bite","Slice+1","Backstab+1","Dramatic Entrance","Secret Technique","Thinking Ahead","Slice+1","Leg Sweep+1","After Image+1","Cloak And Dagger+1","Catalyst"],"special_seed":0,"relics":["Ring of the Snake","Juzu Bracelet","Bag of Marbles","War Paint","Snake Skull","Tiny Chest","Lantern","WristBlade","Vajra","Gremlin Horn","FaceOfCleric","Bronze Scales","MawBank","MutagenicStrength","Singing Bowl","TwistedFunnel","Fusion Hammer","Boot","Strawberry","DollysMirror","Pear","Dream Catcher","Sundial","Turnip","Red Mask"],"potions_floor_usage":[],"damage_taken":[{"damage":13.0,"enemies":"Jaw Worm","floor":1.0,"turns":10.0},{"damage":3.0,"enemies":"2 Louse","floor":3.0,"turns":4.0},{"damage":29.0,"enemies":"Gremlin Nob","floor":7.0,"turns":5.0},{"damage":11.0,"enemies":"Lagavulin","floor":10.0,"turns":8.0},{"damage":10.0,"enemies":"3 Sentries","floor":12.0,"turns":7.0},{"damage":0.0,"enemies":"Cultist","floor":14.0,"turns":3.0},{"damage":23.0,"enemies":"The Guardian","floor":16.0,"turns":9.0},{"damage":4.0,"enemies":"3 Byrds","floor":18.0,"turns":5.0},{"damage":0.0,"enemies":"Spheric Guardian","floor":22.0,"turns":5.0},{"damage":4.0,"enemies":"Gremlin Leader","floor":24.0,"turns":7.0},{"damage":31.0,"enemies":"Book of Stabbing","floor":28.0,"turns":5.0},{"damage":0.0,"enemies":"Chosen and Byrds","floor":30.0,"turns":4.0},{"damage":20.0,"enemies":"Champ","floor":33.0,"turns":10.0},{"damage":2.0,"enemies":"3 Shapes","floor":35.0,"turns":4.0},{"damage":0.0,"enemies":"Orb Walker","floor":37.0,"turns":1.0},{"damage":33.0,"enemies":"Giant Head","floor":40.0,"turns":6.0},{"damage":7.0,"enemies":"Reptomancer","floor":42.0,"turns":4.0},{"damage":26.0,"enemies":"Giant Head","floor":44.0,"turns":7.0},{"damage":82.0,"enemies":"Time Eater","floor":50.0,"turns":12.0},{"damage":30,"enemies":"Awakened One","floor":51,"turns":3}],"seed_played":"-8873475329032754287","potions_obtained":[{"floor":10.0,"key":"Fire Potion"},{"floor":14.0,"key":"Block Potion"},{"floor":16.0,"key":"Dexterity Potion"},{"floor":22.0,"key":"AttackPotion"},{"floor":24.0,"key":"GhostInAJar"},{"floor":28.0,"key":"SmokeBomb"},{"floor":35.0,"key":"FearPotion"},{"floor":44.0,"key":"Fire Potion"}],"is_trial":false,"path_per_floor":["M","$","M","?","?","R","E","R","T","E","?","E","T","M","R","B",null,"M","$","T","?","M","R","E","R","T","?","E","?","M","$","R","B",null,"M","?","M","?","T","E","$","E","T","E","R","?","R","$","R","B"],"character_chosen":"THE_SILENT","items_purchased":["Noxious Fumes","Vajra","Infinite Blades","Crippling Poison","Backflip","TwistedFunnel","DollysMirror","Pear","Strength Potion"],"campfire_rested":5,"item_purchase_floors":[2,19,19,19,19,31,41,41,41],"current_hp_per_floor":[46,46,43,43,43,43,14,32,32,21,36,26,26,26,26,3,46,42,42,42,42,43,43,40,40,40,40,12,12,21,21,34,35,46,50,40,41,41,41,28,38,44,44,35,58,58,75,75,77,8,0],"gold":0,"neow_bonus":"RANDOM_COMMON_RELIC","is_prod":false,"is_daily":false,"chose_seed":false,"campfire_upgraded":4,"win_rate":0,"timestamp":1540924375,"path_taken":["M","$","M","?","?","R","E","R","T","E","?","E","?","M","R","BOSS","M","$","?","?","M","R","E","R","T","?","E","?","M","$","R","BOSS","M","?","M","?","?","E","$","E","T","E","R","?","R","?","R","BOSS","BOSS"],"build_version":"2018-10-25v2","purchased_purges":0,"victory":false,"max_hp_per_floor":[66,66,66,60,60,60,60,60,60,60,60,60,60,60,60,60,60,60,60,60,60,61,61,62,62,62,62,65,45,46,46,46,49,49,50,50,51,51,51,59,69,70,70,73,75,75,75,75,77,78,78],"card_choices":[{"not_picked":["Prepared","Outmaneuver","Tactician"],"picked":"SKIP","floor":1.0},{"not_picked":["Well Laid Plans","Deadly Poison"],"picked":"Dash","floor":3.0},{"not_picked":["Dodge and Roll","Well Laid Plans"],"picked":"Endless Agony","floor":7.0},{"not_picked":["Dodge and Roll","Heel Hook"],"picked":"Infinite Blades","floor":10.0},{"not_picked":["PiercingWail","Flechettes"],"picked":"Noxious Fumes","floor":12.0},{"not_picked":["Quick Slash","All Out Attack"],"picked":"Deadly Poison","floor":14.0},{"not_picked":["Glass Knife","Storm of Steel"],"picked":"After Image","floor":16.0},{"not_picked":["Quick Slash","Heel Hook"],"picked":"Slice","floor":18.0},{"not_picked":["Slice","Dash"],"picked":"Expertise+1","floor":22.0},{"not_picked":["Quick Slash","Predator","Dash"],"picked":"SKIP","floor":24.0},{"not_picked":["Flechettes","Slice","Dagger Throw"],"picked":"Singing Bowl","floor":28.0},{"not_picked":["Endless Agony","Quick Slash"],"picked":"Slice+1","floor":30.0},{"not_picked":["Unload","Doppelganger","Burst"],"picked":"Singing Bowl","floor":33.0},{"not_picked":["Dash","Poisoned Stab"],"picked":"Backstab+1","floor":35.0},{"not_picked":["Enlightenment","Impatience"],"picked":"Dramatic Entrance","floor":36.0},{"not_picked":["Good Instincts","Jack Of All Trades"],"picked":"Secret Technique","floor":36.0},{"not_picked":["Impatience","Apotheosis"],"picked":"Thinking Ahead","floor":36.0},{"not_picked":["Sucker Punch","Deadly Poison"],"picked":"Slice+1","floor":37.0},{"not_picked":["Setup+1","Underhanded Strike+1"],"picked":"Leg Sweep+1","floor":40.0},{"not_picked":["Catalyst+1","Unload"],"picked":"Cloak And Dagger+1","floor":42.0},{"not_picked":["Heel Hook+1","Crippling Poison","Dodge and Roll"],"picked":"Singing Bowl","floor":44.0},{"not_picked":["Dagger Throw","Deflect","Leg Sweep"],"picked":"Singing Bowl","floor":45.0},{"not_picked":["Blade Dance","Dodge and Roll+1"],"picked":"Catalyst","floor":47.0},{"not_picked":["Deflect","Choke","Dagger Throw"],"picked":"Singing Bowl","floor":49.0}],"player_experience":1108885,"relics_obtained":[{"floor":7.0,"key":"Bag of Marbles"},{"floor":9.0,"key":"War Paint"},{"floor":10.0,"key":"Snake Skull"},{"floor":12.0,"key":"Tiny Chest"},{"floor":13.0,"key":"Lantern"},{"floor":20.0,"key":"Gremlin Horn"},{"floor":24.0,"key":"Bronze Scales"},{"floor":26.0,"key":"MawBank"},{"floor":28.0,"key":"Singing Bowl"},{"floor":39.0,"key":"Boot"},{"floor":40.0,"key":"Strawberry"},{"floor":42.0,"key":"Dream Catcher"},{"floor":43.0,"key":"Sundial"},{"floor":44.0,"key":"Turnip"}],"event_choices":[{"damage_healed":0.0,"max_hp_gain":0.0,"max_hp_loss":6.0,"gold_gain":0.0,"event_name":"Golden Idol","player_choice":"Lose Max HP","floor":4.0,"gold_loss":0.0,"damage_taken":0.0,"relics_obtained":["Golden Idol"]},{"damage_healed":0.0,"max_hp_gain":0.0,"max_hp_loss":0.0,"gold_gain":77.0,"event_name":"Golden Wing","player_choice":"Gained Gold","floor":5.0,"gold_loss":0.0,"damage_taken":0.0},{"damage_healed":15.0,"max_hp_gain":0.0,"max_hp_loss":0.0,"gold_gain":0.0,"event_name":"The Cleric","player_choice":"Healed","floor":11.0,"gold_loss":35.0,"damage_taken":0.0},{"damage_healed":0.0,"max_hp_gain":0.0,"max_hp_loss":0.0,"gold_gain":0.0,"event_name":"FaceTrader","player_choice":"Trade","floor":21.0,"gold_loss":0.0,"damage_taken":0.0,"relics_obtained":["FaceOfCleric"]},{"damage_healed":0.0,"max_hp_gain":0.0,"max_hp_loss":0.0,"gold_gain":0.0,"event_name":"Drug Dealer","player_choice":"Inject Mutagens","floor":27.0,"gold_loss":0.0,"damage_taken":0.0,"relics_obtained":["MutagenicStrength"]},{"damage_healed":0.0,"max_hp_gain":0.0,"max_hp_loss":20.0,"gold_gain":0.0,"event_name":"Vampires","player_choice":"Became a vampire","floor":29.0,"gold_loss":0.0,"damage_taken":0.0,"cards_obtained":["Bite","Bite","Bite","Bite","Bite"]},{"damage_healed":0.0,"max_hp_gain":0.0,"max_hp_loss":0.0,"gold_gain":0.0,"event_name":"SensoryStone","player_choice":"Memory 3","floor":36.0,"gold_loss":0.0,"damage_taken":10.0},{"damage_healed":0.0,"max_hp_gain":0.0,"max_hp_loss":0.0,"gold_gain":333.0,"event_name":"The Moai Head","player_choice":"Gave Idol","floor":38.0,"relics_lost":["Golden Idol"],"gold_loss":0.0,"damage_taken":0.0},{"damage_healed":0.0,"max_hp_gain":0.0,"max_hp_loss":0.0,"gold_gain":0.0,"event_name":"Tomb of Lord Red Mask","player_choice":"Paid","floor":46.0,"gold_loss":64.0,"damage_taken":0.0,"relics_obtained":["Red Mask"]}],"is_beta":false,"boss_relics":[{"not_picked":["Philosopher\u0027s Stone","Eternal Feather"],"picked":"WristBlade"},{"not_picked":["Calling Bell","Pandora\u0027s Box"],"picked":"Fusion Hammer"}],"items_purged_floors":[],"is_endless":false,"potions_floor_spawned":[10,14,16,22,24,28,35,44],"killed_by":"Awakened One","ascension_level":20}