{"gold_per_floor":[117,133,133,147,161,196,74,74,74,108,108,122,137,137,137,239,239,164,164,95,95,25,25,25,25,25,25,25,25,25,25,25,25,25,25,25,0,0,0,0,0,0,0,0,0,0,0,0,0,0],"floor_reached":51,"playtime":7696,"items_purged":["Combust"],"score":735,"play_id":"3b40120a-404b-4fe1-bfe2-7c962da1f6ea","local_time":"20190201021337","is_ascension_mode":true,"campfire_choices":[{"data":"Disarm","floor":8.0,"key":"SMITH"},{"data":"True Grit","floor":11.0,"key":"SMITH"},{"data":"Infernal Blade","floor":15,"key":"SMITH"},{"data":"Corruption","floor":23,"key":"SMITH"},{"data":"Feel No Pain","floor":25,"key":"SMITH"},{"data":"Armaments","floor":32,"key":"SMITH"},{"data":"1","floor":40,"key":"LIFT"},{"data":"2","floor":42,"key":"LIFT"},{"data":"3","floor":45,"key":"LIFT"},{"data":"Disarm","floor":47,"key":"SMITH"},{"floor":49,"key":"REST"}],"neow_cost":"NONE","seed_source_timestamp":0,"circlet_count":0,"master_deck":["Strike_R","Strike_R","Strike_R","Strike_R","Defend_R","Defend_R","Defend_R","Defend_R","Bash","Flame Barrier","Shrug It Off","Wild Strike","Infernal Blade+1","Disarm+1","Metallicize","Armaments+1","True Grit+1","Disarm","Inflame","Dark Embrace+1","Metallicize","Feel No Pain+1","Corruption+1","Inflame","Second Wind+1","Exhume","Injury","Clumsy","Parasite","True Grit+1","Disarm+1"],"special_seed":0,"relics":["Burning Blood","Ornamental Fan","Thread and Needle","Dead Branch","Ectoplasm","Shuriken","Blue Candle","Self Forming Clay","Calling Bell","Omamori","Molten Egg 2","Nunchaku","Red Mask","Girya","Happy Flower"],"potions_floor_usage":[16,33,33,33,50,50,50],"damage_taken":[{"damage":0.0,"enemies":"2 Louse","floor":1.0,"turns":2.0},{"damage":2.0,"enemies":"Jaw Worm","floor":2.0,"turns":3.0},{"damage":0.0,"enemies":"Small Slimes","floor":4.0,"turns":4.0},{"damage":5.0,"enemies":"Gremlin Gang","floor":5.0,"turns":5.0},{"damage":20.0,"enemies":"Gremlin Nob","floor":6.0,"turns":5.0},{"damage":9.0,"enemies":"Lagavulin","floor":10.0,"turns":9.0},{"damage":0.0,"enemies":"Exordium Thugs","floor":12.0,"turns":5.0},{"damage":0.0,"enemies":"2 Fungi Beasts","floor":13.0,"turns":3.0},{"damage":21,"enemies":"Slime Boss","floor":16,"turns":15},{"damage":6,"enemies":"2 Thieves","floor":18,"turns":5},{"damage":7,"enemies":"Spheric Guardian","floor":21,"turns":6},{"damage":0,"enemies":"Cultist and Chosen","floor":24,"turns":6},{"damage":3,"enemies":"Centurion and Healer","floor":27,"turns":7},{"damage":0,"enemies":"Snake Plant","floor":30,"turns":4},{"damage":0,"enemies":"Gremlin Leader","floor":31,"turns":5},{"damage":9,"enemies":"Automaton","floor":33,"turns":9},{"damage":0,"enemies":"3 Darklings","floor":35,"turns":5},{"damage":0,"enemies":"Mind Bloom Boss Battle","floor":39,"turns":6},{"damage":5,"enemies":"3 Shapes","floor":41,"turns":4},{"damage":25,"enemies":"Spire Growth","floor":44,"turns":5},{"damage":6,"enemies":"Writhing Mass","floor":48,"turns":5},{"damage":12,"enemies":"Donu and Deca","floor":50,"turns":5}],"seed_played":"-5140427553966991653","potions_obtained":[{"floor":1.0,"key":"AttackPotion"},{"floor":4.0,"key":"GamblersBrew"},{"floor":5.0,"key":"Regen Potion"},{"floor":12.0,"key":"EssenceOfSteel"},{"floor":13,"key":"Block Potion"},{"floor":24,"key":"SpeedPotion"},{"floor":33,"key":"Dexterity Potion"},{"floor":35,"key":"Ancient Potion"},{"floor":41,"key":"Ancient Potion"}],"is_trial":false,"path_per_floor":["M","M","?","M","M","E","$","R","T","E","R","M","M","$","R","B",null,"M","?","$","M","$","R","M","R","T","M","T","?","M","E","R","B",null,"M","?","?","$","?","R","M","R","T","M","R","$","R","M","R","B",null],"character_chosen":"IRONCLAD","items_purchased":["Armaments","Feel No Pain","Corruption"],"campfire_rested":1,"item_purchase_floors":[7,20,22],"current_hp_per_floor":[80,80,80,80,80,74,74,74,74,71,71,77,80,80,80,65,80,80,65,65,64,64,64,70,70,70,73,73,73,79,85,85,82,85,85,81,81,81,81,81,81,81,81,62,62,62,62,62,81,75],"gold":0,"neow_bonus":"THREE_CARDS","is_prod":false,"is_daily":false,"chose_seed":false,"campfire_upgraded":7,"win_rate":0,"timestamp":1549005217,"path_taken":["M","M","?","M","M","E","$","R","T","E","R","M","M","$","R","BOSS","M","?","$","M","$","R","M","R","T","M","?","?","?","E","R","BOSS","M","?","?","?","?","R","M","R","T","M","R","$","R","M","R","BOSS"],"build_version":"2019-01-23","purchased_purges":1,"victory":true,"max_hp_per_floor":[80,80,80,80,80,80,80,80,80,80,80,80,80,80,80,80,80,80,85,85,85,85,85,85,85,85,85,85,85,85,85,85,85,85,85,81,81,81,81,81,81,81,81,81,81,81,81,81,81,81],"card_choices":[{"not_picked":["Rupture","Sword Boomerang"],"picked":"Flame Barrier","floor":0.0},{"not_picked":["Flame Barrier","Warcry"],"picked":"Combust","floor":1.0},{"not_picked":["Flame Barrier","Armaments"],"picked":"Shrug It Off","floor":2.0},{"not_picked":["Dual Wield","Battle Trance"],"picked":"Infernal Blade","floor":4.0},{"not_picked":["Rage","Whirlwind"],"picked":"Disarm","floor":5.0},{"not_picked":["Feed","Feel No Pain"],"picked":"Metallicize","floor":6.0},{"not_picked":["Perfected Strike","Hemokinesis"],"picked":"True Grit","floor":10.0},{"not_picked":["True Grit","Headbutt"],"picked":"Disarm","floor":12.0},{"not_picked":["Pommel Strike","Perfected Strike"],"picked":"Inflame","floor":13},{"not_picked":["Fiend Fire","Juggernaut"],"picked":"Dark Embrace","floor":16},{"not_picked":["Clash","Second Wind"],"picked":"Metallicize","floor":18},{"not_picked":["Armaments","True Grit","Anger"],"picked":"SKIP","floor":21},{"not_picked":["Sentinel","Searing Blow","Wild Strike"],"picked":"SKIP","floor":24},{"not_picked":["Burning Pact","Headbutt","Body Slam"],"picked":"SKIP","floor":27},{"not_picked":["Whirlwind","Rampage"],"picked":"Inflame","floor":30},{"not_picked":["Warcry","True Grit"],"picked":"Second Wind+1","floor":31},{"not_picked":["Bludgeon","Immolate"],"picked":"Exhume","floor":33},{"not_picked":["Shockwave","Twin Strike+1","Blood for Blood+1"],"picked":"SKIP","floor":35},{"not_picked":["Burning Pact","Dual Wield"],"picked":"True Grit+1","floor":41},{"not_picked":["Clothesline+1","Twin Strike+1"],"picked":"Disarm","floor":44},{"not_picked":["Intimidate","Uppercut+1","Anger+1"],"picked":"SKIP","floor":48}],"player_experience":205293,"relics_obtained":[{"floor":6.0,"key":"Ornamental Fan"},{"floor":9.0,"key":"Thread and Needle"},{"floor":10.0,"key":"Dead Branch"},{"floor":26,"key":"Shuriken"},{"floor":28,"key":"Blue Candle"},{"floor":31,"key":"Self Forming Clay"},{"floor":34,"key":"Omamori"},{"floor":34,"key":"Molten Egg 2"},{"floor":34,"key":"Nunchaku"},{"floor":39,"key":"Girya"},{"floor":43,"key":"Happy Flower"}],"event_choices":[{"damage_healed":0.0,"max_hp_gain":0.0,"max_hp_loss":0.0,"gold_gain":0.0,"cards_transformed":["Strike_R"],"event_name":"Living Wall","player_choice":"Change","floor":3.0,"gold_loss":0.0,"damage_taken":0.0,"cards_obtained":["Wild Strike"]},{"damage_healed":0,"gold_gain":0,"player_choice":"Shed Blood","damage_taken":20,"max_hp_gain":5,"max_hp_loss":0,"event_name":"Forgotten Altar","floor":19,"gold_loss":0},{"damage_healed":0,"gold_gain":0,"player_choice":"Upgraded","damage_taken":0,"max_hp_gain":0,"max_hp_loss":0,"event_name":"Upgrade Shrine","floor":29,"gold_loss":0,"cards_upgraded":["Dark Embrace"]},{"damage_healed":0,"gold_gain":0,"player_choice":"Max HP","damage_taken":0,"max_hp_gain":0,"max_hp_loss":4,"event_name":"Winding Halls","floor":36,"gold_loss":0},{"damage_healed":0,"gold_gain":0,"player_choice":"Paid","damage_taken":0,"relics_obtained":["Red Mask"],"max_hp_gain":0,"max_hp_loss":0,"event_name":"Tomb of Lord Red Mask","floor":37,"gold_loss":25},{"damage_healed":0,"gold_gain":0,"player_choice":"Fight","damage_taken":0,"max_hp_gain":0,"max_hp_loss":0,"event_name":"MindBloom","floor":39,"gold_loss":0}],"is_beta":false,"boss_relics":[{"not_picked":["Runic Pyramid","Busted Crown"],"picked":"Ectoplasm"},{"not_picked":["Tiny House","Black Blood"],"picked":"Calling Bell"}],"items_purged_floors":[7],"is_endless":false,"potions_floor_spawned":[1,4,5,12,13,24,31,33,35,41],"ascension_level":1}