{"gold_per_floor":[109,128,148,148,223,223,252,252,252,276,288,329,341,366,378,488,500,526,558,570,14,27,27,27],"floor_reached":24,"playtime":1565,"items_purged":[],"score":247,"play_id":"c6363a2c-9f62-477f-babf-d3ad4670b1dc","local_time":"20190211130236","is_ascension_mode":true,"campfire_choices":[{"data":"Bash","floor":6.0,"key":"SMITH"},{"data":"Immolate","floor":8.0,"key":"SMITH"},{"data":"Flame Barrier","floor":11.0,"key":"SMITH"},{"data":"Armaments","floor":13.0,"key":"SMITH"},{"data":"Entrench","floor":15.0,"key":"SMITH"},{"floor":23,"key":"REST"}],"neow_cost":"NONE","seed_source_timestamp":0,"circlet_count":0,"master_deck":["Strike_R","Strike_R","Strike_R","Strike_R","Strike_R","Defend_R","Defend_R","Defend_R","Bash+1","Impervious","Ghostly Armor","Pommel Strike","Armaments+1","Immolate+1","Flame Barrier+1","Entrench+1","Immolate","Shrug It Off","Power Through","Immolate","Shrug It Off"],"special_seed":0,"relics":["Black Blood","The Courier","Ancient Tea Set","MawBank","PreservedInsect","Pantograph","Medical Kit","Singing Bowl","Lantern"],"potions_floor_usage":[22,24],"damage_taken":[{"damage":11.0,"enemies":"Cultist","floor":1.0,"turns":4.0},{"damage":10.0,"enemies":"2 Louse","floor":2.0,"turns":3.0},{"damage":5.0,"enemies":"Small Slimes","floor":3.0,"turns":4.0},{"damage":30.0,"enemies":"3 Sentries","floor":7.0,"turns":12.0},{"damage":0.0,"enemies":"Gremlin Gang","floor":10.0,"turns":1.0},{"damage":1.0,"enemies":"Lagavulin","floor":12.0,"turns":9.0},{"damage":6.0,"enemies":"Looter","floor":14.0,"turns":3.0},{"damage":42.0,"enemies":"Slime Boss","floor":16.0,"turns":10.0},{"damage":7,"enemies":"3 Byrds","floor":18,"turns":2},{"damage":25,"enemies":"Chosen","floor":19,"turns":7},{"damage":60,"enemies":"Sentry and Sphere","floor":22,"turns":14},{"damage":44,"enemies":"Centurion and Healer","floor":24,"turns":8}],"seed_played":"-5143064397561600009","potions_obtained":[{"floor":1.0,"key":"EntropicBrew"},{"floor":7.0,"key":"Swift Potion"},{"floor":10.0,"key":"Weak Potion"},{"floor":19,"key":"SpeedPotion"},{"floor":22,"key":"SkillPotion"}],"is_trial":false,"path_per_floor":["M","M","M","T","?","R","E","R","T","M","R","E","R","M","R","B",null,"M","M","?","$","M","R","M"],"character_chosen":"IRONCLAD","items_purchased":["Medical Kit","Singing Bowl","Immolate","Lantern","Shrug It Off"],"campfire_rested":1,"item_purchase_floors":[21,21,21,21,21],"current_hp_per_floor":[75,71,72,72,61,61,37,37,37,43,43,48,48,48,48,12,80,80,65,65,65,17,41,0],"gold":27,"neow_bonus":"TRANSFORM_CARD","is_prod":false,"is_daily":false,"chose_seed":false,"campfire_upgraded":5,"win_rate":0,"timestamp":1549918956,"path_taken":["M","M","M","?","?","R","E","R","T","M","R","E","R","M","R","BOSS","M","M","?","$","M","R","?"],"build_version":"2019-01-23","purchased_purges":0,"victory":false,"max_hp_per_floor":[80,80,80,80,80,80,80,80,80,80,80,80,80,80,80,80,80,80,80,80,80,82,82,82],"card_choices":[{"not_picked":["Shockwave","Body Slam"],"picked":"Ghostly Armor","floor":1.0},{"not_picked":["Blood for Blood","Thunderclap"],"picked":"Pommel Strike","floor":2.0},{"not_picked":["Iron Wave","Battle Trance"],"picked":"Armaments","floor":3.0},{"not_picked":["Headbutt","Power Through"],"picked":"Immolate","floor":7.0},{"not_picked":["Evolve","Pummel"],"picked":"Flame Barrier","floor":10.0},{"not_picked":["Headbutt","Corruption"],"picked":"Entrench","floor":12.0},{"not_picked":["Thunderclap","Heavy Blade"],"picked":"Sword Boomerang","floor":14.0},{"not_picked":["Bludgeon","Reaper"],"picked":"Immolate","floor":16.0},{"not_picked":["Flex","Perfected Strike+1"],"picked":"Shrug It Off","floor":18},{"not_picked":["Shockwave+1","Pommel Strike"],"picked":"Power Through","floor":19},{"not_picked":["Intimidate","Flex","Inflame"],"picked":"Singing Bowl","floor":22}],"player_experience":150835,"relics_obtained":[{"floor":4.0,"key":"The Courier"},{"floor":7.0,"key":"Ancient Tea Set"},{"floor":9.0,"key":"MawBank"},{"floor":12.0,"key":"PreservedInsect"}],"event_choices":[{"damage_healed":0.0,"max_hp_gain":0.0,"max_hp_loss":0.0,"gold_gain":75.0,"event_name":"World of Goop","player_choice":"Gather Gold","floor":5.0,"gold_loss":0.0,"damage_taken":11.0},{"cards_removed":["Sword Boomerang"],"damage_healed":0,"gold_gain":0,"player_choice":"Gave Card","damage_taken":0,"relics_obtained":["Pantograph"],"max_hp_gain":0,"max_hp_loss":0,"event_name":"WeMeetAgain","floor":20,"gold_loss":0}],"is_beta":false,"boss_relics":[{"not_picked":["Busted Crown","Coffee Dripper"],"picked":"Black Blood"}],"items_purged_floors":[],"is_endless":false,"potions_floor_spawned":[1,7,10,19,22],"killed_by":"Centurion and Healer","ascension_level":4}