{"gold_per_floor":[117,127,138,62,62,91,91,121,121,121,132,132,132,132,132,234,234,234,234,234,234,52,52,52,52,52,52,52,52,52,52,52,52,52,52,52,52,52,52,52,52,52,52,52,52,52,52,2,2,2],"floor_reached":51,"playtime":3223,"items_purged":["Strike_R","Strike_R"],"score":1334,"play_id":"8f1ee849-845f-47be-8b04-9695f86dea80","local_time":"20190220202544","is_ascension_mode":true,"campfire_choices":[{"data":"Immolate","floor":7.0,"key":"SMITH"},{"data":"Pommel Strike","floor":10.0,"key":"SMITH"},{"data":"Pommel Strike","floor":12.0,"key":"SMITH"},{"data":"Anger","floor":15.0,"key":"SMITH"},{"data":"Shockwave","floor":24.0,"key":"SMITH"},{"data":"Feed","floor":29.0,"key":"SMITH"},{"data":"Demon Form","floor":32.0,"key":"SMITH"},{"data":"Barricade","floor":45,"key":"SMITH"},{"data":"Body Slam","floor":47,"key":"SMITH"},{"floor":49,"key":"REST"}],"neow_cost":"NONE","seed_source_timestamp":667761957511053,"circlet_count":0,"master_deck":["AscendersBane","Strike_R","Strike_R","Defend_R+1","Defend_R","Defend_R","Defend_R","Bash+1","Pommel Strike+1","Anger+1","Pommel Strike+1","Immolate+1","Spot Weakness+1","Feed+1","Demon Form+1","Shrug It Off+1","Entrench+1","Necronomicurse","Immolate+1","Feel No Pain","Shockwave+1","Carnage","Clothesline","Seeing Red","Battle Trance+1","Shockwave","Fiend Fire","Metallicize","Intimidate","Evolve","Dark Embrace","Barricade+1","Body Slam+1"],"special_seed":0,"relics":["Burning Blood","Dead Branch","Letter Opener","Magic Flower","Happy Flower","Ectoplasm","Necronomicon","MawBank","Nunchaku","War Paint","Smiling Mask","Bottled Tornado","Mark of Pain","Potion Belt","Art of War"],"potions_floor_usage":[46,50,50,50],"damage_taken":[{"damage":6.0,"enemies":"2 Louse","floor":1.0,"turns":3.0},{"damage":0.0,"enemies":"Small Slimes","floor":2.0,"turns":3.0},{"damage":2.0,"enemies":"Jaw Worm","floor":3.0,"turns":3.0},{"damage":32.0,"enemies":"Gremlin Nob","floor":6.0,"turns":4.0},{"damage":26.0,"enemies":"Lagavulin","floor":8.0,"turns":4.0},{"damage":0.0,"enemies":"Blue Slaver","floor":11.0,"turns":2.0},{"damage":23.0,"enemies":"Hexaghost","floor":16.0,"turns":8.0},{"damage":16.0,"enemies":"Shell Parasite","floor":18.0,"turns":4.0},{"damage":6.0,"enemies":"Spheric Guardian","floor":19.0,"turns":3.0},{"damage":0.0,"enemies":"Gremlin Leader","floor":23.0,"turns":3.0},{"damage":0.0,"enemies":"Slavers","floor":25.0,"turns":1.0},{"damage":2.0,"enemies":"Book of Stabbing","floor":27.0,"turns":2.0},{"damage":2.0,"enemies":"3 Cultists","floor":28.0,"turns":4.0},{"damage":13.0,"enemies":"Slavers","floor":30.0,"turns":2.0},{"damage":0.0,"enemies":"Chosen and Byrds","floor":31.0,"turns":2.0},{"damage":16.0,"enemies":"Automaton","floor":33.0,"turns":4.0},{"damage":0.0,"enemies":"3 Darklings","floor":35.0,"turns":1.0},{"damage":0.0,"enemies":"3 Shapes","floor":36.0,"turns":2.0},{"damage":23.0,"enemies":"Writhing Mass","floor":38.0,"turns":4.0},{"damage":6.0,"enemies":"4 Shapes","floor":39.0,"turns":2.0},{"damage":0.0,"enemies":"Reptomancer","floor":40.0,"turns":3.0},{"damage":6.0,"enemies":"Jaw Worm Horde","floor":42.0,"turns":2.0},{"damage":40,"enemies":"Nemesis","floor":44,"turns":5},{"damage":9,"enemies":"Spire Growth","floor":46,"turns":4},{"damage":39,"enemies":"Time Eater","floor":50,"turns":4}],"seed_played":"-8410368952549492526","potions_obtained":[{"floor":2.0,"key":"Dexterity Potion"},{"floor":8.0,"key":"SkillPotion"},{"floor":11.0,"key":"EssenceOfSteel"},{"floor":19.0,"key":"Weak Potion"},{"floor":23.0,"key":"Weak Potion"},{"floor":31.0,"key":"AttackPotion"},{"floor":36.0,"key":"SkillPotion"},{"floor":40.0,"key":"Weak Potion"},{"floor":41.0,"key":"Ancient Potion"},{"floor":41.0,"key":"Ancient Potion"},{"floor":41.0,"key":"SteroidPotion"},{"floor":44,"key":"Swift Potion"},{"floor":46,"key":"Dexterity Potion"}],"is_trial":false,"path_per_floor":["M","M","M","$","?","E","R","E","T","R","M","R","?","?","R","B",null,"M","M","?","?","$","E","R","E","T","E","M","R","E","M","R","B",null,"M","M","?","M","M","E","?","M","T","E","R","M","R","$","R","B",null],"character_chosen":"IRONCLAD","items_purchased":["Immolate","Feel No Pain","Shockwave"],"campfire_rested":1,"item_purchase_floors":[4,22,22],"current_hp_per_floor":[72,78,80,80,73,47,47,27,27,27,36,36,41,34,34,20,69,67,75,59,59,59,68,68,77,77,84,91,91,87,91,91,84,89,91,95,90,76,79,88,88,90,90,59,59,65,65,65,93,63],"gold":2,"neow_bonus":"UPGRADE_CARD","is_prod":false,"is_daily":false,"chose_seed":false,"campfire_upgraded":9,"win_rate":0,"timestamp":1550723144,"path_taken":["M","M","M","$","?","E","R","E","T","R","M","R","?","?","R","BOSS","M","M","?","?","$","E","R","E","T","E","?","R","E","?","R","BOSS","M","?","?","M","M","E","?","M","T","E","R","?","R","?","R","BOSS"],"build_version":"2019-01-23","purchased_purges":2,"victory":true,"max_hp_per_floor":[80,80,80,80,80,80,80,80,80,80,80,80,85,85,85,85,85,88,91,91,91,91,91,91,91,91,91,91,91,91,91,91,91,91,91,95,90,90,90,90,90,90,90,90,90,94,94,94,94,94],"card_choices":[{"not_picked":["Clash","Wild Strike"],"picked":"Pommel Strike","floor":1.0},{"not_picked":["Headbutt","Pummel"],"picked":"Anger","floor":2.0},{"not_picked":["Clash","Wild Strike"],"picked":"Pommel Strike","floor":3.0},{"not_picked":["Body Slam","Shrug It Off"],"picked":"Spot Weakness","floor":6.0},{"not_picked":["Dropkick","Fire Breathing","Second Wind"],"picked":"SKIP","floor":8.0},{"not_picked":["Inflame","Wild Strike"],"picked":"Feed","floor":11.0},{"not_picked":["Double Tap","Barricade"],"picked":"Demon Form","floor":16.0},{"not_picked":["Heavy Blade","Perfected Strike"],"picked":"Shrug It Off+1","floor":18.0},{"not_picked":["Clash","Metallicize"],"picked":"Entrench+1","floor":19.0},{"not_picked":["Infernal Blade","Perfected Strike","Headbutt"],"picked":"SKIP","floor":23.0},{"not_picked":["Dual Wield","Armaments+1"],"picked":"Carnage","floor":25.0},{"not_picked":["Thunderclap","Perfected Strike"],"picked":"Clothesline","floor":27.0},{"not_picked":["Wild Strike+1","Warcry"],"picked":"Seeing Red","floor":28.0},{"not_picked":["Feel No Pain","Heavy Blade"],"picked":"Battle Trance+1","floor":30.0},{"not_picked":["Blood for Blood","Hemokinesis"],"picked":"Shockwave","floor":31.0},{"not_picked":["Limit Break","Berserk"],"picked":"Fiend Fire","floor":33.0},{"not_picked":["Twin Strike+1","Pommel Strike","Flex"],"picked":"SKIP","floor":35.0},{"not_picked":["Warcry","Iron Wave"],"picked":"Metallicize","floor":36.0},{"not_picked":["Armaments","Havoc","Clash+1"],"picked":"SKIP","floor":38.0},{"not_picked":["Battle Trance","Havoc+1"],"picked":"Intimidate","floor":39.0},{"not_picked":["Sever Soul","Wild Strike+1"],"picked":"Evolve","floor":40.0},{"not_picked":["Cleave","Anger"],"picked":"Dark Embrace","floor":42.0},{"not_picked":["Cleave","Twin Strike"],"picked":"Barricade","floor":44},{"not_picked":["Heavy Blade","Sword Boomerang"],"picked":"Body Slam","floor":46}],"player_experience":644970,"relics_obtained":[{"floor":6.0,"key":"Dead Branch"},{"floor":8.0,"key":"Letter Opener"},{"floor":9.0,"key":"Magic Flower"},{"floor":20.0,"key":"Necronomicon"},{"floor":23.0,"key":"MawBank"},{"floor":25.0,"key":"Nunchaku"},{"floor":26.0,"key":"War Paint"},{"floor":27.0,"key":"Smiling Mask"},{"floor":30.0,"key":"Bottled Tornado"},{"floor":40.0,"key":"Potion Belt"},{"floor":44,"key":"Art of War"}],"event_choices":[{"cards_removed":["Strike_R"],"damage_healed":0.0,"max_hp_gain":0.0,"max_hp_loss":0.0,"gold_gain":0.0,"event_name":"Golden Wing","player_choice":"Card Removal","floor":5.0,"gold_loss":0.0,"damage_taken":7.0},{"damage_healed":0.0,"max_hp_gain":5.0,"max_hp_loss":0.0,"gold_gain":0.0,"event_name":"Big Fish","player_choice":"Donut","floor":13.0,"gold_loss":0.0,"damage_taken":0.0},{"damage_healed":0.0,"max_hp_gain":0.0,"max_hp_loss":0.0,"gold_gain":0.0,"event_name":"Scrap Ooze","player_choice":"Success","floor":14.0,"gold_loss":0.0,"damage_taken":7.0,"relics_obtained":["Happy Flower"]},{"damage_healed":0.0,"max_hp_gain":0.0,"max_hp_loss":0.0,"gold_gain":0.0,"event_name":"Cursed Tome","player_choice":"Obtained Book","floor":20.0,"gold_loss":0.0,"damage_taken":16.0},{"damage_healed":0.0,"max_hp_gain":0.0,"max_hp_loss":0.0,"gold_gain":0.0,"event_name":"Duplicator","player_choice":"Copied","floor":21.0,"gold_loss":0.0,"damage_taken":0.0,"cards_obtained":["Immolate"]},{"damage_healed":0.0,"max_hp_gain":0.0,"max_hp_loss":5.0,"gold_gain":0.0,"event_name":"Winding Halls","player_choice":"Max HP","floor":37.0,"gold_loss":0.0,"damage_taken":0.0},{"damage_healed":0.0,"max_hp_gain":0.0,"max_hp_loss":0.0,"gold_gain":0.0,"event_name":"Lab","player_choice":"Got Potions","floor":41.0,"gold_loss":0.0,"damage_taken":0.0}],"is_beta":false,"boss_relics":[{"not_picked":["Black Star","Eternal Feather"],"picked":"Ectoplasm"},{"not_picked":["Cursed Key","Lizard Tail"],"picked":"Mark of Pain"}],"items_purged_floors":[22,48],"is_endless":false,"potions_floor_spawned":[2,8,11,19,23,31,36,40,44,46],"ascension_level":12}