{"gold_per_floor":[116,42,53,53,16,16,48,63,63,73,73,45,70,70,70,146,146,164,72,72,86,105,105,105,105,105,134,149,149,50,50],"floor_reached":31,"playtime":1144,"items_purged":[],"score":558,"play_id":"27476c7a-0ee6-430e-9dc3-e89020d25233","local_time":"20190221185005","is_ascension_mode":true,"campfire_choices":[{"data":"Cleave","floor":6,"key":"SMITH"},{"data":"Pommel Strike","floor":11,"key":"SMITH"},{"floor":15,"key":"REST"},{"floor":23,"key":"REST"},{"floor":25,"key":"REST"}],"neow_cost":"NONE","seed_source_timestamp":15460279042099805,"circlet_count":0,"master_deck":["AscendersBane","Strike_R","Strike_R","Strike_R+1","Defend_R","Defend_R","Defend_R","Defend_R","Bash+1","Pommel Strike+1","Cleave+1","Ghostly Armor+1","True Grit+1","Infernal Blade+1","Spot Weakness+1","Shrug It Off+1","Armaments+1","Reaper","Seeing Red+1","Good Instincts+1","Seeing Red+1","Flex+1","Bandage Up+1"],"relics":["Burning Blood","NeowsBlessing","Toxic Egg 2","Pen Nib","Dodecahedron","Whetstone","White Beast Statue","Meat on the Bone","Kunai","Self Forming Clay"],"potions_floor_usage":[10,13,18,27,27,31,31],"damage_taken":[{"damage":0,"enemies":"Small Slimes","floor":1,"turns":1},{"damage":0,"enemies":"Cultist","floor":3,"turns":1},{"damage":0,"enemies":"Lagavulin","floor":7,"turns":1},{"damage":5,"enemies":"Jaw Worm","floor":8,"turns":5},{"damage":12,"enemies":"Gremlin Gang","floor":10,"turns":4},{"damage":25,"enemies":"Gremlin Nob","floor":13,"turns":4},{"damage":45,"enemies":"The Guardian","floor":16,"turns":16},{"damage":12,"enemies":"Shell Parasite","floor":18,"turns":4},{"damage":23,"enemies":"3 Byrds","floor":21,"turns":6},{"damage":39,"enemies":"Snake Plant","floor":22,"turns":5},{"damage":52,"enemies":"Book of Stabbing","floor":27,"turns":5},{"damage":41,"enemies":"Snecko","floor":28,"turns":7},{"damage":76,"enemies":"Gremlin Leader","floor":31,"turns":6}],"seed_played":"-1496060261796536129","potions_obtained":[{"floor":7,"key":"Explosive Potion"},{"floor":10,"key":"LiquidBronze"},{"floor":16,"key":"SkillPotion"},{"floor":18,"key":"Energy Potion"},{"floor":21,"key":"PowerPotion"},{"floor":27,"key":"BloodPotion"},{"floor":28,"key":"PowerPotion"}],"is_trial":false,"path_per_floor":["M","?","M","?","$","R","E","M","T","M","R","$","E","$","R","B",null,"M","$","?","M","M","R","?","R","T","E","M","T","$","E"],"character_chosen":"IRONCLAD","items_purchased":["Ghostly Armor+1","Shrug It Off+1","Good Instincts+1","Bandage Up+1"],"campfire_rested":3,"item_purchase_floors":[5,12,19,30],"current_hp_per_floor":[74,74,75,75,75,75,75,75,75,69,69,69,50,50,72,33,65,59,59,59,50,17,39,39,61,61,42,25,25,25,0],"gold":50,"neow_bonus":"THREE_ENEMY_KILL","is_prod":false,"is_daily":false,"chose_seed":false,"campfire_upgraded":2,"win_rate":0,"timestamp":1550771405,"path_taken":["M","?","?","?","$","R","E","?","T","M","R","?","E","$","R","BOSS","M","$","?","M","M","R","?","R","T","E","?","?","?","E"],"build_version":"2019-01-23","purchased_purges":0,"victory":false,"max_hp_per_floor":[75,75,75,75,75,75,75,75,75,75,75,75,75,75,75,75,75,75,75,75,75,75,75,75,75,75,75,75,75,75,75],"card_choices":[{"not_picked":["Sword Boomerang","Wild Strike"],"picked":"Pommel Strike","floor":1},{"not_picked":["Shrug It Off+1","Dark Embrace"],"picked":"Cleave","floor":3},{"not_picked":["Wild Strike","Armaments+1"],"picked":"True Grit+1","floor":7},{"not_picked":["Havoc+1","Bloodletting+1"],"picked":"Infernal Blade+1","floor":8},{"not_picked":["Uppercut","Dropkick"],"picked":"Spot Weakness+1","floor":10},{"not_picked":["Limit Break+1","Flame Barrier+1"],"picked":"Armaments+1","floor":13},{"not_picked":["Berserk","Juggernaut"],"picked":"Reaper","floor":16},{"not_picked":["Headbutt","Flame Barrier+1"],"picked":"Seeing Red+1","floor":18},{"not_picked":["Sword Boomerang","Blood for Blood+1","True Grit+1"],"picked":"SKIP","floor":21},{"not_picked":["Brutality","Disarm+1","Sword Boomerang"],"picked":"SKIP","floor":22},{"not_picked":["Disarm+1","Cleave"],"picked":"Seeing Red+1","floor":27},{"not_picked":["Flame Barrier+1","Clothesline"],"picked":"Flex+1","floor":28}],"player_experience":421660,"relics_obtained":[{"floor":7,"key":"Pen Nib"},{"floor":9,"key":"Dodecahedron"},{"floor":13,"key":"Whetstone"},{"floor":26,"key":"Meat on the Bone"},{"floor":27,"key":"Kunai"},{"floor":29,"key":"Self Forming Clay"}],"event_choices":[{"damage_healed":0,"gold_gain":0,"player_choice":"Paid Gold","damage_taken":0,"relics_obtained":["Toxic Egg 2"],"max_hp_gain":0,"max_hp_loss":0,"event_name":"WeMeetAgain","floor":2,"gold_loss":74},{"cards_removed":["Strike_R"],"damage_healed":0,"gold_gain":0,"player_choice":"Card Removal","damage_taken":0,"max_hp_gain":0,"max_hp_loss":0,"event_name":"Wheel of Change","floor":4,"gold_loss":0},{"damage_healed":0,"gold_gain":0,"player_choice":"Ignored","damage_taken":0,"max_hp_gain":0,"max_hp_loss":0,"event_name":"Beggar","floor":20,"gold_loss":0},{"cards_removed":["Strike_R"],"damage_healed":0,"gold_gain":0,"player_choice":"Purged","damage_taken":0,"max_hp_gain":0,"max_hp_loss":0,"event_name":"Purifier","floor":24,"gold_loss":0}],"is_beta":false,"boss_relics":[{"not_picked":["Runic Dome","Black Star"],"picked":"White Beast Statue"}],"items_purged_floors":[],"is_endless":false,"potions_floor_spawned":[7,10,16,18,21,22,27,28],"killed_by":"Gremlin Leader","ascension_level":19}