{"path_per_floor":["M","?","M","M","M","R","E","?","T","R","M","E","M","?","R","B",null,"M","M","$","?","?","E","M","M","T","?","?","R","T","M","R"],"character_chosen":"IRONCLAD","items_purchased":["Toolbox","Block Potion"],"gold_per_floor":[11,11,22,37,47,47,80,80,105,105,117,147,160,160,160,265,265,282,298,4,4,4,39,59,71,71,71,71,71,71,89,89,89],"floor_reached":33,"campfire_rested":1,"playtime":1621,"current_hp_per_floor":[94,94,91,96,90,90,62,55,55,83,91,92,96,96,96,41,96,90,77,77,61,93,83,78,87,87,87,87,87,87,76,76,0],"items_purged":[],"gold":89,"score":357,"play_id":"9429904b-c0ed-49f0-8029-062096975e9a","local_time":"20180510220646","is_prod":false,"is_daily":false,"chose_seed":false,"is_ascension_mode":true,"campfire_upgraded":4,"timestamp":1525982806,"path_taken":["M","?","?","M","M","R","E","?","T","R","M","E","M","?","R","BOSS","M","M","$","?","?","E","M","M","T","?","?","R","?","M","R","BOSS"],"build_version":"2018-05-03","seed_source_timestamp":43546413599881,"purchased_purges":1,"victory":false,"master_deck":["Strike_R+1","Strike_R+1","Strike_R+1","Strike_R+1","Defend_R+1","Defend_R+1","Defend_R+1","Bash+1","Flex+1","Iron Wave","Ghostly Armor","Shrug It Off","Immolate+1","Wild Strike","Wild Strike","Blood for Blood","Immolate+1","Havoc+1","Battle Trance","Metallicize","Wild Strike","Thunderclap","Power Through+1"],"max_hp_per_floor":[96,96,96,96,96,96,96,96,96,96,96,96,96,96,96,96,96,96,96,96,96,96,96,96,96,96,96,96,96,96,96,96,96],"relics":["Black Blood","Blood Vial","Orichalcum","Anchor","Toolbox","Nilry\u0027s Codex","Mercury Hourglass","Darkstone Periapt","Bag of Preparation"],"card_choices":[{"not_picked":["Entrench","Shrug It Off"],"picked":"Flex","floor":1},{"not_picked":["Flex","Havoc"],"picked":"Iron Wave","floor":3},{"not_picked":["Dual Wield","Thunderclap"],"picked":"Ghostly Armor","floor":4},{"not_picked":["Body Slam","Armaments"],"picked":"Shrug It Off","floor":5},{"not_picked":["Perfected Strike","Thunderclap"],"picked":"Immolate","floor":7},{"not_picked":["Armaments","Clash"],"picked":"Wild Strike","floor":11},{"not_picked":["Uppercut","Perfected Strike"],"picked":"Wild Strike","floor":12},{"not_picked":["Warcry","Dual Wield"],"picked":"Blood for Blood","floor":13},{"not_picked":["Impervious","Juggernaut"],"picked":"Immolate","floor":16},{"not_picked":["Perfected Strike","Uppercut"],"picked":"Havoc","floor":18},{"not_picked":["Shrug It Off","Warcry"],"picked":"Battle Trance","floor":19},{"not_picked":["Warcry","Reckless Charge"],"picked":"Metallicize","floor":23},{"not_picked":["Burning Pact","Disarm"],"picked":"Wild Strike","floor":24},{"not_picked":["Perfected Strike","Heavy Blade"],"picked":"Thunderclap","floor":25},{"not_picked":["Havoc","Blood for Blood"],"picked":"Power Through","floor":31}],"player_experience":448924,"potions_floor_usage":[7,12,16,16,23,31,33,33],"damage_taken":[{"damage":8,"enemies":"2 Louse","floor":1,"turns":4},{"damage":9,"enemies":"Jaw Worm","floor":3,"turns":5},{"damage":1,"enemies":"Cultist","floor":4,"turns":3},{"damage":12,"enemies":"Lots of Slimes","floor":5,"turns":6},{"damage":34,"enemies":"Lagavulin","floor":7,"turns":6},{"damage":0,"enemies":"Exordium Wildlife","floor":11,"turns":2},{"damage":7,"enemies":"3 Sentries","floor":12,"turns":4},{"damage":3,"enemies":"Exordium Thugs","floor":13,"turns":3},{"damage":73,"enemies":"Hexaghost","floor":16,"turns":9},{"damage":16,"enemies":"Spheric Guardian","floor":18,"turns":4},{"damage":25,"enemies":"Chosen","floor":19,"turns":4},{"damage":22,"enemies":"Slavers","floor":23,"turns":4},{"damage":17,"enemies":"Snake Plant","floor":24,"turns":3},{"damage":3,"enemies":"Centurion and Healer","floor":25,"turns":5},{"damage":23,"enemies":"Snecko","floor":31,"turns":4},{"damage":95,"enemies":"Collector","floor":33,"turns":8}],"event_choices":[{"event_name":"The Cleric","player_choice":"Leave","floor":2,"damage_taken":0},{"event_name":"Golden Wing","player_choice":"Card Removal","floor":8,"damage_taken":0},{"event_name":"Purifier","player_choice":"One Purge","floor":14,"damage_taken":0},{"event_name":"Cursed Tome","player_choice":"Obtained Book","floor":21,"damage_taken":0},{"event_name":"The Library","player_choice":"Heal","floor":22,"damage_taken":0},{"event_name":"Back to Basics","player_choice":"Simplicity","floor":27,"damage_taken":0},{"event_name":"Ghosts","player_choice":"Ignored","floor":28,"damage_taken":0}],"boss_relics":[{"not_picked":["Sozu","Runic Dome"],"picked":"Black Blood"}],"potions_floor_spawned":[3,7,12,13,23,24,31],"seed_played":"7375525825049485197","killed_by":"Collector","ascension_level":4,"is_trial":false}