{"path_per_floor":["M","?","$","?","?","E","?","E","T","M","R","E","M","?","R","B",null,"M","$","M","M","?","E","R","M","T","M","?","R","M","M","R","B",null,"M","$","M","?","M","E","?","R","T","M","M","R","?","M","R","B"],"character_chosen":"IRONCLAD","items_purchased":["Infernal Blade","Molten Egg 2","Gremlin Horn"],"gold_per_floor":[109,79,42,42,42,67,17,47,47,64,64,95,111,286,286,385,385,404,76,96,111,111,145,145,155,155,171,171,171,186,204,204,301,301,312,66,83,83,101,132,0,0,27,47,61,61,61,81,81,81],"floor_reached":51,"campfire_rested":6,"playtime":1756,"item_purchase_floors":[],"current_hp_per_floor":[78,78,78,71,55,61,61,69,69,77,77,70,76,76,76,18,68,74,74,61,56,56,33,58,54,54,47,31,58,19,21,48,14,73,39,39,33,33,41,34,34,70,70,51,22,60,40,41,80,33],"items_purged":["Doubt"],"gold":81,"score":1267,"play_id":"386d0883-ca48-4dad-ae91-6128863318ba","local_time":"20180613214830","is_prod":false,"is_daily":false,"chose_seed":false,"is_ascension_mode":true,"campfire_upgraded":2,"win_rate":0,"timestamp":1528919310,"campfire_choices":[{"data":"Dropkick","floor":11.0,"key":"SMITH"},{"data":"Demon Form","floor":15.0,"key":"SMITH"},{"floor":24,"key":"REST"},{"floor":29,"key":"REST"},{"floor":32,"key":"REST"},{"floor":42,"key":"REST"},{"floor":46,"key":"REST"},{"floor":49,"key":"REST"}],"path_taken":["M","?","$","?","?","E","?","E","T","M","R","E","M","?","R","BOSS","M","$","M","M","?","E","R","M","T","?","?","R","M","M","R","BOSS","M","$","?","?","M","E","?","R","T","M","M","R","?","M","R","BOSS"],"build_version":"2018-06-07v3","seed_source_timestamp":0,"purchased_purges":1,"victory":true,"master_deck":["Strike_R","Strike_R+1","Strike_R+1","Defend_R+1","Defend_R","Defend_R","Bash+1","Rampage+1","Infernal Blade+1","Dropkick+1","Battle Trance","Demon Form+1","Berserk","Rampage+1","Pommel Strike+1","Headbutt+1","Headbutt+1","Cleave+1","Immolate+1","Heavy Blade+1","Havoc+1"],"max_hp_per_floor":[80,80,80,80,80,80,80,82,82,84,84,84,84,84,84,84,84,84,84,86,86,86,86,86,88,88,90,90,90,90,92,92,92,92,92,92,92,92,94,96,96,96,96,98,100,100,102,104,104,104],"relics":["Burning Blood","NeowsBlessing","Singing Bowl","Whetstone","Paper Frog","Pen Nib","Busted Crown","Molten Egg 2","War Paint","Bottled Tornado","Enchiridion","Eternal Feather","Gremlin Horn","The Courier","Red Mask","Juzu Bracelet","Torii"],"card_choices":[{"not_picked":["Warcry","Flex"],"picked":"Rampage","floor":1.0},{"not_picked":["Clothesline","Ghostly Armor"],"picked":"Dropkick","floor":6.0},{"not_picked":["Battle Trance","Corruption","Wild Strike"],"picked":"Singing Bowl","floor":8.0},{"not_picked":["Anger","True Grit","Armaments"],"picked":"Singing Bowl","floor":10.0},{"not_picked":["Searing Blow","Blood for Blood"],"picked":"Battle Trance","floor":12.0},{"not_picked":["Dual Wield","Sever Soul"],"picked":"Demon Form","floor":13.0},{"not_picked":["Dark Embrace","Exhume"],"picked":"Berserk","floor":16.0},{"not_picked":[],"picked":"Rampage+1","floor":18.0},{"not_picked":["Havoc"],"picked":"Singing Bowl","floor":20.0},{"not_picked":[],"picked":"Pommel Strike+1","floor":21.0},{"not_picked":[],"picked":"Headbutt+1","floor":23},{"not_picked":["Twin Strike+1"],"picked":"Singing Bowl","floor":25},{"not_picked":["Dual Wield"],"picked":"Singing Bowl","floor":27},{"not_picked":[],"picked":"Cleave+1","floor":30},{"not_picked":["Sword Boomerang+1"],"picked":"Singing Bowl","floor":31},{"not_picked":[],"picked":"Immolate+1","floor":33},{"not_picked":[],"picked":"Heavy Blade+1","floor":35},{"not_picked":[],"picked":"Havoc+1","floor":37},{"not_picked":["Uppercut+1"],"picked":"Singing Bowl","floor":39},{"not_picked":["Sword Boomerang+1"],"picked":"Singing Bowl","floor":40},{"not_picked":["Pommel Strike+1"],"picked":"Singing Bowl","floor":44},{"not_picked":["Carnage+1"],"picked":"Singing Bowl","floor":45},{"not_picked":["Rage"],"picked":"Singing Bowl","floor":47},{"not_picked":["Spot Weakness+1"],"picked":"Singing Bowl","floor":48}],"player_experience":684950,"potions_floor_usage":[25,33,39,40,40,47,48,50,50],"damage_taken":[{"damage":0.0,"enemies":"Jaw Worm","floor":1.0,"turns":1.0},{"damage":0.0,"enemies":"Lagavulin","floor":6.0,"turns":1.0},{"damage":0.0,"enemies":"Gremlin Nob","floor":8.0,"turns":1.0},{"damage":0.0,"enemies":"Cultist","floor":10.0,"turns":2.0},{"damage":13.0,"enemies":"3 Sentries","floor":12.0,"turns":5.0},{"damage":0.0,"enemies":"2 Louse","floor":13.0,"turns":2.0},{"damage":64.0,"enemies":"The Guardian","floor":16.0,"turns":9.0},{"damage":0.0,"enemies":"Chosen","floor":18.0,"turns":4.0},{"damage":21.0,"enemies":"3 Byrds","floor":20.0,"turns":5.0},{"damage":23.0,"enemies":"Centurion and Healer","floor":21.0,"turns":4.0},{"damage":29.0,"enemies":"Book of Stabbing","floor":23.0,"turns":4.0},{"damage":12,"enemies":"Cultist and Chosen","floor":25,"turns":6},{"damage":15,"enemies":"Snecko","floor":27,"turns":4},{"damage":45,"enemies":"Snake Plant","floor":30,"turns":3},{"damage":6,"enemies":"3 Cultists","floor":31,"turns":3},{"damage":40,"enemies":"Automaton","floor":33,"turns":6},{"damage":40,"enemies":"3 Darklings","floor":35,"turns":3},{"damage":12,"enemies":"Orb Walker","floor":37,"turns":3},{"damage":0,"enemies":"Sphere and 2 Shapes","floor":39,"turns":4},{"damage":15,"enemies":"2 Orb Walkers","floor":40,"turns":3},{"damage":43,"enemies":"4 Shapes","floor":44,"turns":3},{"damage":37,"enemies":"Maw","floor":45,"turns":5},{"damage":28,"floor":47,"turns":3},{"damage":7,"enemies":"3 Darklings","floor":48,"turns":3},{"damage":53,"enemies":"Time Eater","floor":50,"turns":5}],"relics_obtained":[{"floor":6.0,"key":"Singing Bowl"},{"floor":8.0,"key":"Whetstone"},{"floor":9.0,"key":"Paper Frog"},{"floor":12.0,"key":"Pen Nib"},{"floor":23,"key":"War Paint"},{"floor":26,"key":"Bottled Tornado"},{"floor":28,"key":"Enchiridion"},{"floor":40,"key":"The Courier"},{"floor":43,"key":"Juzu Bracelet"},{"floor":47,"key":"Torii"}],"event_choices":[{"event_name":"The Woman in Blue","player_choice":"Bought 2 Potions","floor":2.0,"damage_taken":0.0},{"event_name":"Golden Wing","player_choice":"Card Removal","floor":4.0,"damage_taken":0.0},{"event_name":"Shining Light","player_choice":"Entered Light","floor":5.0,"damage_taken":0.0},{"event_name":"The Cleric","player_choice":"Card Removal","floor":7.0,"damage_taken":0.0},{"event_name":"Liars Game","player_choice":"agreed","floor":14.0,"damage_taken":0.0},{"event_name":"The Library","player_choice":"Read","floor":22.0,"damage_taken":0.0},{"event_name":"Cursed Tome","player_choice":"Obtained Book","floor":28,"damage_taken":0},{"event_name":"Falling","player_choice":"Removed Skill","floor":38,"damage_taken":0},{"event_name":"Tomb of Lord Red Mask","player_choice":"Paid","floor":41,"damage_taken":0},{"event_name":"MindBloom","player_choice":"Fight","floor":47,"damage_taken":0}],"boss_relics":[{"not_picked":["Black Blood","Cursed Key"],"picked":"Busted Crown"},{"not_picked":["Astrolabe","Mark of Pain"],"picked":"Eternal Feather"}],"items_purged_floors":[],"potions_floor_spawned":[1,10,16,20,23,25,31,35,39,44,45,47],"seed_played":"4486826751723206345","ascension_level":6,"potions_obtained":[{"floor":1.0,"key":"SkillPotion"},{"floor":2.0,"key":"Strength Potion"},{"floor":2.0,"key":"SkillPotion"},{"floor":16.0,"key":"Regen Potion"},{"floor":20.0,"key":"Fire Potion"},{"floor":23,"key":"SteroidPotion"},{"floor":25,"key":"Fire Potion"},{"floor":31,"key":"Swift Potion"},{"floor":35,"key":"LiquidBronze"},{"floor":39,"key":"Block Potion"},{"floor":44,"key":"Explosive Potion"},{"floor":45,"key":"SteroidPotion"},{"floor":47,"key":"Poison Potion"}],"is_trial":false}