{"gold_per_floor":[118,49,69,69,84,111,111,111,111,111,141,67,98,113,113,188,188,198,224,107,77],"floor_reached":21,"playtime":1350,"items_purged":[],"score":332,"play_id":"f71ef6b6-c461-4ab8-8434-ddc90d5dba8b","local_time":"20190126104743","is_ascension_mode":true,"campfire_choices":[{"data":"Rage","floor":7,"key":"SMITH"},{"floor":10,"key":"REST"},{"data":"Rage","floor":15,"key":"SMITH"}],"neow_cost":"NONE","seed_source_timestamp":13184730369205083,"circlet_count":0,"master_deck":["AscendersBane","Strike_R","Strike_R","Strike_R","Strike_R","Strike_R","Defend_R","Defend_R","Defend_R","Defend_R","Bash","Headbutt","Rampage","Rage+1","Warcry","Shrug It Off","Rage+1","Headbutt","Dropkick"],"relics":["Black Blood","NeowsBlessing","Ginger","Pear","Pantograph","Letter Opener","Omamori","Red Mask","Molten Egg 2"],"potions_floor_usage":[13,16,19],"damage_taken":[{"damage":0,"enemies":"Cultist","floor":1,"turns":1},{"damage":0,"enemies":"Small Slimes","floor":3,"turns":1},{"damage":0,"enemies":"2 Louse","floor":5,"turns":1},{"damage":41,"enemies":"3 Sentries","floor":6,"turns":10},{"damage":35,"enemies":"Lagavulin","floor":11,"turns":8},{"damage":5,"enemies":"3 Sentries","floor":13,"turns":8},{"damage":9,"enemies":"Red Slaver","floor":14,"turns":4},{"damage":68,"enemies":"Slime Boss","floor":16,"turns":13},{"damage":37,"enemies":"3 Byrds","floor":18,"turns":9},{"damage":49,"enemies":"Masked Bandits","floor":19,"turns":6},{"damage":16,"enemies":"2 Thieves","floor":21,"turns":1}],"seed_played":"-2825219824058515813","potions_obtained":[{"floor":3,"key":"FearPotion"},{"floor":5,"key":"SteroidPotion"},{"floor":11,"key":"Strength Potion"},{"floor":18,"key":"Regen Potion"}],"is_trial":false,"path_per_floor":["M","$","M","$","M","E","R","T","T","R","E","$","E","M","R","B",null,"M","?","?","M"],"character_chosen":"IRONCLAD","items_purchased":["Rampage","Rage"],"campfire_rested":1,"item_purchase_floors":[2,12],"current_hp_per_floor":[74,74,75,75,75,40,40,50,50,75,46,46,47,44,44,7,66,39,15,15,0],"gold":77,"neow_bonus":"THREE_ENEMY_KILL","is_prod":false,"is_daily":false,"chose_seed":false,"campfire_upgraded":2,"win_rate":0,"timestamp":1548496063,"path_taken":["M","?","?","$","?","E","R","?","T","R","E","$","E","M","R","BOSS","M","?","?","?"],"build_version":"2019-01-23","purchased_purges":0,"victory":false,"max_hp_per_floor":[75,75,75,75,75,75,75,85,85,85,85,85,85,85,85,85,85,85,85,85,85],"card_choices":[{"not_picked":["Armaments","Feel No Pain"],"picked":"Headbutt","floor":1},{"not_picked":["Body Slam","Warcry"],"picked":"Rage","floor":3},{"not_picked":["Perfected Strike","Dual Wield","Clash"],"picked":"SKIP","floor":5},{"not_picked":["Anger","Wild Strike"],"picked":"Warcry","floor":6},{"not_picked":["Spot Weakness","Hemokinesis"],"picked":"Shrug It Off","floor":11},{"not_picked":["Disarm","Sword Boomerang","Shockwave"],"picked":"SKIP","floor":13},{"not_picked":["Shrug It Off","Uppercut"],"picked":"Headbutt","floor":14},{"not_picked":["Perfected Strike","Carnage","Searing Blow"],"picked":"SKIP","floor":18},{"not_picked":["Clash+1","Wild Strike"],"picked":"Dropkick","floor":19}],"player_experience":334179,"relics_obtained":[{"floor":6,"key":"Ginger"},{"floor":8,"key":"Pear"},{"floor":9,"key":"Pantograph"},{"floor":11,"key":"Letter Opener"},{"floor":13,"key":"Omamori"},{"floor":19,"key":"Red Mask"}],"event_choices":[{"damage_healed":0,"gold_gain":0,"player_choice":"Fought Bandits","damage_taken":0,"max_hp_gain":0,"max_hp_loss":0,"event_name":"Masked Bandits","floor":19,"gold_loss":0},{"damage_healed":0,"gold_gain":0,"player_choice":"Paid Gold","damage_taken":0,"relics_obtained":["Molten Egg 2"],"max_hp_gain":0,"max_hp_loss":0,"event_name":"WeMeetAgain","floor":20,"gold_loss":117}],"is_beta":false,"boss_relics":[{"not_picked":["Philosopher\u0027s Stone","Busted Crown"],"picked":"Black Blood"}],"items_purged_floors":[],"is_endless":false,"potions_floor_spawned":[3,5,11,18],"killed_by":"2 Thieves","ascension_level":14}