{"gold_per_floor":[119,134,134,134,154,187,187,204,204,204,221,232,83,83,83,178,178,198,198,215,215],"floor_reached":21,"playtime":516,"items_purged":[],"score":271,"play_id":"c3158425-4f23-4bda-bd65-dbaf5f3ab335","local_time":"20181108151628","is_ascension_mode":true,"campfire_choices":[{"data":"Ball Lightning","floor":7.0,"key":"SMITH"},{"data":"Redo","floor":10.0,"key":"SMITH"},{"data":"Redo","floor":15.0,"key":"SMITH"}],"neow_cost":"NONE","seed_source_timestamp":77447553148861,"circlet_count":0,"master_deck":["AscendersBane","Strike_B","Strike_B","Strike_B","Strike_B","Defend_B","Defend_B","Defend_B","Defend_B","Zap","Dualcast","Auto Shields","Ball Lightning+1","Conserve Battery","FTL","Redo+1","Redo+1","Echo Form+1","Regret","Biased Cognition+1","Parasite","Shame","Leap","Chill+1"],"special_seed":0,"relics":["Cracked Core","NeowsBlessing","Cables","Gambling Chip","Frozen Egg 2","Bag of Preparation","Pear","Calling Bell","Potion Belt","Molten Egg 2","Shovel","Spirit Poop"],"potions_floor_usage":[16,20,21],"damage_taken":[{"damage":0.0,"enemies":"Jaw Worm","floor":1.0,"turns":1.0},{"damage":0.0,"enemies":"Cultist","floor":2.0,"turns":1.0},{"damage":0.0,"enemies":"Small Slimes","floor":5.0,"turns":1.0},{"damage":7.0,"enemies":"Gremlin Nob","floor":6.0,"turns":3.0},{"damage":0.0,"enemies":"Looter","floor":8.0,"turns":2.0},{"damage":0.0,"enemies":"Red Slaver","floor":11.0,"turns":3.0},{"damage":3.0,"enemies":"Lots of Slimes","floor":12.0,"turns":2.0},{"damage":25,"enemies":"Slime Boss","floor":16,"turns":6},{"damage":25,"enemies":"3 Byrds","floor":18,"turns":3},{"damage":18,"enemies":"2 Thieves","floor":20,"turns":4},{"damage":0,"enemies":"3 Cultists","floor":21,"turns":3}],"seed_played":"5111041939311941106","potions_obtained":[{"floor":1.0,"key":"PowerPotion"},{"floor":11.0,"key":"EntropicBrew"},{"floor":12.0,"key":"AttackPotion"},{"floor":18,"key":"Explosive Potion"}],"is_trial":false,"path_per_floor":["M","M","?","?","M","E","R","M","T","R","M","M","$","?","R","B",null,"M","?","M","M"],"character_chosen":"DEFECT","items_purchased":["Bag of Preparation"],"campfire_rested":0,"item_purchase_floors":[13],"current_hp_per_floor":[68,68,65,75,75,68,68,68,68,68,68,65,65,75,75,50,76,51,51,33,33],"gold":215,"neow_bonus":"THREE_ENEMY_KILL","is_prod":false,"is_daily":false,"chose_seed":false,"campfire_upgraded":3,"win_rate":0,"timestamp":1541686588,"path_taken":["M","M","?","?","M","E","R","M","T","R","M","?","$","?","R","BOSS","M","?","?","M"],"build_version":"2018-11-01","purchased_purges":0,"victory":false,"max_hp_per_floor":[75,75,75,75,75,75,75,75,75,75,75,75,75,85,85,85,85,85,85,85,85],"card_choices":[{"not_picked":["Barrage","Turbo"],"picked":"Auto Shields","floor":1.0},{"not_picked":["Streamline","Recycle"],"picked":"Ball Lightning","floor":2.0},{"not_picked":["Barrage","Skim"],"picked":"Conserve Battery","floor":5.0},{"not_picked":["Rebound","Creative AI"],"picked":"FTL","floor":6.0},{"not_picked":["Stack","Cold Snap"],"picked":"Redo","floor":8.0},{"not_picked":["Cold Snap","Auto Shields"],"picked":"Redo","floor":11.0},{"not_picked":["Barrage","Turbo"],"picked":"Echo Form+1","floor":12.0},{"not_picked":["Multi-Cast","Fission"],"picked":"Biased Cognition+1","floor":16},{"not_picked":["Sweeping Beam+1","Stack"],"picked":"Leap","floor":18},{"not_picked":["Lockon+1","Rebound+1"],"picked":"Chill+1","floor":20}],"player_experience":1145034,"relics_obtained":[{"floor":6.0,"key":"Gambling Chip"},{"floor":9.0,"key":"Frozen Egg 2"},{"floor":17,"key":"Potion Belt"},{"floor":17,"key":"Molten Egg 2"},{"floor":17,"key":"Shovel"}],"event_choices":[{"damage_healed":0.0,"max_hp_gain":0.0,"max_hp_loss":0.0,"gold_gain":0.0,"event_name":"Scrap Ooze","player_choice":"Success","floor":3.0,"gold_loss":0.0,"damage_taken":3.0,"relics_obtained":["Cables"]},{"damage_healed":10.0,"max_hp_gain":0.0,"max_hp_loss":0.0,"gold_gain":0.0,"event_name":"Wheel of Change","player_choice":"Full Heal","floor":4.0,"gold_loss":0.0,"damage_taken":0.0},{"damage_healed":0.0,"max_hp_gain":0.0,"max_hp_loss":0.0,"gold_gain":0.0,"event_name":"Big Fish","player_choice":"Box","floor":14.0,"gold_loss":0.0,"damage_taken":0.0,"relics_obtained":["Pear"],"cards_obtained":["Regret"]},{"cards_removed":["Pain"],"damage_healed":0,"gold_gain":0,"player_choice":"Offered Curse","damage_taken":0,"relics_obtained":["Spirit Poop"],"max_hp_gain":0,"max_hp_loss":0,"event_name":"Bonfire Elementals","floor":19,"gold_loss":0}],"is_beta":false,"boss_relics":[{"not_picked":["Velvet Choker","Sozu"],"picked":"Calling Bell"}],"items_purged_floors":[],"is_endless":false,"potions_floor_spawned":[1,11,12,18],"killed_by":"3 Cultists","ascension_level":10}