{"gold_per_floor":[116,116,13,0,27,60,60,73,98,98,109,137,151,151,151,247,247,259,259,174,99,99,99,99,132,179,198,212,212,227,9,9,108,108,120,138,138,151,166,166,14,49,119,132,132,132,132],"floor_reached":48,"playtime":2227,"items_purged":["Strike_B","Defend_B"],"score":805,"play_id":"466a6ec9-64b0-422d-bce2-59f13c745f04","local_time":"20180922163017","is_ascension_mode":true,"campfire_choices":[{"floor":7.0,"key":"REST"},{"data":"Redo","floor":10.0,"key":"SMITH"},{"data":"Dualcast","floor":15.0,"key":"SMITH"},{"floor":23.0,"key":"REST"},{"data":"Defend_B","floor":29.0,"key":"SMITH"},{"floor":32.0,"key":"REST"},{"floor":40.0,"key":"REST"},{"floor":45,"key":"REST"}],"neow_cost":"NONE","seed_source_timestamp":0,"circlet_count":0,"master_deck":["Strike_B","Strike_B+1","Defend_B+1","Defend_B","Defend_B+1","Zap+1","Dualcast+1","Ball Lightning+1","Redo+1","Finesse+1","Glacier+1","Leap+1","Defragment+1","Genetic Algorithm+1","Redo+1","Fission+1","Hologram+1","Tempest+1","Redo+1","Go for the Eyes+1","Chill+1","All For One","Thunder Strike","Cold Snap+1","Coolheaded+1","Fusion+1","Blizzard"],"special_seed":0,"relics":["Cracked Core","Toxic Egg 2","Whetstone","Blood Vial","War Paint","Oddly Smooth Stone","Inserter","Art of War","Symbiotic Virus","Regal Pillow","Happy Flower","Fusion Hammer","Vajra","Darkstone Periapt"],"potions_floor_usage":[47],"damage_taken":[{"damage":0.0,"enemies":"2 Louse","floor":1.0,"turns":2.0},{"damage":27.0,"enemies":"Lagavulin","floor":6.0,"turns":5.0},{"damage":0.0,"enemies":"Jaw Worm","floor":8.0,"turns":2.0},{"damage":0.0,"enemies":"Small Slimes","floor":11.0,"turns":3.0},{"damage":8.0,"enemies":"3 Sentries","floor":12.0,"turns":5.0},{"damage":0.0,"enemies":"2 Fungi Beasts","floor":13.0,"turns":4.0},{"damage":27.0,"enemies":"The Guardian","floor":16.0,"turns":9.0},{"damage":4.0,"enemies":"3 Byrds","floor":18.0,"turns":5.0},{"damage":16.0,"enemies":"Colosseum Slavers","floor":22.0,"turns":4.0},{"damage":12.0,"enemies":"Slavers","floor":25.0,"turns":6.0},{"damage":0.0,"enemies":"Chosen","floor":27.0,"turns":4.0},{"damage":0.0,"enemies":"3 Cultists","floor":28.0,"turns":4.0},{"damage":2.0,"enemies":"Cultist and Chosen","floor":30.0,"turns":4.0},{"damage":24.0,"enemies":"Collector","floor":33.0,"turns":8.0},{"damage":2.0,"enemies":"3 Shapes","floor":35.0,"turns":4.0},{"damage":0.0,"enemies":"3 Darklings","floor":36.0,"turns":5.0},{"damage":6.0,"enemies":"4 Shapes","floor":38.0,"turns":5.0},{"damage":23.0,"enemies":"Reptomancer","floor":39.0,"turns":8.0},{"damage":0.0,"enemies":"Giant Head","floor":42.0,"turns":8.0},{"damage":17,"enemies":"Sphere and 2 Shapes","floor":44,"turns":4},{"damage":47,"enemies":"Time Eater","floor":47,"turns":12}],"seed_played":"8078435067523336212","potions_obtained":[{"floor":6.0,"key":"LiquidBronze"},{"floor":8.0,"key":"GamblersBrew"},{"floor":12.0,"key":"Block Potion"},{"floor":16.0,"key":"Ancient Potion"},{"floor":27.0,"key":"Ancient Potion"},{"floor":30.0,"key":"FearPotion"},{"floor":33.0,"key":"Energy Potion"},{"floor":39.0,"key":"Explosive Potion"},{"floor":42.0,"key":"FairyPotion"}],"is_trial":false,"path_per_floor":["M","?","$","?","T","E","R","M","T","R","M","E","M","?","R","B",null,"M","?","?","$","?","R","$","E","T","M","M","R","M","$","R","B",null,"M","M","?","M","M","R","$","E","T","M","R","?","B"],"character_chosen":"DEFECT","items_purchased":["Finesse+1","All For One","Happy Flower","PowerPotion"],"campfire_rested":5,"item_purchase_floors":[3,31,31,41],"current_hp_per_floor":[75,57,57,57,57,30,52,54,54,54,56,50,52,52,52,27,75,71,57,57,57,43,67,67,57,57,59,61,61,61,61,80,56,80,78,80,76,70,49,76,76,76,76,59,76,76,29],"gold":132,"neow_bonus":"TRANSFORM_CARD","is_prod":false,"is_daily":false,"chose_seed":false,"campfire_upgraded":3,"win_rate":0,"timestamp":1537601417,"path_taken":["M","?","$","?","?","E","R","M","T","R","M","E","?","?","R","BOSS","M","?","?","?","?","R","$","E","T","M","?","R","M","$","R","BOSS","M","M","?","M","M","R","$","E","T","?","R","?","BOSS"],"build_version":"2018-09-20","purchased_purges":2,"victory":true,"max_hp_per_floor":[75,75,75,75,75,75,75,75,75,75,75,75,75,75,75,75,75,75,80,80,80,80,80,80,80,80,80,80,80,80,80,80,80,80,80,80,76,76,76,76,76,76,76,76,76,76,76],"card_choices":[{"not_picked":["Coolheaded","Conserve Battery"],"picked":"Redo","floor":1.0},{"not_picked":["Gash","Streamline"],"picked":"Glacier+1","floor":6.0},{"not_picked":["Ball Lightning","Hologram+1"],"picked":"Leap+1","floor":8.0},{"not_picked":["Auto Shields+1","Conserve Battery+1"],"picked":"Defragment","floor":11.0},{"not_picked":["Aggregate+1","Tempest+1"],"picked":"Genetic Algorithm+1","floor":12.0},{"not_picked":["Compile Driver","Static Discharge"],"picked":"Redo+1","floor":13.0},{"not_picked":["Buffer","Biased Cognition"],"picked":"Fission+1","floor":16.0},{"not_picked":["Compile Driver","Lockon"],"picked":"Hologram+1","floor":18.0},{"not_picked":["Amplify+1","BootSequence+1"],"picked":"Tempest+1","floor":25.0},{"not_picked":["Darkness+1","Beam Cell"],"picked":"Redo+1","floor":27.0},{"not_picked":["Gash","Aggregate+1"],"picked":"Go for the Eyes+1","floor":28.0},{"not_picked":["Stack+1","Steam+1"],"picked":"Chill+1","floor":30.0},{"not_picked":["Seek+1","Fission+1"],"picked":"Thunder Strike","floor":33.0},{"not_picked":["Go for the Eyes+1","Leap+1"],"picked":"Cold Snap+1","floor":35.0},{"not_picked":["Darkness+1","Redo+1"],"picked":"Coolheaded+1","floor":36.0},{"not_picked":["Coolheaded+1","Double Energy+1","Compile Driver"],"picked":"SKIP","floor":38.0},{"not_picked":["Hologram+1","Coolheaded+1"],"picked":"Fusion+1","floor":39.0},{"not_picked":["Rip and Tear","Darkness+1"],"picked":"Blizzard","floor":42.0},{"not_picked":["Rip and Tear","BootSequence+1","Stack+1"],"picked":"SKIP","floor":44}],"player_experience":142791,"relics_obtained":[{"floor":5.0,"key":"Whetstone"},{"floor":6.0,"key":"Blood Vial"},{"floor":9.0,"key":"War Paint"},{"floor":12.0,"key":"Oddly Smooth Stone"},{"floor":25.0,"key":"Symbiotic Virus"},{"floor":26.0,"key":"Regal Pillow"},{"floor":42.0,"key":"Vajra"},{"floor":43.0,"key":"Darkstone Periapt"}],"event_choices":[{"event_name":"Scrap Ooze","player_choice":"success","floor":2.0,"damage_taken":18.0},{"event_name":"World of Goop","player_choice":"Left","floor":4.0,"damage_taken":0.0},{"event_name":"Upgrade Shrine","player_choice":"Upgraded","floor":14.0,"damage_taken":0.0},{"event_name":"Forgotten Altar","player_choice":"Shed Blood","floor":19.0,"damage_taken":0.0},{"event_name":"Addict","player_choice":"Obtained Relic","floor":20.0,"damage_taken":0.0},{"event_name":"Colosseum","player_choice":"Fight","floor":22.0,"damage_taken":0.0},{"event_name":"Colosseum","player_choice":"Fled From Nobs","floor":22.0,"damage_taken":0.0},{"event_name":"Winding Halls","player_choice":"Max HP","floor":37.0,"damage_taken":0.0},{"event_name":"SecretPortal","player_choice":"Took Portal.","floor":46,"damage_taken":0}],"is_beta":false,"boss_relics":[{"not_picked":["Philosopher\u0027s Stone","Astrolabe"],"picked":"Inserter"},{"not_picked":["Velvet Choker","Calling Bell"],"picked":"Fusion Hammer"}],"items_purged_floors":[21,41],"is_endless":false,"potions_floor_spawned":[6,8,12,16,22,27,30,33,39,42,44],"ascension_level":2}