{"gold_per_floor":[110,110,260,272,272,304,319,319,319,336,336,355,355,291,291,291],"floor_reached":16,"playtime":374,"items_purged":[],"score":238,"play_id":"b09ea011-4884-4758-a39f-f740c6e3b75f","local_time":"20190218193200","is_ascension_mode":true,"campfire_choices":[{"floor":11,"key":"REST"},{"data":"Juggernaut","floor":13,"key":"SMITH"},{"data":"Strike_R","floor":15,"key":"PURGE"}],"neow_cost":"NONE","seed_source_timestamp":15204364115552344,"circlet_count":0,"master_deck":["AscendersBane","Strike_R","Strike_R","Strike_R","Strike_R","Defend_R","Defend_R","Defend_R","Defend_R","Bash","Twin Strike","Seeing Red","Juggernaut+1","True Grit","Warcry"],"relics":["Burning Blood","NeowsBlessing","Meat on the Bone","Bottled Flame","Peace Pipe"],"potions_floor_usage":[12],"damage_taken":[{"damage":0,"enemies":"2 Louse","floor":1,"turns":1},{"damage":0,"enemies":"Jaw Worm","floor":4,"turns":1},{"damage":0,"enemies":"3 Sentries","floor":6,"turns":1},{"damage":7,"enemies":"Cultist","floor":7,"turns":4},{"damage":17,"enemies":"3 Louse","floor":10,"turns":4},{"damage":19,"enemies":"Large Slime","floor":12,"turns":6},{"damage":67,"enemies":"The Guardian","floor":16,"turns":11}],"seed_played":"5789581159493618879","potions_obtained":[{"floor":7,"key":"Poison Potion"},{"floor":12,"key":"Energy Potion"}],"is_trial":false,"path_per_floor":["M","?","?","M","?","E","M","?","T","M","R","M","R","?","R","B"],"character_chosen":"IRONCLAD","items_purchased":[],"campfire_rested":1,"item_purchase_floors":[],"current_hp_per_floor":[74,79,79,80,80,80,79,72,72,61,80,67,67,67,67,0],"gold":291,"neow_bonus":"THREE_ENEMY_KILL","is_prod":false,"is_daily":false,"chose_seed":false,"campfire_upgraded":1,"win_rate":0,"timestamp":1550514720,"path_taken":["M","?","?","M","?","E","?","?","T","M","R","M","R","?","R","BOSS"],"build_version":"2019-01-23","purchased_purges":0,"victory":false,"max_hp_per_floor":[75,80,80,80,80,80,80,80,80,80,80,80,80,80,80,80],"card_choices":[{"not_picked":["Body Slam","Wild Strike","Rupture"],"picked":"SKIP","floor":1},{"not_picked":["Clothesline","Warcry"],"picked":"Twin Strike","floor":4},{"not_picked":["Flame Barrier","Searing Blow"],"picked":"Seeing Red","floor":6},{"not_picked":["Armaments","Metallicize"],"picked":"Juggernaut","floor":7},{"not_picked":["Battle Trance","Flame Barrier"],"picked":"True Grit","floor":10},{"not_picked":["Wild Strike","Sword Boomerang"],"picked":"Warcry","floor":12}],"player_experience":412590,"relics_obtained":[{"floor":6,"key":"Meat on the Bone"},{"floor":9,"key":"Bottled Flame"}],"event_choices":[{"damage_healed":0,"gold_gain":0,"player_choice":"Donut","damage_taken":0,"max_hp_gain":5,"max_hp_loss":0,"event_name":"Big Fish","floor":2,"gold_loss":0},{"damage_healed":0,"gold_gain":150,"player_choice":"AGREE","damage_taken":0,"max_hp_gain":0,"max_hp_loss":0,"event_name":"Liars Game","floor":3,"gold_loss":0,"cards_obtained":["Doubt"]},{"damage_healed":0,"gold_gain":0,"player_choice":"0 cards matched","damage_taken":0,"max_hp_gain":0,"max_hp_loss":0,"event_name":"Match and Keep!","floor":5,"gold_loss":0,"cards_obtained":[]},{"cards_removed":["Doubt"],"damage_healed":0,"gold_gain":0,"player_choice":"Card Removal","damage_taken":7,"max_hp_gain":0,"max_hp_loss":0,"event_name":"Golden Wing","floor":8,"gold_loss":0},{"damage_healed":0,"gold_gain":0,"player_choice":"Paid Gold","damage_taken":0,"relics_obtained":["Peace Pipe"],"max_hp_gain":0,"max_hp_loss":0,"event_name":"WeMeetAgain","floor":14,"gold_loss":64}],"is_beta":false,"boss_relics":[],"items_purged_floors":[],"is_endless":false,"potions_floor_spawned":[7,12],"killed_by":"The Guardian","ascension_level":18}