{"gold_per_floor":[119,92,171,184,184,184,213,213,213,226,241,316,316,349,349,445,445,456,467,390,58,73,100,112,144,156,168,279,301,330,267,279,291],"floor_reached":33,"playtime":1512,"items_purged":[],"score":435,"play_id":"56f75ac0-4d4f-47e1-8b92-664ec1987b76","local_time":"20180822210528","is_ascension_mode":true,"campfire_choices":[{"data":"Deadly Poison","floor":6,"key":"SMITH"},{"data":"Bouncing Flask","floor":8,"key":"SMITH"},{"data":"Backflip","floor":13,"key":"SMITH"},{"floor":15,"key":"REST"},{"floor":24,"key":"REST"},{"data":"Venomology","floor":27,"key":"SMITH"},{"floor":32,"key":"REST"}],"neow_cost":"","seed_source_timestamp":97294257447758,"circlet_count":0,"master_deck":["Defend_G","Defend_G","Defend_G","Defend_G","Defend_G","Strike_G","Strike_G","Strike_G","Strike_G","Survivor","Neutralize","Backstab","Deadly Poison+1","Footwork+1","Bouncing Flask+1","Backflip+1","Outmaneuver","PiercingWail","After Image","Deadly Poison+1","Blur+1","J.A.X.","Bane","Concentrate+1","Venomology+1","Dagger Throw","Sucker Punch+1","PiercingWail"],"relics":["Ring of the Snake","Pantograph","Snake Skull","Pen Nib","Black Star","Dead Branch","MawBank","Regal Pillow","Frozen Egg 2"],"potions_floor_usage":[7,23,23,23,29],"damage_taken":[{"damage":3,"enemies":"Jaw Worm","floor":1,"turns":4},{"damage":2,"enemies":"2 Louse","floor":4,"turns":3},{"damage":16,"enemies":"3 Sentries","floor":7,"turns":10},{"damage":0,"enemies":"Small Slimes","floor":10,"turns":3},{"damage":0,"enemies":"3 Louse","floor":11,"turns":3},{"damage":4,"enemies":"Gremlin Nob","floor":14,"turns":3},{"damage":39,"enemies":"The Guardian","floor":16,"turns":9},{"damage":11,"enemies":"Spheric Guardian","floor":18,"turns":3},{"damage":12,"enemies":"Shell Parasite","floor":19,"turns":4},{"damage":19,"enemies":"Snake Plant","floor":22,"turns":5},{"damage":3,"enemies":"Slavers","floor":23,"turns":4},{"damage":22,"enemies":"Sentry and Sphere","floor":25,"turns":6},{"damage":0,"enemies":"Snecko","floor":29,"turns":3},{"damage":16,"enemies":"Snake Plant","floor":30,"turns":6},{"damage":34,"enemies":"Automaton","floor":33,"turns":6}],"seed_played":"8720412390540895513","potions_obtained":[{"floor":4,"key":"AttackPotion"},{"floor":16,"key":"EssenceOfSteel"},{"floor":18,"key":"EssenceOfSteel"},{"floor":22,"key":"Explosive Potion"},{"floor":25,"key":"LiquidBronze"}],"is_trial":false,"path_per_floor":["M","$","?","M","?","R","E","R","T","M","M","?","R","E","R","B",null,"M","M","?","$","M","E","R","M","T","R","?","M","M","?","R"],"character_chosen":"THE_SILENT","items_purchased":["Deadly Poison","Dead Branch","Bane"],"campfire_rested":3,"item_purchase_floors":[2,21,21],"current_hp_per_floor":[60,60,60,58,58,58,42,42,42,42,42,31,31,27,48,31,60,49,37,37,37,18,15,51,29,29,29,29,29,13,13,49,36],"gold":291,"neow_bonus":"","is_prod":false,"is_daily":false,"chose_seed":false,"campfire_upgraded":4,"win_rate":0,"timestamp":1534964728,"path_taken":["M","$","?","M","?","R","E","R","T","M","?","?","R","E","R","BOSS","M","M","?","$","M","E","R","M","T","R","?","M","M","?","R","BOSS"],"build_version":"2018-08-16","purchased_purges":0,"victory":false,"max_hp_per_floor":[70,70,70,70,70,70,70,70,70,70,70,70,70,70,70,70,70,70,70,70,70,70,70,70,70,70,70,70,70,70,70,70,70],"card_choices":[{"not_picked":["Dagger Spray","Deadly Poison"],"picked":"Backstab","floor":1},{"not_picked":["Backstab","Slice"],"picked":"Footwork","floor":4},{"not_picked":["Sucker Punch","Terror"],"picked":"Bouncing Flask","floor":7},{"not_picked":["Dagger Spray","Dodge and Roll"],"picked":"Backflip","floor":10},{"not_picked":["Setup","Terror"],"picked":"Outmaneuver","floor":11},{"not_picked":["Backflip","Storm of Steel"],"picked":"PiercingWail","floor":14},{"not_picked":["Doppelganger","Malaise"],"picked":"After Image","floor":16},{"not_picked":["PiercingWail","Cloak And Dagger"],"picked":"Deadly Poison+1","floor":18},{"not_picked":["Infinite Blades","Dagger Throw"],"picked":"Blur+1","floor":19},{"not_picked":["PiercingWail","Riddle With Holes"],"picked":"Concentrate+1","floor":22},{"not_picked":["Eviscerate","PiercingWail"],"picked":"Venomology","floor":23},{"not_picked":["Accuracy","Underhanded Strike"],"picked":"Dagger Throw","floor":25},{"not_picked":["Backflip","Outmaneuver"],"picked":"Sucker Punch+1","floor":29},{"not_picked":["Flying Knee","Deflect"],"picked":"PiercingWail","floor":30}],"player_experience":918030,"relics_obtained":[{"floor":7,"key":"Pantograph"},{"floor":9,"key":"Snake Skull"},{"floor":14,"key":"Pen Nib"},{"floor":23,"key":"MawBank"},{"floor":23,"key":"Regal Pillow"},{"floor":26,"key":"Frozen Egg 2"}],"event_choices":[{"event_name":"Golden Wing","player_choice":"Gained Gold","floor":3,"damage_taken":0},{"event_name":"Living Wall","player_choice":"Grow","floor":5,"damage_taken":0},{"event_name":"World of Goop","player_choice":"Gather Gold","floor":12,"damage_taken":0},{"event_name":"Drug Dealer","player_choice":"Got JAXXED","floor":20,"damage_taken":0},{"event_name":"Nest","player_choice":"Stole From Cult","floor":28,"damage_taken":0},{"event_name":"Beggar","player_choice":"Gave Gold","floor":31,"damage_taken":0}],"is_beta":false,"boss_relics":[{"not_picked":["Eternal Feather","Busted Crown"],"picked":"Black Star"}],"items_purged_floors":[],"is_endless":false,"potions_floor_spawned":[4,16,18,22,25],"killed_by":"Automaton","ascension_level":9}