{"gold_per_floor":[16,32,50,225,225,225,225,239,239,253,130,165,165,196,196,196],"floor_reached":16,"playtime":457,"items_purged":[],"score":187,"play_id":"3c913e6f-9c13-427c-ad30-b813c9edc66d","local_time":"20190218185344","is_ascension_mode":true,"campfire_choices":[{"data":"Flame Barrier","floor":6,"key":"SMITH"},{"floor":13,"key":"REST"},{"data":"Bash","floor":15,"key":"SMITH"}],"neow_cost":"NO_GOLD","seed_source_timestamp":139000003121882,"circlet_count":0,"master_deck":["AscendersBane","Strike_R","Strike_R","Strike_R","Strike_R","Strike_R","Defend_R+1","Defend_R","Defend_R","Defend_R","Bash+1","Shrug It Off+1","Spot Weakness","Flame Barrier+1","Shockwave","Iron Wave","Dark Shackles","Dropkick","Corruption"],"relics":["Burning Blood","Self Forming Clay","Omamori","Singing Bowl"],"potions_floor_usage":[12,14],"damage_taken":[{"damage":0,"enemies":"Small Slimes","floor":1,"turns":3},{"damage":6,"enemies":"2 Louse","floor":2,"turns":3},{"damage":5,"enemies":"Jaw Worm","floor":3,"turns":4},{"damage":1,"enemies":"2 Fungi Beasts","floor":8,"turns":4},{"damage":16,"enemies":"Exordium Thugs","floor":10,"turns":7},{"damage":22,"enemies":"3 Sentries","floor":12,"turns":9},{"damage":14,"enemies":"Lagavulin","floor":14,"turns":10},{"damage":28,"enemies":"Slime Boss","floor":16,"turns":5}],"seed_played":"-2801157445657989561","potions_obtained":[{"floor":2,"key":"Swift Potion"},{"floor":8,"key":"Strength Potion"},{"floor":14,"key":"EssenceOfSteel"}],"is_trial":false,"path_per_floor":["M","M","M","?","?","R","?","M","T","M","$","E","R","E","R","B"],"character_chosen":"IRONCLAD","items_purchased":["Iron Wave","Dark Shackles"],"campfire_rested":1,"item_purchase_floors":[11,11],"current_hp_per_floor":[88,88,89,89,82,82,64,69,69,59,59,43,69,61,61,33],"gold":196,"neow_bonus":"TWENTY_PERCENT_HP_BONUS","is_prod":false,"is_daily":false,"chose_seed":false,"campfire_upgraded":2,"win_rate":0,"timestamp":1550512424,"path_taken":["M","M","M","?","?","R","?","M","T","M","$","E","R","E","R","BOSS"],"build_version":"2019-01-23","purchased_purges":0,"victory":false,"max_hp_per_floor":[89,89,89,89,89,89,89,89,89,89,89,89,89,89,89,89],"card_choices":[{"not_picked":["Twin Strike","Anger"],"picked":"Shrug It Off","floor":1},{"not_picked":["Havoc","Warcry"],"picked":"Spot Weakness","floor":2},{"not_picked":["Clash","Combust"],"picked":"Flame Barrier","floor":3},{"not_picked":["Anger","True Grit"],"picked":"Shockwave","floor":8},{"not_picked":["Fiend Fire","Perfected Strike","Twin Strike"],"picked":"SKIP","floor":10},{"not_picked":["Twin Strike","Flex"],"picked":"Dropkick","floor":12},{"not_picked":["Entrench","Rage"],"picked":"Corruption","floor":14}],"player_experience":2290452,"relics_obtained":[{"floor":9,"key":"Self Forming Clay"},{"floor":12,"key":"Omamori"},{"floor":14,"key":"Singing Bowl"}],"event_choices":[{"damage_healed":0,"gold_gain":175,"player_choice":"AGREE","damage_taken":0,"max_hp_gain":0,"max_hp_loss":0,"event_name":"Liars Game","floor":4,"gold_loss":0,"cards_obtained":["Doubt"]},{"cards_removed":["Doubt"],"damage_healed":0,"gold_gain":0,"player_choice":"Card Removal","damage_taken":7,"max_hp_gain":0,"max_hp_loss":0,"event_name":"Golden Wing","floor":5,"gold_loss":0},{"damage_healed":0,"gold_gain":0,"player_choice":"Entered Light","damage_taken":18,"max_hp_gain":0,"max_hp_loss":0,"event_name":"Shining Light","floor":7,"gold_loss":0,"cards_upgraded":["Shrug It Off","Defend_R"]}],"is_beta":false,"boss_relics":[],"items_purged_floors":[],"is_endless":false,"potions_floor_spawned":[2,8,10,14],"killed_by":"Slime Boss","ascension_level":14}