{"path_per_floor":["M","?","?","$","?","E","?","?","T","$","M","R","M","M","R","B",null,"M","M","?","M","$","E","R","M","T","M","M","M","M","?","R","B",null,"M","?","M","M"],"character_chosen":"IRONCLAD","items_purchased":["Clash","Blood for Blood"],"gold_per_floor":[119,119,119,19,19,45,45,107,107,68,84,84,99,113,113,217,217,231,251,251,262,162,190,190,206,206,216,236,255,266,266,266,368,368,388,388,407,424,424],"floor_reached":39,"campfire_rested":3,"playtime":2515,"current_hp_per_floor":[80,80,64,64,64,44,64,18,18,18,20,61,67,54,54,24,87,87,83,83,68,68,34,75,57,57,39,62,53,44,44,85,49,87,77,77,53,36,0],"items_purged":["Regret","Strike_R"],"gold":424,"score":405,"play_id":"3b417636-b053-4585-a7da-367478d645dc","local_time":"20180402122926","is_prod":false,"is_daily":false,"is_ascension_mode":false,"campfire_upgraded":1,"timestamp":1522664966,"path_taken":["M","?","?","$","?","E","?","?","T","$","M","R","M","?","R","BOSS","M","M","?","M","$","E","R","M","T","M","M","M","?","?","R","BOSS","M","?","M","M","?"],"build_version":"2018-03-29v2","purchased_purges":3,"victory":false,"master_deck":["Strike_R","Strike_R","Strike_R+1","Strike_R+1","Defend_R","Defend_R+1","Defend_R","Defend_R","Bash+1","Evolve+1","True Grit","Clash","Whirlwind","Parasite","Carnage","Blood for Blood","True Grit","Reckless Charge","Second Wind","Reaper","Parasite","Parasite","Clumsy","Sword Boomerang+1","Armaments","Limit Break","Flex+1","Power Through+1","True Grit+1","Power Through+1","Battle Trance","Reaper","Inflame+1","Sentinel+1"],"max_hp_per_floor":[80,80,80,80,80,80,80,87,87,87,87,87,87,87,87,87,87,87,87,87,87,87,87,87,87,87,87,87,87,87,87,87,87,87,87,87,87,87,87],"relics":["Burning Blood","Regal Pillow","Whetstone","Strawberry","Du-Vu Doll","Calling Bell","Omamori","Lantern","Red Skull","Bottled Tornado","Ice Cream","Black Star"],"card_choices":[{"not_picked":["Rampage","Thunderclap"],"picked":"Evolve","floor":0.0},{"not_picked":["Sword Boomerang","Clash"],"picked":"True Grit","floor":1.0},{"not_picked":["Iron Wave","Spot Weakness"],"picked":"Whirlwind","floor":6.0},{"not_picked":["Seeing Red","Wild Strike"],"picked":"Carnage","floor":8.0},{"not_picked":["Thunderclap","Wild Strike"],"picked":"True Grit","floor":11.0},{"not_picked":["Cleave","Warcry"],"picked":"Reckless Charge","floor":13.0},{"not_picked":["Warcry","Clothesline"],"picked":"Second Wind","floor":14.0},{"not_picked":["Impervious","Limit Break"],"picked":"Reaper","floor":16.0},{"not_picked":["Perfected Strike","Thunderclap"],"picked":"Sword Boomerang","floor":18.0},{"not_picked":["Headbutt","Combust"],"picked":"Sword Boomerang","floor":19.0},{"not_picked":["Pommel Strike","Inflame"],"picked":"Armaments","floor":21.0},{"not_picked":["Twin Strike","Juggernaut"],"picked":"Limit Break","floor":23.0},{"not_picked":["Body Slam","Perfected Strike"],"picked":"Flex","floor":25.0},{"not_picked":["Pommel Strike","Havoc"],"picked":"Power Through","floor":27.0},{"not_picked":["Headbutt","Rage"],"picked":"True Grit","floor":28.0},{"not_picked":["Sever Soul","Pummel"],"picked":"Power Through","floor":29.0},{"not_picked":["Rupture","Thunderclap"],"picked":"Battle Trance","floor":30.0},{"not_picked":["Offering","Limit Break"],"picked":"Reaper","floor":33},{"not_picked":["Warcry","Ghostly Armor"],"picked":"Inflame","floor":37},{"not_picked":["Rupture","Iron Wave"],"picked":"Sentinel","floor":38}],"player_experience":133595,"potions_floor_usage":[33,33,33,39],"damage_taken":[{"damage":1.0,"enemies":"2 Louse","floor":1.0,"turns":4.0},{"damage":26.0,"enemies":"Lagavulin","floor":6.0,"turns":7.0},{"damage":59.0,"enemies":"Lagavulin Event","floor":8.0,"turns":8.0},{"damage":4.0,"enemies":"Jaw Worm","floor":11.0,"turns":4.0},{"damage":0.0,"enemies":"Cultist","floor":13.0,"turns":3.0},{"damage":19.0,"enemies":"Large Slime","floor":14.0,"turns":5.0},{"damage":36.0,"enemies":"Hexaghost","floor":16.0,"turns":10.0},{"damage":4.0,"enemies":"Chosen","floor":18.0,"turns":5.0},{"damage":25.0,"enemies":"2 Thieves","floor":19.0,"turns":4.0},{"damage":21.0,"enemies":"Snake Plant","floor":21.0,"turns":4.0},{"damage":40.0,"enemies":"Gremlin Leader","floor":23.0,"turns":5.0},{"damage":36.0,"enemies":"3 Cultists","floor":25.0,"turns":6.0},{"damage":24.0,"enemies":"Centurion and Healer","floor":27.0,"turns":3.0},{"damage":5.0,"enemies":"Chosen and Byrds","floor":28.0,"turns":4.0},{"damage":15.0,"enemies":"3 Cultists","floor":29.0,"turns":5.0},{"damage":15.0,"enemies":"Snake Plant","floor":30.0,"turns":4.0},{"damage":54,"enemies":"Automaton","floor":33,"turns":11},{"damage":16,"enemies":"3 Shapes","floor":35,"turns":2},{"damage":75,"enemies":"3 Darklings","floor":37,"turns":5},{"damage":55,"enemies":"Maw","floor":38,"turns":8},{"damage":60,"enemies":"4 Shapes","floor":39,"turns":3}],"event_choices":[{"event_name":"Big Fish","player_choice":"Box","floor":2.0,"damage_taken":0.0},{"event_name":"Shining Light","player_choice":"Entered Light","floor":3.0,"damage_taken":0.0},{"event_name":"The Lab","player_choice":"Got Potions","floor":5.0,"damage_taken":0.0},{"event_name":"Mushrooms","player_choice":"Healed and dodged fight","floor":7.0,"damage_taken":0.0},{"event_name":"Dead Adventurer","player_choice":"Searched \u00271\u0027 times","floor":8.0,"damage_taken":0.0},{"event_name":"Forgotten Altar","player_choice":"Smashed Altar","floor":20.0,"damage_taken":0.0},{"event_name":"Vampires","player_choice":"Ignored","floor":31.0,"damage_taken":0.0}],"boss_relics":[{"not_picked":["Astrolabe","Cursed Key"],"picked":"Black Star"}],"potions_floor_spawned":[6,13,14,16,21,23,25,28,29,30,35],"seed_played":"-1059388223407254262","killed_by":"4 Shapes","ascension_level":0,"is_trial":false}