{"gold_per_floor":[110,126,126,141,91,124,137,168,168,168,187,217,233,47,47,147,147,158,186,13,13,13,13,13,26,26,38,48,48,66,83,83,186,186,197,197,107,117,166,166,185,185,185,203,222,77,77,7,7,7],"floor_reached":51,"playtime":9151,"items_purged":["Strike_G","Strike_G"],"score":684,"play_id":"fd848e2a-2e7d-4ec7-a432-5c0f1223668b","local_time":"20190220115828","is_ascension_mode":false,"campfire_choices":[{"floor":10,"key":"REST"},{"floor":15,"key":"REST"},{"floor":23,"key":"REST"},{"data":"Burst","floor":32,"key":"SMITH"},{"data":"Tactician","floor":40,"key":"SMITH"},{"data":"Neutralize","floor":42,"key":"SMITH"},{"data":"Footwork","floor":49,"key":"SMITH"}],"neow_cost":"NONE","seed_source_timestamp":56361528579509,"circlet_count":0,"master_deck":["Defend_G","Defend_G","Strike_G","Survivor+1","Neutralize+1","PiercingWail","Dash","Terror+1","Footwork+1","Burst+1","Blur","Acrobatics","Infinite Blades","Expertise","Adrenaline","Dodge and Roll+1","Footwork","Blur+1","Tactician+1","Infinite Blades","Malaise+1","Dagger Spray","Crippling Poison+1","Dodge and Roll","Catalyst+1","Corpse Explosion","Footwork"],"relics":["Ring of the Snake","Potion Belt","Oddly Smooth Stone","Lantern","War Paint","Odd Mushroom","Empty Cage","Red Mask","MutagenicStrength","Mercury Hourglass","WristBlade","Snake Skull","Peace Pipe"],"potions_floor_usage":[8,8,16,18,19,33,50,50],"damage_taken":[{"damage":0,"enemies":"Small Slimes","floor":1,"turns":5},{"damage":9,"enemies":"Jaw Worm","floor":2,"turns":7},{"damage":0,"enemies":"2 Louse","floor":4,"turns":3},{"damage":37,"enemies":"Lagavulin","floor":6,"turns":9},{"damage":1,"enemies":"Blue Slaver","floor":7,"turns":5},{"damage":10,"enemies":"3 Sentries","floor":8,"turns":15},{"damage":0,"enemies":"2 Fungi Beasts","floor":11,"turns":3},{"damage":7,"enemies":"The Mushroom Lair","floor":12,"turns":8},{"damage":1,"enemies":"3 Louse","floor":13,"turns":5},{"damage":4,"enemies":"The Guardian","floor":16,"turns":19},{"damage":0,"enemies":"3 Byrds","floor":18,"turns":5},{"damage":38,"enemies":"Masked Bandits","floor":19,"turns":12},{"damage":0,"enemies":"Spheric Guardian","floor":25,"turns":13},{"damage":0,"enemies":"Snake Plant","floor":27,"turns":9},{"damage":5,"enemies":"Snecko","floor":28,"turns":6},{"damage":0,"enemies":"Centurion and Healer","floor":30,"turns":11},{"damage":1,"enemies":"Chosen and Byrds","floor":31,"turns":8},{"damage":0,"enemies":"Collector","floor":33,"turns":21},{"damage":0,"enemies":"Orb Walker","floor":35,"turns":6},{"damage":0,"enemies":"3 Darklings","floor":38,"turns":12},{"damage":12,"enemies":"Sphere and 2 Shapes","floor":41,"turns":8},{"damage":4,"enemies":"4 Shapes","floor":44,"turns":4},{"damage":0,"enemies":"Spire Growth","floor":45,"turns":8},{"damage":49,"enemies":"Donu and Deca","floor":50,"turns":11}],"seed_played":"-2429298786485216523","potions_obtained":[{"floor":6,"key":"Poison Potion"},{"floor":7,"key":"AttackPotion"},{"floor":8,"key":"SkillPotion"},{"floor":16,"key":"LiquidBronze"},{"floor":18,"key":"SteroidPotion"},{"floor":27,"key":"LiquidBronze"},{"floor":30,"key":"SteroidPotion"},{"floor":33,"key":"Weak Potion"},{"floor":38,"key":"SmokeBomb"},{"floor":44,"key":"FairyPotion"}],"is_trial":false,"path_per_floor":["M","M","?","M","?","E","M","E","T","R","M","?","M","$","R","B",null,"M","?","$","?","?","R","?","M","T","M","M","$","M","M","R","B",null,"M","?","?","M","T","R","M","R","T","M","M","$","?","$","R","B",null],"character_chosen":"THE_SILENT","items_purchased":["Infinite Blades","Expertise","Footwork","Corpse Explosion","Footwork"],"campfire_rested":3,"item_purchase_floors":[14,14,20,46,48],"current_hp_per_floor":[70,61,66,66,66,29,28,18,18,40,40,33,32,32,54,50,75,75,37,37,37,37,59,59,59,59,59,54,54,54,53,53,53,75,75,75,75,75,75,75,63,63,63,59,59,59,59,59,59,10],"gold":7,"neow_bonus":"RANDOM_COMMON_RELIC","is_prod":false,"is_daily":false,"chose_seed":false,"campfire_upgraded":4,"win_rate":0.0,"timestamp":1550689108,"path_taken":["M","M","?","M","?","E","M","E","T","R","M","?","M","$","R","BOSS","M","?","$","?","?","R","?","M","T","M","M","$","?","M","R","BOSS","M","?","?","?","?","R","M","R","T","?","M","$","?","$","R","BOSS"],"build_version":"2019-01-23","purchased_purges":2,"victory":true,"max_hp_per_floor":[70,70,75,75,75,75,75,75,75,75,75,75,75,75,75,75,75,75,75,75,75,75,75,75,75,75,75,75,75,75,75,75,75,75,75,75,75,75,75,75,75,75,75,75,75,75,71,71,71,71],"card_choices":[{"not_picked":["Dagger Throw","Outmaneuver"],"picked":"PiercingWail","floor":1},{"not_picked":["Flechettes","Sucker Punch"],"picked":"Dash","floor":2},{"not_picked":["Sucker Punch","Predator"],"picked":"Terror","floor":4},{"not_picked":["Escape Plan","Slice"],"picked":"Footwork","floor":6},{"not_picked":["Reflex","Riddle With Holes","Poisoned Stab"],"picked":"SKIP","floor":7},{"not_picked":["Quick Slash","Bane","Reflex"],"picked":"SKIP","floor":8},{"not_picked":["Bouncing Flask","Prepared"],"picked":"Burst","floor":11},{"not_picked":["Bane","Dagger Throw"],"picked":"Blur","floor":12},{"not_picked":["Prepared","Blade Dance"],"picked":"Acrobatics","floor":13},{"not_picked":["Burst","Envenom"],"picked":"Adrenaline","floor":16},{"not_picked":["Slice+1","Dagger Throw"],"picked":"Dodge and Roll+1","floor":18},{"not_picked":["Bane","Deflect+1"],"picked":"Blur+1","floor":25},{"not_picked":["Poisoned Stab","Quick Slash"],"picked":"Tactician","floor":27},{"not_picked":["Underhanded Strike","Bane"],"picked":"Infinite Blades","floor":28},{"not_picked":["Heel Hook+1","Tactician","Escape Plan"],"picked":"SKIP","floor":30},{"not_picked":["Reflex","Deadly Poison","Bouncing Flask"],"picked":"SKIP","floor":31},{"not_picked":["Corpse Explosion","Burst"],"picked":"Malaise","floor":33},{"not_picked":["Prepared","Dagger Throw","Distraction"],"picked":"SKIP","floor":35},{"not_picked":["Deadly Poison+1","Dash+1"],"picked":"Dagger Spray","floor":38},{"not_picked":["Blur+1","Flying Knee"],"picked":"Crippling Poison+1","floor":41},{"not_picked":["Bane","Slice+1"],"picked":"Dodge and Roll","floor":44},{"not_picked":["Slice","Crippling Poison"],"picked":"Catalyst+1","floor":45}],"player_experience":26349,"relics_obtained":[{"floor":6,"key":"Oddly Smooth Stone"},{"floor":8,"key":"Lantern"},{"floor":9,"key":"War Paint"},{"floor":12,"key":"Odd Mushroom"},{"floor":19,"key":"Red Mask"},{"floor":26,"key":"Mercury Hourglass"},{"floor":39,"key":"Snake Skull"},{"floor":43,"key":"Peace Pipe"}],"event_choices":[{"damage_healed":0,"gold_gain":0,"player_choice":"Donut","damage_taken":0,"max_hp_gain":5,"max_hp_loss":0,"event_name":"Big Fish","floor":3,"gold_loss":0},{"cards_removed":["Strike_G"],"damage_healed":0,"gold_gain":0,"player_choice":"Card Removal","damage_taken":0,"max_hp_gain":0,"max_hp_loss":0,"event_name":"The Cleric","floor":5,"gold_loss":50},{"damage_healed":0,"gold_gain":0,"player_choice":"Fought Mushrooms","damage_taken":0,"max_hp_gain":0,"max_hp_loss":0,"event_name":"Mushrooms","floor":12,"gold_loss":0},{"damage_healed":0,"gold_gain":0,"player_choice":"Fought Bandits","damage_taken":0,"max_hp_gain":0,"max_hp_loss":0,"event_name":"Masked Bandits","floor":19,"gold_loss":0},{"damage_healed":0,"gold_gain":0,"player_choice":"Ignored","damage_taken":0,"max_hp_gain":0,"max_hp_loss":0,"event_name":"Vampires","floor":21,"gold_loss":0},{"damage_healed":0,"gold_gain":0,"player_choice":"Inject Mutagens","damage_taken":0,"relics_obtained":["MutagenicStrength"],"max_hp_gain":0,"max_hp_loss":0,"event_name":"Drug Dealer","floor":24,"gold_loss":0},{"cards_removed":["Strike_G"],"damage_healed":0,"gold_gain":0,"player_choice":"Removed Attack","damage_taken":0,"max_hp_gain":0,"max_hp_loss":0,"event_name":"Falling","floor":36,"gold_loss":0},{"cards_removed":["Defend_G"],"damage_healed":0,"gold_gain":0,"player_choice":"Upgrade and Remove","damage_taken":0,"max_hp_gain":0,"max_hp_loss":0,"event_name":"Designer","floor":37,"gold_loss":90,"cards_upgraded":["Malaise"]},{"damage_healed":0,"gold_gain":0,"player_choice":"Max HP","damage_taken":0,"max_hp_gain":0,"max_hp_loss":4,"event_name":"Winding Halls","floor":47,"gold_loss":0}],"is_beta":false,"boss_relics":[{"not_picked":["Snecko Eye","Orrery"],"picked":"Empty Cage"},{"not_picked":["Cursed Key","Eternal Feather"],"picked":"WristBlade"}],"items_purged_floors":[14,20],"is_endless":false,"potions_floor_spawned":[6,7,8,16,18,27,30,33,38,44],"ascension_level":0}