{"gold_per_floor":[114,114,114,114,132,163,234,234,258,301,48,48,69,108,108,232,232,252,252,268,268,288,288,328,328,328,328],"floor_reached":27,"playtime":1379,"items_purged":["Strike_B"],"score":286,"play_id":"783b1ca3-87fc-4cab-9bf2-829548b575d8","local_time":"20190208120233","is_ascension_mode":true,"campfire_choices":[{"data":"Storm","floor":8,"key":"SMITH"},{"data":"Static Discharge","floor":12,"key":"SMITH"},{"floor":15,"key":"REST"},{"data":"Chaos","floor":23,"key":"SMITH"},{"data":"Buffer","floor":25,"key":"SMITH"}],"neow_cost":"NONE","seed_source_timestamp":354528589288768,"circlet_count":0,"master_deck":["Strike_B","Defend_B","Defend_B+1","Defend_B","Defend_B","Zap","Dualcast+1","Static Discharge+1","Storm+1","Ball Lightning","Conserve Battery","Sweeping Beam+1","Compile Driver+1","Capacitor","Glacier","Ball Lightning+1","Cold Snap+1","Reboot","Amplify","Storm","Melter+1","Beam Cell+1","Chaos+1","Buffer+1"],"relics":["Cracked Core","NeowsBlessing","Golden Idol","Pen Nib","Molten Egg 2","Smiling Mask","Cables","War Paint","Velvet Choker","Symbiotic Virus","Peace Pipe"],"potions_floor_usage":[10,18,24,24],"damage_taken":[{"damage":0,"enemies":"Small Slimes","floor":1,"turns":1},{"damage":0,"enemies":"2 Louse","floor":5,"turns":1},{"damage":0,"enemies":"Lagavulin","floor":6,"turns":1},{"damage":14,"enemies":"3 Sentries","floor":7,"turns":6},{"damage":13,"enemies":"Gremlin Nob","floor":10,"turns":4},{"damage":6,"enemies":"Jaw Worm","floor":13,"turns":3},{"damage":7,"enemies":"Lagavulin","floor":14,"turns":5},{"damage":25,"enemies":"The Guardian","floor":16,"turns":12},{"damage":29,"enemies":"2 Thieves","floor":18,"turns":3},{"damage":0,"enemies":"Chosen","floor":20,"turns":3},{"damage":15,"enemies":"Snecko","floor":22,"turns":4},{"damage":15,"enemies":"Gremlin Leader","floor":24,"turns":4},{"damage":17,"enemies":"Book of Stabbing","floor":27,"turns":4}],"seed_played":"934189890939814265","potions_obtained":[{"floor":1,"key":"Strength Potion"},{"floor":6,"key":"Swift Potion"},{"floor":14,"key":"Ancient Potion"},{"floor":16,"key":"Energy Potion"},{"floor":18,"key":"EssenceOfSteel"}],"is_trial":false,"path_per_floor":["M","?","?","?","M","E","?","R","T","E","$","R","M","E","R","B",null,"M","?","M","?","M","R","E","R","T","E"],"character_chosen":"DEFECT","items_purchased":["Capacitor","Glacier","Ball Lightning+1"],"campfire_rested":1,"item_purchase_floors":[11,11,11],"current_hp_per_floor":[75,57,50,50,50,50,36,36,36,23,23,23,17,10,32,7,75,46,46,46,46,31,31,16,16,16,0],"gold":328,"neow_bonus":"THREE_ENEMY_KILL","is_prod":false,"is_daily":false,"chose_seed":false,"campfire_upgraded":4,"win_rate":0,"timestamp":1549656153,"path_taken":["M","?","?","?","M","E","?","R","T","E","$","R","?","E","R","BOSS","M","?","M","?","M","R","E","R","T","E"],"build_version":"2019-01-23","purchased_purges":1,"victory":false,"max_hp_per_floor":[75,75,75,75,75,75,75,75,75,75,75,75,75,75,75,75,75,75,75,75,75,75,75,75,75,75,75],"card_choices":[{"not_picked":["Rip and Tear","Defragment"],"picked":"Static Discharge","floor":1},{"not_picked":["Conserve Battery","Gash"],"picked":"Ball Lightning","floor":5},{"not_picked":["Barrage","Steam"],"picked":"Conserve Battery","floor":6},{"not_picked":["Reprogram","Leap"],"picked":"Sweeping Beam","floor":7},{"not_picked":["Force Field","Hello World"],"picked":"Compile Driver+1","floor":10},{"not_picked":["Leap","Sweeping Beam+1"],"picked":"Cold Snap+1","floor":13},{"not_picked":["Compile Driver+1","Recycle"],"picked":"Reboot","floor":14},{"not_picked":["Hyperbeam+1","Meteor Strike+1"],"picked":"Amplify","floor":16},{"not_picked":["White Noise","Compile Driver+1"],"picked":"Storm","floor":18},{"not_picked":["Hologram","Gash+1"],"picked":"Beam Cell+1","floor":20},{"not_picked":["Auto Shields","Recycle+1"],"picked":"Chaos","floor":22},{"not_picked":["Rebound+1","Turbo"],"picked":"Buffer","floor":24}],"player_experience":127561,"relics_obtained":[{"floor":6,"key":"Pen Nib"},{"floor":7,"key":"Molten Egg 2"},{"floor":9,"key":"Smiling Mask"},{"floor":10,"key":"Cables"},{"floor":14,"key":"War Paint"},{"floor":24,"key":"Symbiotic Virus"},{"floor":26,"key":"Peace Pipe"}],"event_choices":[{"damage_healed":0,"gold_gain":0,"player_choice":"Take Damage","damage_taken":18,"relics_obtained":["Golden Idol"],"max_hp_gain":0,"max_hp_loss":0,"event_name":"Golden Idol","floor":2,"gold_loss":0},{"cards_removed":["Strike_B"],"damage_healed":0,"gold_gain":0,"player_choice":"Card Removal","damage_taken":7,"max_hp_gain":0,"max_hp_loss":0,"event_name":"Golden Wing","floor":3,"gold_loss":0},{"damage_healed":0,"gold_gain":0,"cards_transformed":["Strike_B"],"player_choice":"Change","damage_taken":0,"max_hp_gain":0,"max_hp_loss":0,"event_name":"Living Wall","floor":4,"gold_loss":0,"cards_obtained":["Storm"]},{"damage_healed":0,"gold_gain":0,"player_choice":"Searched \u00271\u0027 times","damage_taken":0,"max_hp_gain":0,"max_hp_loss":0,"event_name":"Dead Adventurer","floor":7,"gold_loss":0},{"damage_healed":0,"gold_gain":0,"player_choice":"Read","damage_taken":0,"max_hp_gain":0,"max_hp_loss":0,"event_name":"The Library","floor":19,"gold_loss":0,"cards_obtained":["Melter"]},{"damage_healed":0,"gold_gain":0,"player_choice":"Ignored","damage_taken":0,"max_hp_gain":0,"max_hp_loss":0,"event_name":"Ghosts","floor":21,"gold_loss":0}],"is_beta":false,"boss_relics":[{"not_picked":["Orrery","Cursed Key"],"picked":"Velvet Choker"}],"items_purged_floors":[11],"is_endless":false,"potions_floor_spawned":[1,6,14,16,18],"killed_by":"Book of Stabbing","ascension_level":1}