{"gold_per_floor":[119,119,8,22,22,22,22,22,71,84,84,103,103,132,132,232,232,245,71,90,189,189,220,220,238,238,272,272,292,325,344,344,447,447,466,480,492,714,714,714,725,725,725,725,741,741,758,777,777,777],"floor_reached":51,"playtime":3849,"items_purged":["Strike_R","Strike_R"],"score":994,"play_id":"79a3ba26-d9d4-44c2-b99c-dfbd64087ead","local_time":"20190112114805","is_ascension_mode":true,"campfire_choices":[{"data":"Inflame","floor":6.0,"key":"SMITH"},{"data":"Flex","floor":11.0,"key":"SMITH"},{"floor":15.0,"key":"REST"},{"floor":24.0,"key":"REST"},{"data":"Second Wind","floor":32.0,"key":"SMITH"},{"data":"Feel No Pain","floor":40.0,"key":"SMITH"},{"data":"Exhume","floor":42.0,"key":"SMITH"},{"floor":46.0,"key":"REST"},{"floor":49.0,"key":"REST"}],"neow_cost":"NONE","seed_source_timestamp":0,"circlet_count":0,"master_deck":["Strike_R+1","Defend_R","Bash","Inflame+1","Flex+1","Second Wind+1","Feed","Battle Trance+1","Dropkick","Shrug It Off+1","Power Through","Feel No Pain+1","Rampage+1","Rage+1","Juggernaut","Wild Strike+1","Iron Wave+1","Exhume+1","Decay","Warcry"],"special_seed":0,"relics":["Runic Pyramid","Omamori","Dodecahedron","Cursed Key","Necronomicon","Bag of Preparation","Meat on the Bone","Letter Opener","Red Mask","Empty Cage","Molten Egg 2"],"potions_floor_usage":[50,50],"damage_taken":[{"damage":6.0,"enemies":"Jaw Worm","floor":1.0,"turns":5.0},{"damage":0.0,"enemies":"Cultist","floor":4.0,"turns":3.0},{"damage":2.0,"enemies":"2 Louse","floor":10.0,"turns":3.0},{"damage":11.0,"enemies":"Blue Slaver","floor":12.0,"turns":3.0},{"damage":20.0,"enemies":"3 Sentries","floor":14.0,"turns":9.0},{"damage":52.0,"enemies":"Hexaghost","floor":16.0,"turns":11.0},{"damage":31.0,"enemies":"2 Thieves","floor":18.0,"turns":4.0},{"damage":2.0,"enemies":"Chosen","floor":20.0,"turns":2.0},{"damage":0.0,"enemies":"Book of Stabbing","floor":23.0,"turns":3.0},{"damage":0.0,"enemies":"Centurion and Healer","floor":25.0,"turns":3.0},{"damage":5.0,"enemies":"Slavers","floor":27.0,"turns":6.0},{"damage":0.0,"enemies":"Snake Plant","floor":29.0,"turns":2.0},{"damage":0.0,"enemies":"Masked Bandits","floor":30.0,"turns":3.0},{"damage":4.0,"enemies":"Shelled Parasite and Fungi","floor":31.0,"turns":4.0},{"damage":3.0,"enemies":"Automaton","floor":33.0,"turns":9.0},{"damage":0.0,"enemies":"Orb Walker","floor":35.0,"turns":2.0},{"damage":0.0,"enemies":"3 Shapes","floor":36.0,"turns":3.0},{"damage":0.0,"enemies":"Jaw Worm Horde","floor":37.0,"turns":4.0},{"damage":2.0,"enemies":"Transient","floor":41.0,"turns":5.0},{"damage":0.0,"enemies":"Maw","floor":45.0,"turns":5.0},{"damage":0.0,"enemies":"Sphere and 2 Shapes","floor":47.0,"turns":4.0},{"damage":12.0,"enemies":"Spire Growth","floor":48.0,"turns":4.0},{"damage":17,"enemies":"Donu and Deca","floor":50,"turns":8}],"seed_played":"-4527376754493079604","potions_obtained":[{"floor":12.0,"key":"Energy Potion"},{"floor":16.0,"key":"Ancient Potion"},{"floor":18.0,"key":"SkillPotion"},{"floor":23.0,"key":"AttackPotion"},{"floor":30.0,"key":"Weak Potion"},{"floor":35.0,"key":"FearPotion"},{"floor":36.0,"key":"SkillPotion"},{"floor":41.0,"key":"Strength Potion"},{"floor":48.0,"key":"Regen Potion"}],"is_trial":false,"path_per_floor":["M","?","$","M","$","R","?","$","T","M","R","M","?","E","R","B",null,"M","$","M","?","?","E","R","M","T","E","?","M","?","M","R","B",null,"M","M","M","?","?","R","M","R","T","?","M","R","M","M","R","B",null],"character_chosen":"IRONCLAD","items_purchased":["Inflame","Dropkick"],"campfire_rested":4,"item_purchase_floors":[3,19],"current_hp_per_floor":[74,74,74,74,74,74,74,74,74,72,72,61,54,34,58,6,80,52,52,53,53,37,37,62,65,65,63,63,66,69,68,68,65,101,104,107,110,110,110,110,108,108,108,108,111,113,116,104,116,111],"gold":777,"neow_bonus":"BOSS_RELIC","is_prod":false,"is_daily":false,"chose_seed":false,"campfire_upgraded":5,"win_rate":0,"timestamp":1547290085,"path_taken":["M","?","?","M","$","R","?","?","T","M","R","?","?","E","R","BOSS","M","$","M","?","?","E","R","M","T","E","?","M","?","?","R","BOSS","M","M","M","?","?","R","M","R","T","?","M","R","M","?","R","BOSS"],"build_version":"2019-01-10","purchased_purges":2,"victory":true,"max_hp_per_floor":[80,80,80,80,80,80,80,80,80,80,80,80,80,80,80,80,80,83,83,86,86,86,86,86,89,89,92,92,95,98,101,101,101,101,104,107,110,110,110,110,110,110,110,110,113,113,116,116,116,119],"card_choices":[{"not_picked":["True Grit","Twin Strike","Clothesline"],"picked":"SKIP","floor":1.0},{"not_picked":["Anger","Power Through","Dual Wield"],"picked":"SKIP","floor":4.0},{"not_picked":["Thunderclap","Twin Strike","Second Wind"],"picked":"SKIP","floor":10.0},{"not_picked":["Sword Boomerang","Intimidate"],"picked":"Second Wind","floor":12.0},{"not_picked":["Immolate","Battle Trance","Second Wind"],"picked":"SKIP","floor":14.0},{"not_picked":["Dark Embrace","Brutality"],"picked":"Feed","floor":16.0},{"not_picked":["Thunderclap","Infernal Blade"],"picked":"Battle Trance+1","floor":18.0},{"not_picked":["Inflame","Warcry+1"],"picked":"Shrug It Off+1","floor":20.0},{"not_picked":["Cleave","Seeing Red+1"],"picked":"Power Through","floor":23.0},{"not_picked":["Thunderclap","Armaments"],"picked":"Feel No Pain","floor":25.0},{"not_picked":["Headbutt","Carnage+1","Armaments"],"picked":"SKIP","floor":27.0},{"not_picked":["Bloodletting+1","Reckless Charge"],"picked":"Rampage+1","floor":29.0},{"not_picked":["Clothesline","Pommel Strike+1"],"picked":"Rage+1","floor":30.0},{"not_picked":["Headbutt","Clash","Twin Strike"],"picked":"SKIP","floor":31.0},{"not_picked":["Berserk","Reaper"],"picked":"Juggernaut","floor":33.0},{"not_picked":["Anger+1","Cleave+1"],"picked":"Wild Strike+1","floor":35.0},{"not_picked":["Rampage","Shrug It Off+1"],"picked":"Iron Wave+1","floor":36.0},{"not_picked":["Flex","Headbutt","Anger+1"],"picked":"SKIP","floor":37.0},{"not_picked":["Havoc","Wild Strike+1"],"picked":"Exhume","floor":41.0},{"not_picked":["Iron Wave+1","Flex","Whirlwind+1"],"picked":"SKIP","floor":45.0},{"not_picked":["Headbutt+1","Iron Wave+1","Pommel Strike+1"],"picked":"SKIP","floor":47.0},{"not_picked":["True Grit+1","Twin Strike+1"],"picked":"Warcry","floor":48.0}],"player_experience":205656,"relics_obtained":[{"floor":9.0,"key":"Omamori"},{"floor":14.0,"key":"Dodecahedron"},{"floor":22.0,"key":"Necronomicon"},{"floor":23.0,"key":"Bag of Preparation"},{"floor":26.0,"key":"Meat on the Bone"},{"floor":27.0,"key":"Letter Opener"},{"floor":30.0,"key":"Red Mask"},{"floor":43.0,"key":"Molten Egg 2"}],"event_choices":[{"damage_healed":0.0,"max_hp_gain":0.0,"max_hp_loss":0.0,"gold_gain":0.0,"event_name":"Accursed Blacksmith","player_choice":"Forge","floor":2.0,"gold_loss":0.0,"damage_taken":0.0,"cards_upgraded":["Strike_R"]},{"damage_healed":0.0,"max_hp_gain":0.0,"max_hp_loss":0.0,"gold_gain":0.0,"cards_transformed":["Defend_R"],"event_name":"Living Wall","player_choice":"Change","floor":7.0,"gold_loss":0.0,"damage_taken":0.0,"cards_obtained":["Flex"]},{"cards_removed":["Strike_R"],"damage_healed":0.0,"max_hp_gain":0.0,"max_hp_loss":0.0,"gold_gain":0.0,"event_name":"Golden Wing","player_choice":"Card Removal","floor":13.0,"gold_loss":0.0,"damage_taken":7.0},{"damage_healed":0.0,"max_hp_gain":0.0,"max_hp_loss":0.0,"gold_gain":99.0,"event_name":"Nest","player_choice":"Stole From Cult","floor":21.0,"gold_loss":0.0,"damage_taken":0.0},{"damage_healed":0.0,"max_hp_gain":0.0,"max_hp_loss":0.0,"gold_gain":0.0,"event_name":"Cursed Tome","player_choice":"Obtained Book","floor":22.0,"gold_loss":0.0,"damage_taken":16.0},{"damage_healed":0.0,"max_hp_gain":0.0,"max_hp_loss":0.0,"gold_gain":0.0,"event_name":"Ghosts","player_choice":"Ignored","floor":28.0,"gold_loss":0.0,"damage_taken":0.0},{"damage_healed":0.0,"max_hp_gain":0.0,"max_hp_loss":0.0,"gold_gain":0.0,"event_name":"Masked Bandits","player_choice":"Fought Bandits","floor":30.0,"gold_loss":0.0,"damage_taken":0.0},{"damage_healed":0.0,"max_hp_gain":0.0,"max_hp_loss":0.0,"gold_gain":222.0,"event_name":"Tomb of Lord Red Mask","player_choice":"Wore Mask","floor":38.0,"gold_loss":0.0,"damage_taken":0.0},{"damage_healed":0.0,"max_hp_gain":0.0,"max_hp_loss":0.0,"gold_gain":0.0,"event_name":"Mysterious Sphere","player_choice":"Ignored","floor":39.0,"gold_loss":0.0,"damage_taken":0.0},{"cards_removed":["Defend_R"],"damage_healed":0.0,"max_hp_gain":0.0,"max_hp_loss":0.0,"gold_gain":0.0,"event_name":"Falling","player_choice":"Removed Skill","floor":44.0,"gold_loss":0.0,"damage_taken":0.0}],"is_beta":false,"boss_relics":[{"not_picked":["Busted Crown","Sozu"],"picked":"Cursed Key"},{"not_picked":["Fusion Hammer","Eternal Feather"],"picked":"Empty Cage"}],"items_purged_floors":[3,19],"is_endless":false,"potions_floor_spawned":[12,16,18,23,30,31,35,36,41,45,48],"ascension_level":4}