{"gold_per_floor":[19,34,50,67,77,77,109,109,132,144,194,221,221,237,237,316,316,326,376,376,395,411,411,411],"floor_reached":24,"playtime":893,"items_purged":[],"score":470,"play_id":"aef15722-1bff-49c0-87c1-39db85935d0c","local_time":"20190103213028","is_ascension_mode":true,"campfire_choices":[{"data":"Bash","floor":6.0,"key":"SMITH"},{"data":"Hemokinesis","floor":8.0,"key":"SMITH"},{"data":"Whirlwind","floor":13.0,"key":"SMITH"},{"floor":15.0,"key":"REST"},{"data":"Immolate","floor":23.0,"key":"SMITH"}],"neow_cost":"NO_GOLD","seed_source_timestamp":175487906330194,"circlet_count":0,"master_deck":["AscendersBane","Strike_R","Strike_R","Strike_R","Defend_R","Defend_R","Defend_R","Defend_R","Bash+1","Rupture","Hemokinesis+1","Iron Wave","Clothesline","Corruption+1","Exhume","Inflame","Whirlwind+1","Immolate+1"],"special_seed":0,"relics":["Burning Blood","Incense Burner","Lantern","Runic Pyramid"],"potions_floor_usage":[24],"damage_taken":[{"damage":10.0,"enemies":"Small Slimes","floor":1.0,"turns":4.0},{"damage":3.0,"enemies":"Cultist","floor":2.0,"turns":2.0},{"damage":15.0,"enemies":"Jaw Worm","floor":3.0,"turns":2.0},{"damage":21.0,"enemies":"Large Slime","floor":4.0,"turns":7.0},{"damage":6.0,"enemies":"Exordium Thugs","floor":5.0,"turns":4.0},{"damage":6.0,"enemies":"Lagavulin","floor":7.0,"turns":7.0},{"damage":14.0,"enemies":"Red Slaver","floor":10.0,"turns":3.0},{"damage":6.0,"enemies":"Gremlin Nob","floor":12.0,"turns":4.0},{"damage":26.0,"enemies":"Lots of Slimes","floor":14.0,"turns":3.0},{"damage":34.0,"enemies":"Hexaghost","floor":16.0,"turns":9.0},{"damage":21.0,"enemies":"Spheric Guardian","floor":18.0,"turns":6.0},{"damage":25.0,"enemies":"3 Byrds","floor":21.0,"turns":6.0},{"damage":14.0,"enemies":"Cultist and Chosen","floor":22.0,"turns":3.0},{"damage":32,"enemies":"Slavers","floor":24,"turns":3}],"seed_played":"417373972850569263","potions_obtained":[{"floor":2.0,"key":"Energy Potion"},{"floor":3.0,"key":"Fire Potion"},{"floor":4.0,"key":"Ancient Potion"},{"floor":10.0,"key":"Poison Potion"},{"floor":18.0,"key":"Regen Potion"},{"floor":21.0,"key":"Strength Potion"}],"is_trial":false,"path_per_floor":["M","M","M","M","M","R","E","R","T","M","?","E","R","M","R","B",null,"M","?","?","M","M","R","E"],"character_chosen":"IRONCLAD","items_purchased":[],"campfire_rested":1,"item_purchase_floors":[],"current_hp_per_floor":[64,67,58,43,43,43,43,43,43,35,35,35,35,15,37,9,59,44,44,44,40,32,32,0],"gold":411,"neow_bonus":"TRANSFORM_TWO_CARDS","is_prod":false,"is_daily":false,"chose_seed":false,"campfire_upgraded":4,"win_rate":0,"timestamp":1546522228,"path_taken":["M","M","M","M","M","R","E","R","T","M","?","E","R","?","R","BOSS","M","?","?","?","M","R","E"],"build_version":"2019-01-02","purchased_purges":0,"victory":false,"max_hp_per_floor":[75,75,75,75,75,75,75,75,75,75,75,75,75,75,75,75,75,75,75,75,75,75,75,75],"card_choices":[{"not_picked":["Anger","Flex"],"picked":"Iron Wave","floor":1.0},{"not_picked":["Seeing Red","Body Slam"],"picked":"Clothesline","floor":2.0},{"not_picked":["Thunderclap","Iron Wave"],"picked":"Corruption","floor":3.0},{"not_picked":["Metallicize","Warcry"],"picked":"Exhume","floor":4.0},{"not_picked":["Cleave","Thunderclap","Clash"],"picked":"SKIP","floor":5.0},{"not_picked":["Sword Boomerang","Warcry"],"picked":"Inflame","floor":7.0},{"not_picked":["Perfected Strike","Carnage"],"picked":"Whirlwind","floor":10.0},{"not_picked":["Pummel","Wild Strike","Evolve"],"picked":"SKIP","floor":12.0},{"not_picked":["Clash","Rage","Anger"],"picked":"SKIP","floor":14.0},{"not_picked":["Berserk","Dark Embrace"],"picked":"Immolate","floor":16.0},{"not_picked":["Perfected Strike","Searing Blow","Twin Strike+1"],"picked":"SKIP","floor":18.0},{"not_picked":["Twin Strike","Reckless Charge","Iron Wave"],"picked":"SKIP","floor":21.0},{"not_picked":["Thunderclap","Wild Strike","Cleave+1"],"picked":"SKIP","floor":22.0}],"player_experience":1315203,"relics_obtained":[{"floor":7.0,"key":"Incense Burner"},{"floor":12.0,"key":"Lantern"}],"event_choices":[{"damage_healed":0.0,"max_hp_gain":0.0,"max_hp_loss":0.0,"gold_gain":50.0,"event_name":"Golden Shrine","player_choice":"Pray","floor":11.0,"gold_loss":0.0,"damage_taken":0.0},{"damage_healed":0.0,"max_hp_gain":0.0,"max_hp_loss":0.0,"gold_gain":50.0,"event_name":"Nest","player_choice":"Stole From Cult","floor":19.0,"gold_loss":0.0,"damage_taken":0.0},{"damage_healed":0.0,"max_hp_gain":0.0,"max_hp_loss":0.0,"gold_gain":0.0,"event_name":"Upgrade Shrine","player_choice":"Upgraded","floor":20.0,"gold_loss":0.0,"damage_taken":0.0,"cards_upgraded":["Corruption"]}],"is_beta":true,"boss_relics":[{"not_picked":["Busted Crown","Velvet Choker"],"picked":"Runic Pyramid"}],"items_purged_floors":[],"is_endless":false,"potions_floor_spawned":[2,3,4,10,18,21],"killed_by":"Slavers","ascension_level":20}