{"gold_per_floor":[119,119,138,162,162,162,188,205,279,313,102,129,142,157,157,256,256,273,196,206,219,235,235,268,367,367,367,392,409,313,39,39,39],"floor_reached":33,"playtime":1375,"items_purged":[],"score":442,"play_id":"7bfa9240-7ec2-4c80-ae61-62517002af99","local_time":"20180823181623","is_ascension_mode":true,"campfire_choices":[{"data":"Flex","floor":6.0,"key":"SMITH"},{"data":"Apotheosis","floor":15,"key":"SMITH"},{"floor":23,"key":"REST"},{"floor":32,"key":"REST"}],"neow_cost":"","seed_source_timestamp":0,"circlet_count":0,"master_deck":["Strike_R+1","Strike_R+1","Strike_R+1","Strike_R+1","Defend_R+1","Defend_R+1","Defend_R+1","Defend_R+1","Bash","Pommel Strike","Flex+1","Cleave","Heavy Blade","Shrug It Off","Pommel Strike","Apotheosis+1","Battle Trance","True Grit","Clash","Bludgeon","Flame Barrier","J.A.X.","Headbutt+1","Carnage","Searing Blow+1","Dual Wield","Dark Shackles","Magnetism","Uppercut","Heavy Blade"],"special_seed":0,"relics":["Burning Blood","Oddly Smooth Stone","Bag of Marbles","Blood Vial","Dodecahedron","Bird Faced Urn","Art of War","Snecko Eye","Smiling Mask","Torii","Dream Catcher"],"potions_floor_usage":[21,24,33,33],"damage_taken":[{"damage":2.0,"enemies":"2 Louse","floor":1.0,"turns":3.0},{"damage":2.0,"enemies":"Jaw Worm","floor":3.0,"turns":3.0},{"damage":6.0,"enemies":"Gremlin Nob","floor":7.0,"turns":3.0},{"damage":6.0,"enemies":"Small Slimes","floor":8.0,"turns":2.0},{"damage":10.0,"enemies":"3 Sentries","floor":10.0,"turns":3.0},{"damage":7.0,"enemies":"Lagavulin","floor":12.0,"turns":10.0},{"damage":6.0,"enemies":"Gremlin Gang","floor":13.0,"turns":2.0},{"damage":6,"enemies":"Exordium Wildlife","floor":14,"turns":4},{"damage":18,"enemies":"Slime Boss","floor":16,"turns":8},{"damage":0,"enemies":"Chosen","floor":18,"turns":3},{"damage":15,"enemies":"Shell Parasite","floor":20,"turns":3},{"damage":30,"enemies":"Snake Plant","floor":21,"turns":4},{"damage":21,"enemies":"Chosen and Byrds","floor":22,"turns":4},{"damage":39,"enemies":"Gremlin Leader","floor":24,"turns":3},{"damage":14,"enemies":"Slavers","floor":28,"turns":6},{"damage":3,"enemies":"Snecko","floor":29,"turns":2},{"damage":63,"enemies":"Collector","floor":33,"turns":9}],"seed_played":"-4260220352926438460","potions_obtained":[{"floor":3.0,"key":"Energy Potion"},{"floor":8.0,"key":"AttackPotion"},{"floor":10.0,"key":"Ancient Potion"},{"floor":14,"key":"Swift Potion"},{"floor":18,"key":"BloodPotion"},{"floor":28,"key":"Swift Potion"},{"floor":29,"key":"Block Potion"}],"is_trial":false,"path_per_floor":["M","?","M","T","?","R","E","M","T","E","$","E","M","M","R","B",null,"M","?","M","M","M","R","E","?","T","?","E","M","$","$","R"],"character_chosen":"IRONCLAD","items_purchased":["Pommel Strike","Apotheosis","Dark Shackles","Magnetism","Uppercut"],"campfire_rested":2,"item_purchase_floors":[11,11,30,31,31],"current_hp_per_floor":[76,69,73,73,66,66,66,68,68,66,66,67,69,71,71,61,75,80,80,71,49,36,60,37,37,37,37,31,36,36,36,60,1],"gold":39,"neow_bonus":"","is_prod":false,"is_daily":false,"chose_seed":false,"campfire_upgraded":2,"win_rate":0,"timestamp":1535040983,"path_taken":["M","?","M","?","?","R","E","M","T","E","$","E","M","M","R","BOSS","M","?","M","?","M","R","E","?","T","?","E","M","?","$","R","BOSS"],"build_version":"2018-08-16","purchased_purges":0,"victory":false,"max_hp_per_floor":[80,80,80,80,80,80,80,80,80,80,80,80,80,80,80,80,80,80,80,80,80,80,80,80,80,80,80,80,80,80,80,80,80],"card_choices":[{"not_picked":["Thunderclap","Heavy Blade"],"picked":"Pommel Strike","floor":1.0},{"not_picked":["Clothesline","Hemokinesis"],"picked":"Flex","floor":3.0},{"not_picked":["Brutality","Warcry"],"picked":"Cleave","floor":7.0},{"not_picked":["Iron Wave","Dual Wield"],"picked":"Heavy Blade","floor":8.0},{"not_picked":["Rage","Whirlwind"],"picked":"Shrug It Off","floor":10.0},{"not_picked":["Wild Strike","Searing Blow"],"picked":"Battle Trance","floor":12.0},{"not_picked":["Thunderclap","Carnage"],"picked":"True Grit","floor":13.0},{"not_picked":["Body Slam","Intimidate"],"picked":"Clash","floor":14},{"not_picked":["Reaper","Demon Form"],"picked":"Bludgeon","floor":16},{"not_picked":["Shrug It Off","Heavy Blade"],"picked":"Flame Barrier","floor":18},{"not_picked":["Sword Boomerang","Iron Wave"],"picked":"Headbutt+1","floor":20},{"not_picked":["Flex","Second Wind+1"],"picked":"Carnage","floor":21},{"not_picked":["Thunderclap","Flex+1","Hemokinesis"],"picked":"SKIP","floor":22},{"not_picked":["Cleave+1","Pommel Strike"],"picked":"Searing Blow+1","floor":24},{"not_picked":["Reckless Charge","Sentinel","Power Through+1"],"picked":"SKIP","floor":28},{"not_picked":["Dropkick","Intimidate"],"picked":"Dual Wield","floor":29},{"not_picked":["Wild Strike","Cleave"],"picked":"Heavy Blade","floor":32}],"player_experience":923880,"relics_obtained":[{"floor":4.0,"key":"Oddly Smooth Stone"},{"floor":7.0,"key":"Blood Vial"},{"floor":9.0,"key":"Dodecahedron"},{"floor":10.0,"key":"Bird Faced Urn"},{"floor":12.0,"key":"Art of War"},{"floor":24,"key":"Smiling Mask"},{"floor":26,"key":"Torii"},{"floor":28,"key":"Dream Catcher"}],"event_choices":[{"event_name":"Golden Wing","player_choice":"Card Removal","floor":2.0,"damage_taken":0.0},{"event_name":"Scrap Ooze","player_choice":"success","floor":5.0,"damage_taken":7.0},{"event_name":"Drug Dealer","player_choice":"Got JAXXED","floor":19,"damage_taken":0},{"event_name":"Nest","player_choice":"Stole From Cult","floor":25,"damage_taken":0},{"event_name":"Back to Basics","player_choice":"Simplicity","floor":27,"damage_taken":0}],"is_beta":false,"boss_relics":[{"not_picked":["Tiny House","Busted Crown"],"picked":"Snecko Eye"}],"items_purged_floors":[],"is_endless":false,"potions_floor_spawned":[3,8,10,14,18,28,29],"killed_by":"Collector","ascension_level":9}