{"gold_per_floor":[117,117,42,42,42,102,102,131,208,224,75,91,110,124,124,228,228,247,280,280,31,44,44,55,130,205,219,60,85,85,103,103,206,206,220,220,232,7,7,7,41,41,64,74,49,67,67,77,77,77,77,77,53,79,79],"floor_reached":56,"playtime":11406,"items_purged":["Regret","Doubt","Parasite","Defend_B"],"score":1279,"play_id":"d807e675-538f-40e0-8cbd-34cfa14c42a9","local_time":"20190108232914","is_ascension_mode":false,"campfire_choices":[{"data":"Dualcast","floor":7.0,"key":"SMITH"},{"data":"Hologram","floor":15.0,"key":"SMITH"},{"data":"Loop","floor":23.0,"key":"SMITH"},{"floor":30.0,"key":"RECALL"},{"data":"Double Energy","floor":32.0,"key":"SMITH"},{"data":"Buffer","floor":40.0,"key":"SMITH"},{"data":"Capacitor","floor":42.0,"key":"SMITH"},{"data":"Hologram","floor":47.0,"key":"SMITH"},{"data":"Scrape","floor":49.0,"key":"SMITH"},{"data":"Go for the Eyes","floor":52.0,"key":"SMITH"}],"neow_cost":"NONE","seed_source_timestamp":0,"circlet_count":0,"master_deck":["Strike_B","Strike_B","Strike_B","Defend_B","Defend_B","Defend_B","Zap+1","Dualcast+1","Glacier","Steam","Loop+1","Hologram+1","Go for the Eyes+1","Hologram+1","All For One","Hologram","Defragment+1","Double Energy+1","Glacier+1","Reprogram","Darkness+1","Electrodynamics","Buffer+1","Beam Cell+1","Melter","Conserve Battery","Capacitor+1","Reprogram","Gash","Gash","Scrape+1","Beam Cell","Recycle+1"],"special_seed":0,"relics":["Cracked Core","NeowsBlessing","Thread and Needle","Tiny Chest","Gambling Chip","Bag of Preparation","Calling Bell","Regal Pillow","Matryoshka","Emotion Chip","Red Mask","Spirit Poop","Blood Vial","Centennial Puzzle","Shuriken","Kunai","Question Card","Bronze Scales","Nuclear Battery","Ornamental Fan","DataDisk","Juzu Bracelet","Pen Nib"],"potions_floor_usage":[55,55,55],"damage_taken":[{"damage":0.0,"enemies":"2 Louse","floor":1.0,"turns":1.0},{"damage":0.0,"enemies":"Gremlin Nob","floor":6.0,"turns":1.0},{"damage":0.0,"enemies":"Lagavulin","floor":8.0,"turns":2.0},{"damage":0.0,"enemies":"Jaw Worm","floor":10.0,"turns":3.0},{"damage":0.0,"enemies":"Small Slimes","floor":12.0,"turns":3.0},{"damage":0.0,"enemies":"Looter","floor":13.0,"turns":2.0},{"damage":0.0,"enemies":"Exordium Thugs","floor":14.0,"turns":5.0},{"damage":60.0,"enemies":"Hexaghost","floor":16.0,"turns":14.0},{"damage":2.0,"enemies":"Spheric Guardian","floor":18.0,"turns":3.0},{"damage":11.0,"enemies":"Masked Bandits","floor":19.0,"turns":9.0},{"damage":0.0,"enemies":"3 Byrds","floor":22.0,"turns":5.0},{"damage":1.0,"enemies":"Shelled Parasite and Fungi","floor":24.0,"turns":8.0},{"damage":11.0,"enemies":"Centurion and Healer","floor":27.0,"turns":3.0},{"damage":2.0,"enemies":"Gremlin Leader","floor":29.0,"turns":6.0},{"damage":2.0,"enemies":"Cultist and Chosen","floor":31.0,"turns":4.0},{"damage":0.0,"enemies":"Automaton","floor":33.0,"turns":6.0},{"damage":10.0,"enemies":"3 Darklings","floor":35.0,"turns":4.0},{"damage":0.0,"enemies":"3 Shapes","floor":37.0,"turns":2.0},{"damage":0.0,"enemies":"Nemesis","floor":41.0,"turns":7.0},{"damage":0.0,"enemies":"Sphere and 2 Shapes","floor":44.0,"turns":3.0},{"damage":0.0,"enemies":"Maw","floor":46.0,"turns":5.0},{"damage":0.0,"enemies":"4 Shapes","floor":48.0,"turns":3.0},{"damage":11.0,"enemies":"Donu and Deca","floor":50.0,"turns":9.0},{"damage":0.0,"enemies":"Shield and Spear","floor":54.0,"turns":4.0},{"damage":45,"enemies":"The Heart","floor":55,"turns":11}],"seed_played":"4281816247540999033","potions_obtained":[{"floor":1.0,"key":"GamblersBrew"},{"floor":8.0,"key":"Regen Potion"},{"floor":18.0,"key":"Dexterity Potion"},{"floor":22.0,"key":"Strength Potion"},{"floor":27.0,"key":"Weak Potion"},{"floor":31.0,"key":"EssenceOfSteel"},{"floor":33.0,"key":"FocusPotion"},{"floor":35.0,"key":"Swift Potion"},{"floor":44.0,"key":"Dexterity Potion"}],"is_trial":false,"path_per_floor":["M","?","$","?","?","E","R","E","T","M","$","M","M","M","R","B",null,"M","?","?","$","M","R","M","T","T","M","$","E","R","M","R","B",null,"M","?","M","$","T","R","E","R","T","M","$","M","R","M","R","B",null,"R","$","E","B",null],"character_chosen":"DEFECT","items_purchased":["Bag of Preparation","Blood Vial","Reprogram","Capacitor","Gash","Beam Cell"],"campfire_rested":0,"item_purchase_floors":[11,21,28,38,45,53],"current_hp_per_floor":[75,75,75,75,75,75,75,75,75,75,75,75,75,75,75,15,75,73,62,62,62,64,64,65,65,65,56,56,56,56,56,56,58,72,62,62,64,64,64,64,66,66,66,68,68,70,70,72,72,61,72,72,72,72,42],"gold":79,"neow_bonus":"THREE_ENEMY_KILL","is_prod":false,"is_daily":false,"chose_seed":false,"campfire_upgraded":9,"win_rate":0,"timestamp":1546957754,"path_taken":["M","?","$","?","?","E","R","E","T","M","?","M","?","M","R","BOSS","M","?","?","$","?","R","M","?","T","M","$","E","R","M","R","BOSS","M","?","M","?","?","R","E","R","T","M","?","M","R","M","R","BOSS","R","$","E","BOSS"],"build_version":"2019-01-03v4","purchased_purges":4,"victory":true,"max_hp_per_floor":[75,75,75,75,75,75,75,75,75,75,75,75,75,75,75,75,75,75,75,75,75,75,75,75,75,75,75,72,72,72,72,72,72,72,72,72,72,72,72,72,72,72,72,72,72,72,72,72,72,72,72,72,72,72,72],"card_choices":[{"not_picked":["Self Repair","Redo"],"picked":"Glacier","floor":1.0},{"not_picked":["Streamline","Sunder"],"picked":"Steam","floor":6.0},{"not_picked":["Double Energy","Hyperbeam"],"picked":"Loop","floor":8.0},{"not_picked":["Gash","Double Energy"],"picked":"Hologram","floor":10.0},{"not_picked":["Coolheaded","Barrage","Redo"],"picked":"SKIP","floor":12.0},{"not_picked":["Compile Driver","Rip and Tear"],"picked":"Go for the Eyes","floor":13.0},{"not_picked":["Steam","Beam Cell"],"picked":"Hologram","floor":14.0},{"not_picked":["Multi-Cast","Hyperbeam"],"picked":"All For One","floor":16.0},{"not_picked":["Barrage","Sweeping Beam"],"picked":"Hologram","floor":18.0},{"not_picked":["Glacier","Steam"],"picked":"Defragment+1","floor":19.0},{"not_picked":["Aggregate+1","Skim","Sweeping Beam"],"picked":"SKIP","floor":22.0},{"not_picked":["Darkness","Compile Driver+1"],"picked":"Double Energy","floor":24.0},{"not_picked":["Turbo","Compile Driver+1","Beam Cell+1"],"picked":"Glacier+1","floor":27.0},{"not_picked":["Storm+1","Coolheaded","Lockon"],"picked":"Darkness+1","floor":29.0},{"not_picked":["Steam+1","Hologram","Turbo"],"picked":"Electrodynamics","floor":31.0},{"not_picked":["Electrodynamics","Hyperbeam","Thunder Strike"],"picked":"Buffer","floor":33.0},{"not_picked":["Compile Driver+1","Streamline+1","Reprogram+1"],"picked":"Beam Cell+1","floor":35.0},{"not_picked":["Barrage+1","Lockon+1","Darkness"],"picked":"Conserve Battery","floor":37.0},{"not_picked":["Stack+1","Echo Form","Hologram+1"],"picked":"Reprogram","floor":41.0},{"not_picked":["Turbo+1","Compile Driver","Barrage+1","Steam Power+1"],"picked":"SKIP","floor":44.0},{"not_picked":["Reinforced Body+1","Undo","Conserve Battery+1"],"picked":"Gash","floor":46.0},{"not_picked":["Hologram","Sweeping Beam","Compile Driver+1"],"picked":"Scrape","floor":48.0},{"not_picked":["Blizzard","Sweeping Beam","Reprogram+1"],"picked":"Recycle+1","floor":54.0}],"player_experience":298575,"relics_obtained":[{"floor":6.0,"key":"Tiny Chest"},{"floor":8.0,"key":"Gambling Chip"},{"floor":17.0,"key":"Regal Pillow"},{"floor":17.0,"key":"Matryoshka"},{"floor":17.0,"key":"Emotion Chip"},{"floor":19.0,"key":"Red Mask"},{"floor":25.0,"key":"Centennial Puzzle"},{"floor":25.0,"key":"Shuriken"},{"floor":26.0,"key":"Kunai"},{"floor":26.0,"key":"Question Card"},{"floor":29.0,"key":"Bronze Scales"},{"floor":39.0,"key":"Ornamental Fan"},{"floor":41.0,"key":"DataDisk"},{"floor":43.0,"key":"Juzu Bracelet"},{"floor":54.0,"key":"Pen Nib"}],"event_choices":[{"damage_healed":0.0,"max_hp_gain":0.0,"max_hp_loss":0.0,"gold_gain":0.0,"event_name":"Big Fish","player_choice":"Box","floor":2.0,"gold_loss":0.0,"damage_taken":0.0,"relics_obtained":["Thread and Needle"],"cards_obtained":["Regret"]},{"damage_healed":0.0,"max_hp_gain":0.0,"max_hp_loss":0.0,"gold_gain":0.0,"event_name":"Living Wall","player_choice":"Grow","floor":4.0,"gold_loss":0.0,"damage_taken":0.0,"cards_upgraded":["Zap"]},{"damage_healed":0.0,"max_hp_gain":0.0,"max_hp_loss":0.0,"gold_gain":0.0,"event_name":"Liars Game","player_choice":"Ignored","floor":5.0,"gold_loss":0.0,"damage_taken":0.0},{"damage_healed":0.0,"max_hp_gain":0.0,"max_hp_loss":0.0,"gold_gain":0.0,"event_name":"Masked Bandits","player_choice":"Fought Bandits","floor":19.0,"gold_loss":0.0,"damage_taken":0.0},{"cards_removed":["Decay"],"damage_healed":0.0,"max_hp_gain":0.0,"max_hp_loss":0.0,"gold_gain":0.0,"event_name":"Bonfire Elementals","player_choice":"Offered Curse","floor":20.0,"gold_loss":0.0,"damage_taken":0.0,"relics_obtained":["Spirit Poop"]},{"damage_healed":0.0,"max_hp_gain":0.0,"max_hp_loss":0.0,"gold_gain":0.0,"cards_transformed":["Strike_B"],"event_name":"Transmorgrifier","player_choice":"Transformed","floor":36.0,"gold_loss":0.0,"damage_taken":0.0,"cards_obtained":["Melter"]}],"is_beta":false,"boss_relics":[{"not_picked":["Velvet Choker","Snecko Eye"],"picked":"Calling Bell"},{"not_picked":["Eternal Feather","White Beast Statue"],"picked":"Nuclear Battery"}],"items_purged_floors":[3,21,28,38],"is_endless":false,"potions_floor_spawned":[1,8,18,22,27,31,33,35,44,54],"ascension_level":0}