{"gold_per_floor":[114,114,127,127,144,174,174,185,185,185],"floor_reached":10,"playtime":266,"items_purged":[],"score":136,"play_id":"0556b2ea-a189-444e-907e-f729b88924f3","local_time":"20181218133902","is_ascension_mode":true,"campfire_choices":[{"data":"Zap","floor":7,"key":"SMITH"}],"neow_cost":"NONE","seed_source_timestamp":50518347388993,"circlet_count":0,"master_deck":["AscendersBane","Strike_B","Strike_B","Strike_B","Defend_B","Defend_B","Defend_B","Defend_B","Zap+1","Dualcast","Ball Lightning","Capacitor","Genetic Algorithm","Defragment"],"special_seed":0,"relics":["Cracked Core","NeowsBlessing","Centennial Puzzle"],"potions_floor_usage":[6,8],"damage_taken":[{"damage":0.0,"enemies":"Small Slimes","floor":1.0,"turns":1.0},{"damage":0,"enemies":"2 Louse","floor":3,"turns":1},{"damage":0,"enemies":"Cultist","floor":5,"turns":1},{"damage":30,"enemies":"3 Sentries","floor":6,"turns":6},{"damage":1,"enemies":"Looter","floor":8,"turns":3},{"damage":13,"enemies":"Gremlin Gang","floor":10,"turns":3}],"seed_played":"9095294419197222674","potions_obtained":[{"floor":3,"key":"SkillPotion"},{"floor":6,"key":"Block Potion"}],"is_trial":false,"path_per_floor":["M","?","M","?","M","E","R","M","T","M"],"character_chosen":"DEFECT","items_purchased":[],"campfire_rested":0,"item_purchase_floors":[],"current_hp_per_floor":[64,64,64,64,64,34,34,33,33,20],"gold":185,"neow_bonus":"THREE_ENEMY_KILL","is_prod":false,"is_daily":false,"chose_seed":false,"campfire_upgraded":1,"win_rate":0,"timestamp":1545158342,"path_taken":["M","?","M","?","?","E","R","M","T","M"],"build_version":"2018-12-17","purchased_purges":0,"victory":false,"max_hp_per_floor":[71,71,71,71,71,71,71,71,71,71],"card_choices":[{"not_picked":["Stack","Redo","Hologram"],"picked":"SKIP","floor":1.0},{"not_picked":["Rip and Tear","Beam Cell"],"picked":"Ball Lightning","floor":3},{"not_picked":["Leap","Double Energy"],"picked":"Capacitor","floor":5},{"not_picked":["Turbo","Rebound"],"picked":"Genetic Algorithm","floor":6},{"not_picked":["Leap","Seek"],"picked":"Defragment","floor":8}],"player_experience":1267052,"relics_obtained":[{"floor":6,"key":"Centennial Puzzle"}],"event_choices":[{"damage_healed":0,"gold_gain":0,"player_choice":"Fled","damage_taken":0,"max_hp_gain":0,"max_hp_loss":0,"event_name":"Scrap Ooze","floor":2,"gold_loss":0},{"cards_removed":["Strike_B"],"damage_healed":0,"gold_gain":0,"player_choice":"Purged","damage_taken":0,"max_hp_gain":0,"max_hp_loss":0,"event_name":"Purifier","floor":4,"gold_loss":0}],"is_beta":true,"boss_relics":[],"items_purged_floors":[],"is_endless":false,"potions_floor_spawned":[3,6],"killed_by":"Gremlin Gang","ascension_level":20}