{"gold_per_floor":[117,133,18,18,18,43,43,78,128,128,140,140,140,153,153,153],"floor_reached":16,"playtime":1139,"items_purged":[],"score":266,"play_id":"3d7e2a6c-8d6e-4f23-840e-2a6ae7c9c826","local_time":"20181104223410","is_ascension_mode":true,"campfire_choices":[{"data":"Defragment","floor":7.0,"key":"SMITH"},{"data":"Zap","floor":10.0,"key":"SMITH"},{"floor":15,"key":"REST"}],"neow_cost":"NONE","seed_source_timestamp":179169944732169,"circlet_count":0,"master_deck":["AscendersBane","Strike_B","Strike_B","Strike_B","Strike_B","Defend_B","Defend_B","Defend_B","Defend_B","Zap+1","Dualcast","Cold Snap+1","Defragment+1","Ball Lightning","Cold Snap+1","Auto Shields","Chill","Leap","Stack"],"special_seed":0,"relics":["Cracked Core","NeowsBlessing","Ancient Tea Set","Kunai","Oddly Smooth Stone","Bird Faced Urn"],"potions_floor_usage":[],"damage_taken":[{"damage":0.0,"enemies":"Small Slimes","floor":1.0,"turns":1.0},{"damage":0.0,"enemies":"2 Louse","floor":2.0,"turns":1.0},{"damage":0.0,"enemies":"Gremlin Nob","floor":6.0,"turns":1.0},{"damage":15.0,"enemies":"3 Sentries","floor":8.0,"turns":6.0},{"damage":2,"enemies":"Jaw Worm","floor":11,"turns":2},{"damage":6,"enemies":"Lots of Slimes","floor":14,"turns":4},{"damage":47,"enemies":"Slime Boss","floor":16,"turns":14}],"seed_played":"-2536456640571187310","potions_obtained":[{"floor":2.0,"key":"Swift Potion"}],"is_trial":false,"path_per_floor":["M","M","$","?","?","E","R","E","T","R","M","?","T","M","R","B"],"character_chosen":"DEFECT","items_purchased":["Ball Lightning","Cold Snap"],"campfire_rested":1,"item_purchase_floors":[3,3],"current_hp_per_floor":[64,64,64,43,43,43,43,28,28,28,26,26,26,22,43,0],"gold":153,"neow_bonus":"THREE_ENEMY_KILL","is_prod":false,"is_daily":false,"chose_seed":false,"campfire_upgraded":2,"win_rate":0,"timestamp":1541388850,"path_taken":["M","M","$","?","?","E","R","E","T","R","M","?","?","?","R","BOSS"],"build_version":"2018-11-02","purchased_purges":0,"victory":false,"max_hp_per_floor":[71,71,71,71,71,71,71,71,71,71,71,71,71,71,71,71],"card_choices":[{"not_picked":["Streamline","Rebound"],"picked":"Cold Snap","floor":1.0},{"not_picked":["Conserve Battery","Redo"],"picked":"Defragment","floor":2.0},{"not_picked":["Reprogram","Go for the Eyes"],"picked":"Auto Shields","floor":6.0},{"not_picked":["Auto Shields","Sunder"],"picked":"Chill","floor":8.0},{"not_picked":["Steam","Rip and Tear"],"picked":"Leap","floor":11},{"not_picked":["Beam Cell","Sunder"],"picked":"Stack","floor":14}],"player_experience":1151992,"relics_obtained":[{"floor":6.0,"key":"Ancient Tea Set"},{"floor":8.0,"key":"Kunai"},{"floor":9.0,"key":"Oddly Smooth Stone"},{"floor":13,"key":"Bird Faced Urn"}],"event_choices":[{"damage_healed":0.0,"max_hp_gain":0.0,"max_hp_loss":0.0,"gold_gain":0.0,"event_name":"Shining Light","player_choice":"Entered Light","floor":4.0,"gold_loss":0.0,"damage_taken":21.0,"cards_upgraded":["Cold Snap","Cold Snap"]},{"damage_healed":0.0,"max_hp_gain":0.0,"max_hp_loss":0.0,"gold_gain":0.0,"event_name":"Scrap Ooze","player_choice":"Fled","floor":5.0,"gold_loss":0.0,"damage_taken":0.0},{"damage_healed":0,"gold_gain":0,"player_choice":"Ignored","damage_taken":0,"max_hp_gain":0,"max_hp_loss":0,"event_name":"Golden Wing","floor":12,"gold_loss":0}],"is_beta":true,"boss_relics":[],"items_purged_floors":[],"is_endless":false,"potions_floor_spawned":[2],"killed_by":"Slime Boss","ascension_level":20}