{"gold_per_floor":[118,137,137,212,228,258,258,288,312,487,503,503,530,540,540,540],"floor_reached":16,"playtime":1498,"items_purged":[],"score":162,"play_id":"5297eb2a-6e1c-4f25-832a-57e631c182b6","local_time":"20180726205127","is_ascension_mode":true,"campfire_choices":[{"floor":7.0,"key":"REST"},{"data":"Juggernaut","floor":12,"key":"SMITH"},{"floor":15,"key":"REST"}],"neow_cost":"NONE","seed_source_timestamp":876077839558917,"circlet_count":0,"master_deck":["Strike_R","Strike_R","Strike_R","Strike_R","Strike_R","Defend_R","Defend_R","Defend_R","Defend_R","Bash+1","Headbutt","Dropkick+1","Flex","Perfected Strike","Juggernaut+1","Doubt","Headbutt","Shrug It Off","Spot Weakness"],"special_seed":0,"relics":["Burning Blood","Lantern","Potion Belt","Blood Vial","Art of War"],"potions_floor_usage":[13],"damage_taken":[{"damage":16.0,"enemies":"2 Louse","floor":1.0,"turns":3.0},{"damage":1.0,"enemies":"Cultist","floor":2.0,"turns":3.0},{"damage":9.0,"enemies":"Jaw Worm","floor":5.0,"turns":3.0},{"damage":39.0,"enemies":"3 Sentries","floor":6.0,"turns":10.0},{"damage":10.0,"enemies":"Gremlin Nob","floor":8.0,"turns":3.0},{"damage":0.0,"enemies":"Large Slime","floor":11.0,"turns":3.0},{"damage":34,"enemies":"3 Sentries","floor":13,"turns":7},{"damage":14,"enemies":"3 Louse","floor":14,"turns":4},{"damage":33,"enemies":"Hexaghost","floor":16,"turns":9}],"seed_played":"-1867298010866068831","potions_obtained":[{"floor":6.0,"key":"Poison Potion"},{"floor":8.0,"key":"PowerPotion"}],"is_trial":false,"path_per_floor":["M","M","?","?","M","E","R","E","T","?","M","R","E","M","R"],"character_chosen":"IRONCLAD","items_purchased":[],"campfire_rested":2,"item_purchase_floors":[],"current_hp_per_floor":[62,67,67,56,53,20,44,40,40,40,48,48,22,16,40,9],"gold":540,"neow_bonus":"UPGRADE_CARD","is_prod":false,"is_daily":false,"chose_seed":false,"campfire_upgraded":1,"win_rate":0,"timestamp":1532631087,"path_taken":["M","M","?","?","M","E","R","E","T","?","M","R","E","M","R","BOSS"],"build_version":"2018-07-19v2","purchased_purges":0,"victory":false,"max_hp_per_floor":[80,80,80,80,80,80,80,80,80,80,80,80,80,80,80,80],"card_choices":[{"not_picked":["Clash","Evolve"],"picked":"Headbutt","floor":1.0},{"not_picked":["Sword Boomerang","Evolve"],"picked":"Dropkick","floor":2.0},{"not_picked":["Reckless Charge","Sentinel"],"picked":"Flex","floor":5.0},{"not_picked":["Evolve","Wild Strike"],"picked":"Perfected Strike","floor":6.0},{"not_picked":["Armaments","Flex"],"picked":"Juggernaut","floor":8.0},{"not_picked":["Carnage","Warcry"],"picked":"Headbutt","floor":11},{"not_picked":["Brutality","Berserk"],"picked":"Shrug It Off","floor":13},{"not_picked":["Pommel Strike","Iron Wave"],"picked":"Spot Weakness","floor":14}],"player_experience":845934,"relics_obtained":[{"floor":6.0,"key":"Lantern"},{"floor":8.0,"key":"Potion Belt"},{"floor":9.0,"key":"Blood Vial"},{"floor":13,"key":"Art of War"}],"event_choices":[{"event_name":"Accursed Blacksmith","player_choice":"Forge","floor":3.0,"damage_taken":0.0},{"event_name":"World of Goop","player_choice":"Gather Gold","floor":4.0,"damage_taken":0.0},{"event_name":"Liars Game","player_choice":"agreed","floor":10.0,"damage_taken":0.0}],"is_beta":false,"boss_relics":[],"items_purged_floors":[],"is_endless":false,"potions_floor_spawned":[6,8],"killed_by":"Hexaghost","ascension_level":7}