{"gold_per_floor":[119,119,96,171,135,135,310,322,322,339,121,148,148,180,180,281,281,301,301,152,152,176,176],"floor_reached":23,"playtime":737,"items_purged":["Doubt"],"score":290,"play_id":"6fb6087d-2d7f-407c-be37-fb566c331d3a","local_time":"20181012124946","is_ascension_mode":true,"campfire_choices":[{"floor":6,"key":"REST"},{"data":"Rampage","floor":13,"key":"SMITH"},{"floor":15,"key":"REST"}],"neow_cost":"NONE","seed_source_timestamp":116808537195091,"circlet_count":0,"master_deck":["Strike_R+1","Strike_R","Strike_R","Strike_R","Strike_R","Defend_R+1","Defend_R","Defend_R","Defend_R","Bash","AscendersBane","Rampage+1","Flex","Dropkick","Twin Strike","Pommel Strike","Disarm","Ghostly Armor","Juggernaut","Shrug It Off","Writhe"],"relics":["Burning Blood","Happy Flower","Letter Opener","Regal Pillow","Self Forming Clay","Bronze Scales","Busted Crown","Oddly Smooth Stone","Boot"],"potions_floor_usage":[12,16],"damage_taken":[{"damage":10,"enemies":"Small Slimes","floor":1,"turns":4},{"damage":0,"enemies":"Cultist","floor":8,"turns":3},{"damage":10,"enemies":"2 Louse","floor":10,"turns":2},{"damage":20,"enemies":"Lagavulin","floor":12,"turns":6},{"damage":18,"enemies":"3 Sentries","floor":14,"turns":8},{"damage":68,"enemies":"Slime Boss","floor":16,"turns":12},{"damage":7,"enemies":"Chosen","floor":18,"turns":4},{"damage":24,"enemies":"Gremlin Leader","floor":23,"turns":5}],"seed_played":"-1984855524990477457","potions_obtained":[{"floor":1,"key":"Weak Potion"},{"floor":14,"key":"SteroidPotion"},{"floor":16,"key":"Ancient Potion"}],"is_trial":false,"path_per_floor":["M","?","$","?","$","R","?","M","T","M","$","E","R","E","R","B",null,"M","?","$","?","T"],"character_chosen":"IRONCLAD","items_purchased":["Flex","Dropkick","Regal Pillow","Shrug It Off","FairyPotion"],"campfire_rested":2,"item_purchase_floors":[3,5,11,20,20],"current_hp_per_floor":[68,52,52,41,41,65,65,71,71,67,67,53,53,41,80,18,65,64,49,49,49,49,25],"gold":176,"neow_bonus":"RANDOM_COMMON_RELIC","is_prod":false,"is_daily":false,"chose_seed":false,"campfire_upgraded":1,"win_rate":0,"timestamp":1539341386,"path_taken":["M","?","?","?","$","R","?","M","T","M","$","E","R","E","R","BOSS","M","?","$","?","?","E"],"build_version":"2018-10-11","purchased_purges":1,"victory":false,"max_hp_per_floor":[80,80,80,80,80,80,80,80,80,80,80,80,80,80,80,80,80,80,85,85,85,85,85],"card_choices":[{"not_picked":["Sword Boomerang","Thunderclap"],"picked":"Rampage","floor":1},{"not_picked":["Wild Strike","Heavy Blade"],"picked":"Twin Strike","floor":8},{"not_picked":["Blood for Blood","Heavy Blade"],"picked":"Pommel Strike","floor":10},{"not_picked":["Metallicize","Clash"],"picked":"Disarm","floor":12},{"not_picked":["Inflame","Juggernaut"],"picked":"Ghostly Armor","floor":14},{"not_picked":["Impervious","Immolate"],"picked":"Juggernaut","floor":16},{"not_picked":["Wild Strike"],"picked":"SKIP","floor":18}],"player_experience":1081488,"relics_obtained":[{"floor":9,"key":"Letter Opener"},{"floor":12,"key":"Self Forming Clay"},{"floor":14,"key":"Bronze Scales"},{"floor":22,"key":"Boot"}],"event_choices":[{"event_name":"Shining Light","player_choice":"Entered Light","floor":2,"damage_taken":0},{"event_name":"World of Goop","player_choice":"Gather Gold","floor":4,"damage_taken":0},{"event_name":"Liars Game","player_choice":"agreed","floor":7,"damage_taken":0},{"event_name":"Forgotten Altar","player_choice":"Shed Blood","floor":19,"damage_taken":0},{"event_name":"The Mausoleum","player_choice":"Yes","floor":21,"damage_taken":0}],"is_beta":false,"boss_relics":[{"not_picked":["Astrolabe","Pandora\u0027s Box"],"picked":"Busted Crown"}],"items_purged_floors":[11],"is_endless":false,"potions_floor_spawned":[1,14,16],"killed_by":"Gremlin Leader","ascension_level":10}