{"gold_per_floor":[112,125,125,137,151,326,344,344,344,419,304,304,316,331,331,434,434,445,445],"floor_reached":19,"playtime":522,"items_purged":["Regret"],"score":209,"play_id":"e075cee9-c65b-4dd5-987a-96fb29d1ed15","local_time":"20180708214828","is_ascension_mode":true,"campfire_choices":[{"floor":8.0,"key":"REST"},{"data":"Doom and Gloom","floor":12.0,"key":"SMITH"},{"floor":15,"key":"REST"}],"neow_cost":"TEN_PERCENT_HP_LOSS","seed_source_timestamp":877444115345022,"circlet_count":0,"master_deck":["Strike_B","Strike_B","Strike_B","Strike_B","Defend_B","Defend_B","Defend_B","Defend_B","Zap","Dualcast","Doom and Gloom+1","Rebound","Sweeping Beam","Chill","Doubt","Sunder","Stack","Conserve Battery","Buffer","Chill"],"special_seed":0,"relics":["Cracked Core","Ice Cream","Ornamental Fan","Pear","Black Star"],"potions_floor_usage":[16,18,19],"damage_taken":[{"damage":2.0,"enemies":"Small Slimes","floor":1.0,"turns":3.0},{"damage":2.0,"enemies":"Jaw Worm","floor":2.0,"turns":3.0},{"damage":0.0,"enemies":"2 Louse","floor":4.0,"turns":1.0},{"damage":14.0,"enemies":"Gremlin Gang","floor":5.0,"turns":4.0},{"damage":31.0,"enemies":"Large Slime","floor":7.0,"turns":5.0},{"damage":14.0,"enemies":"Blue Slaver","floor":13.0,"turns":3.0},{"damage":18,"enemies":"Exordium Thugs","floor":14,"turns":3},{"damage":16,"enemies":"Slime Boss","floor":16,"turns":6},{"damage":2,"enemies":"3 Byrds","floor":18,"turns":3},{"damage":0,"floor":19,"turns":2}],"seed_played":"-7302542335056255840","potions_obtained":[{"floor":1.0,"key":"AttackPotion"},{"floor":4.0,"key":"LiquidBronze"},{"floor":18,"key":"Swift Potion"}],"is_trial":false,"path_per_floor":["M","M","?","M","M","?","M","R","T","?","$","R","M","M","R","B",null,"M"],"character_chosen":"DEFECT","items_purchased":["Sunder"],"campfire_rested":2,"item_purchase_floors":[11],"current_hp_per_floor":[66,64,64,64,50,50,19,39,49,38,38,38,24,6,29,13,62,60,60],"gold":445,"neow_bonus":"ONE_RARE_RELIC","is_prod":false,"is_daily":false,"chose_seed":false,"campfire_upgraded":1,"win_rate":0,"timestamp":1531079308,"path_taken":["M","M","?","?","M","?","M","R","T","?","$","R","M","M","R","BOSS","M","?"],"build_version":"2018-07-05","purchased_purges":1,"victory":false,"max_hp_per_floor":[68,68,68,68,68,68,68,68,78,78,78,78,78,78,78,78,78,78,78],"card_choices":[{"not_picked":["Loop","Skim"],"picked":"Doom and Gloom","floor":1.0},{"not_picked":["Barrage","Recycle"],"picked":"Rebound","floor":2.0},{"not_picked":["Stack","Streamline"],"picked":"Sweeping Beam","floor":4.0},{"not_picked":["Thunder Strike","Streamline"],"picked":"Chill","floor":5.0},{"not_picked":["Gash","Beam Cell","Streamline"],"picked":"SKIP","floor":7.0},{"not_picked":["Double Energy","Hologram"],"picked":"Stack","floor":13.0},{"not_picked":["Skim","Go for the Eyes"],"picked":"Conserve Battery","floor":14},{"not_picked":["Hyperbeam","Thunder Strike"],"picked":"Buffer","floor":16},{"not_picked":["Barrage","Gash"],"picked":"Chill","floor":18}],"player_experience":821917,"relics_obtained":[{"floor":9.0,"key":"Pear"}],"event_choices":[{"event_name":"Big Fish","player_choice":"Box","floor":3.0,"damage_taken":0.0},{"event_name":"Liars Game","player_choice":"agreed","floor":6.0,"damage_taken":0.0},{"event_name":"World of Goop","player_choice":"Gather Gold","floor":10.0,"damage_taken":0.0},{"event_name":"Masked Bandits","player_choice":"Fought over 445 gold","floor":19,"damage_taken":0}],"boss_relics":[{"not_picked":["Busted Crown","Tiny House"],"picked":"Black Star"}],"items_purged_floors":[11],"is_endless":false,"potions_floor_spawned":[1,4,18],"ascension_level":6}