{"gold_per_floor":[111,111,124,134,146,146,160,160,160,160,194,469,469,489,489,591,591,608,625,504,529,529,554,554,579,602,602,637,649,96,96,96,96],"floor_reached":33,"playtime":1259,"items_purged":["Regret","Decay"],"score":505,"play_id":"1ef9bf5c-b8eb-4e12-a2bd-35ba083e435b","local_time":"20181104172857","is_ascension_mode":true,"campfire_choices":[{"floor":6,"key":"REST"},{"data":"Consume","floor":8,"key":"SMITH"},{"floor":13,"key":"REST"},{"data":"Streamline","floor":15,"key":"SMITH"},{"floor":24,"key":"REST"},{"floor":27,"key":"REST"},{"floor":32,"key":"REST"}],"neow_cost":"PERCENT_DAMAGE","seed_source_timestamp":840383161486139,"circlet_count":0,"master_deck":["AscendersBane","Strike_B","Strike_B","Strike_B","Defend_B","Defend_B","Defend_B","Zap","Dualcast","Gash","Conserve Battery","Cold Snap","Consume+1","Sweeping Beam","Streamline+1","Cold Snap","Reboot","Gash","Gash","Rebound","Chill+1","Ball Lightning","Gash","Coolheaded","Cold Snap","RitualDagger"],"relics":["Cracked Core","Question Card","Pen Nib","Runic Dome","Red Mask","Pocketwatch","Bronze Scales","Lantern","Strawberry","Medical Kit","Darkstone Periapt"],"potions_floor_usage":[7,7,11,21,23,25,33],"damage_taken":[{"damage":0,"enemies":"Small Slimes","floor":1,"turns":2},{"damage":1,"enemies":"Cultist","floor":3,"turns":3},{"damage":2,"enemies":"2 Louse","floor":4,"turns":2},{"damage":4,"enemies":"2 Fungi Beasts","floor":5,"turns":4},{"damage":13,"enemies":"Gremlin Gang","floor":7,"turns":3},{"damage":15,"enemies":"Lagavulin","floor":11,"turns":7},{"damage":4,"enemies":"Looter","floor":14,"turns":3},{"damage":15,"enemies":"The Guardian","floor":16,"turns":12},{"damage":20,"enemies":"Chosen","floor":18,"turns":5},{"damage":11,"enemies":"Shell Parasite","floor":19,"turns":7},{"damage":19,"enemies":"Masked Bandits","floor":21,"turns":5},{"damage":26,"enemies":"Book of Stabbing","floor":23,"turns":6},{"damage":13,"enemies":"Gremlin Leader","floor":25,"turns":6},{"damage":32,"enemies":"Book of Stabbing","floor":28,"turns":4},{"damage":4,"enemies":"Cultist and Chosen","floor":29,"turns":4},{"damage":32,"enemies":"Automaton","floor":33,"turns":6}],"seed_played":"-2818811447224027313","potions_obtained":[{"floor":3,"key":"LiquidBronze"},{"floor":5,"key":"LiquidBronze"},{"floor":7,"key":"FearPotion"},{"floor":11,"key":"FearPotion"},{"floor":21,"key":"Dexterity Potion"},{"floor":23,"key":"Strength Potion"},{"floor":28,"key":"Explosive Potion"},{"floor":29,"key":"Swift Potion"}],"is_trial":false,"path_per_floor":["M","?","M","M","M","R","M","R","T","?","E","?","R","M","R","B",null,"M","M","$","?","?","E","R","E","T","R","E","M","$","?","R","B"],"character_chosen":"DEFECT","items_purchased":["Rebound","Medical Kit","Darkstone Periapt"],"campfire_rested":5,"item_purchase_floors":[20,30,30],"current_hp_per_floor":[64,64,63,61,57,83,70,70,70,63,48,48,74,70,70,55,81,61,50,50,31,31,5,31,18,18,44,19,15,15,9,37,5],"gold":96,"neow_bonus":"TWENTY_PERCENT_HP_BONUS","is_prod":false,"is_daily":false,"chose_seed":false,"campfire_upgraded":2,"win_rate":0,"timestamp":1541348937,"path_taken":["M","?","M","?","M","R","M","R","T","?","E","?","R","M","R","BOSS","M","?","$","?","?","E","R","E","T","R","E","M","$","?","R","BOSS"],"build_version":"2018-11-01","purchased_purges":2,"victory":false,"max_hp_per_floor":[89,89,89,89,89,89,89,89,89,89,89,89,89,89,89,89,89,89,89,89,89,89,89,89,89,89,89,96,96,96,96,96,96],"card_choices":[{"not_picked":["Stack","Barrage"],"picked":"Gash","floor":1},{"not_picked":["Defragment","Doom and Gloom"],"picked":"Conserve Battery","floor":3},{"not_picked":["Coolheaded","Hologram"],"picked":"Cold Snap","floor":4},{"not_picked":["Aggregate","Sunder"],"picked":"Consume","floor":5},{"not_picked":["Coolheaded","Melter"],"picked":"Sweeping Beam","floor":7},{"not_picked":["Sunder","Stack","Conserve Battery"],"picked":"Streamline","floor":11},{"not_picked":["Barrage","Steam Power","Reprogram"],"picked":"Cold Snap","floor":14},{"not_picked":["Rainbow","Meteor Strike","All For One"],"picked":"Reboot","floor":16},{"not_picked":["Rebound","Rip and Tear+1","Leap+1"],"picked":"Gash","floor":18},{"not_picked":["Conserve Battery","Streamline+1","Turbo"],"picked":"Gash","floor":19},{"not_picked":["Storm+1","Thunder Strike","White Noise"],"picked":"Chill+1","floor":21},{"not_picked":["Redo","Recycle","Core Surge"],"picked":"Ball Lightning","floor":23},{"not_picked":["Undo","Capacitor","Redo"],"picked":"Gash","floor":25},{"not_picked":["Beam Cell","Sweeping Beam","Fusion+1"],"picked":"Coolheaded","floor":28},{"not_picked":["Ball Lightning","Sweeping Beam","Redo"],"picked":"Cold Snap","floor":29}],"player_experience":1128972,"relics_obtained":[{"floor":9,"key":"Question Card"},{"floor":11,"key":"Pen Nib"},{"floor":21,"key":"Red Mask"},{"floor":23,"key":"Pocketwatch"},{"floor":25,"key":"Bronze Scales"},{"floor":26,"key":"Lantern"},{"floor":28,"key":"Strawberry"}],"event_choices":[{"cards_removed":["Strike_B"],"damage_healed":0,"gold_gain":0,"player_choice":"Purged","damage_taken":0,"max_hp_gain":0,"max_hp_loss":0,"event_name":"Purifier","floor":2,"gold_loss":0},{"cards_removed":["Defend_B"],"damage_healed":0,"gold_gain":0,"player_choice":"Card Removal","damage_taken":7,"max_hp_gain":0,"max_hp_loss":0,"event_name":"Golden Wing","floor":10,"gold_loss":0},{"damage_healed":0,"gold_gain":275,"player_choice":"Desecrate","damage_taken":0,"max_hp_gain":0,"max_hp_loss":0,"event_name":"Golden Shrine","floor":12,"gold_loss":0,"cards_obtained":["Regret"]},{"damage_healed":0,"gold_gain":0,"player_choice":"Fought Bandits","damage_taken":0,"max_hp_gain":0,"max_hp_loss":0,"event_name":"Masked Bandits","floor":21,"gold_loss":0},{"damage_healed":0,"gold_gain":0,"player_choice":"Smashed Altar","damage_taken":0,"max_hp_gain":0,"max_hp_loss":0,"event_name":"Forgotten Altar","floor":22,"gold_loss":0,"cards_obtained":["Decay"]},{"damage_healed":0,"gold_gain":0,"player_choice":"Joined the Cult","damage_taken":6,"max_hp_gain":0,"max_hp_loss":0,"event_name":"Nest","floor":31,"gold_loss":0,"cards_obtained":["RitualDagger"]}],"is_beta":false,"boss_relics":[{"not_picked":["Philosopher\u0027s Stone","Snecko Eye"],"picked":"Runic Dome"}],"items_purged_floors":[20,30],"is_endless":false,"potions_floor_spawned":[3,5,7,11,21,23,28,29],"killed_by":"Automaton","ascension_level":10}