{"gold_per_floor":[119,119,10,24,39,64,64,96,96,96,22,33,53,65,65,142,142,156,156,56,67,33,33,33,33,33,49,49,67,77,94,94,171,171,190,13,32,32,0,16,16,28,28,28,41,59,59,86,86,86],"floor_reached":51,"playtime":8638,"items_purged":["Strike_G","Accuracy","Defend_G"],"score":1264,"play_id":"890a4ecd-a4c8-4d69-8aa1-e44d4dd3a761","local_time":"20190213211905","is_ascension_mode":true,"campfire_choices":[{"data":"Footwork","floor":7.0,"key":"SMITH"},{"floor":10.0,"key":"REST"},{"data":"Neutralize","floor":15.0,"key":"SMITH"},{"data":"Footwork","floor":23.0,"key":"SMITH"},{"data":"A Thousand Cuts","floor":25.0,"key":"SMITH"},{"floor":28.0,"key":"REST"},{"floor":32.0,"key":"REST"},{"data":"Noxious Fumes","floor":44,"key":"SMITH"},{"data":"Noxious Fumes","floor":47,"key":"SMITH"},{"floor":49,"key":"REST"}],"neow_cost":"NONE","seed_source_timestamp":0,"circlet_count":0,"master_deck":["AscendersBane","Defend_G","Defend_G","Defend_G","Defend_G","Survivor","Neutralize+1","Dagger Throw","Bouncing Flask","PiercingWail","Footwork+1","Dagger Spray","Noxious Fumes+1","Heel Hook","Cloak And Dagger","Footwork+1","A Thousand Cuts+1","Footwork+1","Backstab+1","Caltrops+1","Dodge and Roll","Noxious Fumes+1","Neutralize+1","Leg Sweep+1","Cloak And Dagger+1","Backflip+1","Bullet Time+1","Blur+1","Madness+1","Madness+1","Burst+1","Concentrate+1","Backflip+1"],"special_seed":0,"relics":["Ring of the Snake","Potion Belt","Paper Crane","Omamori","Astrolabe","Toxic Egg 2","Runic Pyramid","Red Mask","Mummified Hand","Bottled Tornado","Lantern"],"potions_floor_usage":[50,50],"damage_taken":[{"damage":0.0,"enemies":"2 Louse","floor":1.0,"turns":3.0},{"damage":0.0,"enemies":"Cultist","floor":4.0,"turns":4.0},{"damage":1.0,"enemies":"Small Slimes","floor":5.0,"turns":3.0},{"damage":23.0,"enemies":"Lagavulin","floor":6.0,"turns":9.0},{"damage":20.0,"enemies":"Gremlin Nob","floor":8.0,"turns":5.0},{"damage":7.0,"enemies":"Gremlin Gang","floor":12.0,"turns":6.0},{"damage":3.0,"enemies":"Exordium Wildlife","floor":13.0,"turns":5.0},{"damage":0.0,"enemies":"2 Fungi Beasts","floor":14.0,"turns":4.0},{"damage":0.0,"enemies":"Hexaghost","floor":16.0,"turns":10.0},{"damage":0.0,"enemies":"3 Byrds","floor":18.0,"turns":6.0},{"damage":5.0,"enemies":"Spheric Guardian","floor":21.0,"turns":5.0},{"damage":27.0,"enemies":"Cultist and Chosen","floor":27.0,"turns":8.0},{"damage":5.0,"enemies":"Centurion and Healer","floor":29.0,"turns":9.0},{"damage":20.0,"enemies":"Chosen and Byrds","floor":30.0,"turns":5.0},{"damage":6.0,"enemies":"Snake Plant","floor":31.0,"turns":7.0},{"damage":0.0,"enemies":"Automaton","floor":33.0,"turns":14.0},{"damage":4.0,"enemies":"3 Darklings","floor":35.0,"turns":5.0},{"damage":2.0,"enemies":"Orb Walker","floor":37.0,"turns":4.0},{"damage":3.0,"enemies":"4 Shapes","floor":40.0,"turns":4.0},{"damage":0,"enemies":"Sphere and 2 Shapes","floor":42,"turns":7},{"damage":7,"enemies":"Jaw Worm Horde","floor":45,"turns":6},{"damage":0,"enemies":"Transient","floor":46,"turns":5},{"damage":0,"enemies":"Giant Head","floor":48,"turns":10},{"damage":1,"enemies":"Time Eater","floor":50,"turns":13}],"seed_played":"-7005123201080958377","potions_obtained":[{"floor":4.0,"key":"GamblersBrew"},{"floor":5.0,"key":"Dexterity Potion"},{"floor":12.0,"key":"Dexterity Potion"},{"floor":13.0,"key":"GamblersBrew"},{"floor":21.0,"key":"SpeedPotion"},{"floor":33.0,"key":"Regen Potion"},{"floor":37.0,"key":"Weak Potion"},{"floor":48,"key":"GhostInAJar"}],"is_trial":false,"path_per_floor":["M","?","$","M","M","E","R","E","T","R","$","M","M","M","R","B",null,"M","?","$","M","$","R","?","R","T","M","R","M","M","M","R","B",null,"M","$","M","?","?","M","T","M","T","R","M","M","R","E","R","B",null],"character_chosen":"THE_SILENT","items_purchased":["Bouncing Flask","Noxious Fumes","Noxious Fumes","Block Potion"],"campfire_rested":4,"item_purchase_floors":[3,11,22,36],"current_hp_per_floor":[63,63,63,63,62,39,39,19,19,40,40,33,30,30,30,30,60,60,60,60,55,55,55,55,55,55,28,49,44,24,18,39,39,62,58,58,70,61,61,58,58,58,58,58,51,51,51,51,70,69],"gold":86,"neow_bonus":"REMOVE_CARD","is_prod":false,"is_daily":false,"chose_seed":false,"campfire_upgraded":6,"win_rate":0,"timestamp":1550060345,"path_taken":["M","?","$","M","M","E","R","E","T","R","$","M","M","M","R","BOSS","M","?","$","?","?","R","?","R","T","M","R","M","M","M","R","BOSS","M","$","?","?","?","M","?","M","T","R","M","M","R","E","R","BOSS"],"build_version":"2019-01-23","purchased_purges":3,"victory":true,"max_hp_per_floor":[70,70,70,70,70,70,70,70,70,70,70,70,70,70,70,70,70,70,70,70,70,70,70,70,70,70,70,70,70,70,70,70,70,70,70,70,70,70,70,70,70,70,70,70,70,70,70,70,70,70],"card_choices":[{"not_picked":["Underhanded Strike","Quick Slash"],"picked":"Dagger Throw","floor":1.0},{"not_picked":["Blade Dance","Dagger Throw"],"picked":"Reflex","floor":4.0},{"not_picked":["Slice","Setup"],"picked":"PiercingWail","floor":5.0},{"not_picked":["Terror","Concentrate"],"picked":"Footwork","floor":6.0},{"not_picked":["Flying Knee","Sucker Punch"],"picked":"Dagger Spray","floor":8.0},{"not_picked":["Flying Knee","Riddle With Holes"],"picked":"Heel Hook","floor":12.0},{"not_picked":["Masterful Stab","Backflip"],"picked":"Cloak And Dagger","floor":13.0},{"not_picked":["Calculated Gamble","Cloak And Dagger"],"picked":"Footwork","floor":14.0},{"not_picked":["Die Die Die","Grand Finale"],"picked":"A Thousand Cuts","floor":16.0},{"not_picked":["Deadly Poison","Dagger Spray"],"picked":"Dodge and Roll","floor":18.0},{"not_picked":["Eviscerate","Dagger Spray","PiercingWail"],"picked":"SKIP","floor":21.0},{"not_picked":["Underhanded Strike","Caltrops"],"picked":"Leg Sweep+1","floor":27.0},{"not_picked":["Dagger Throw","Outmaneuver+1"],"picked":"Cloak And Dagger+1","floor":29.0},{"not_picked":["Accuracy","Underhanded Strike+1"],"picked":"Backflip+1","floor":30.0},{"not_picked":["Flying Knee","Backstab"],"picked":"Bullet Time+1","floor":31.0},{"not_picked":["PiercingWail+1","Blade Dance+1"],"picked":"Blur+1","floor":35.0},{"not_picked":["Expertise+1","Flying Knee","Outmaneuver+1"],"picked":"SKIP","floor":37.0},{"not_picked":["Dagger Throw","Dagger Spray","Quick Slash"],"picked":"SKIP","floor":40.0},{"not_picked":["Dodge and Roll+1","All Out Attack"],"picked":"Burst+1","floor":42},{"not_picked":["Finisher","Eviscerate"],"picked":"Concentrate+1","floor":45},{"not_picked":["Poisoned Stab","Eviscerate"],"picked":"Backflip+1","floor":46},{"not_picked":["Riddle With Holes","Tactician+1","Quick Slash"],"picked":"SKIP","floor":48}],"player_experience":557756,"relics_obtained":[{"floor":6.0,"key":"Potion Belt"},{"floor":8.0,"key":"Paper Crane"},{"floor":9.0,"key":"Omamori"},{"floor":26.0,"key":"Toxic Egg 2"},{"floor":41.0,"key":"Mummified Hand"},{"floor":43,"key":"Bottled Tornado"},{"floor":48,"key":"Lantern"}],"event_choices":[{"damage_healed":0.0,"max_hp_gain":0.0,"max_hp_loss":0.0,"gold_gain":0.0,"event_name":"Liars Game","player_choice":"Ignored","floor":2.0,"gold_loss":0.0,"damage_taken":0.0},{"damage_healed":0.0,"max_hp_gain":0.0,"max_hp_loss":0.0,"gold_gain":0.0,"cards_transformed":["Reflex"],"event_name":"Transmorgrifier","player_choice":"Transformed","floor":19.0,"gold_loss":0.0,"damage_taken":0.0,"cards_obtained":["Accuracy"]},{"damage_healed":0.0,"max_hp_gain":0.0,"max_hp_loss":0.0,"gold_gain":0.0,"event_name":"Duplicator","player_choice":"Copied","floor":24.0,"gold_loss":0.0,"damage_taken":0.0,"cards_obtained":["Neutralize"]},{"damage_healed":0.0,"max_hp_gain":0.0,"max_hp_loss":0.0,"gold_gain":0.0,"event_name":"Winding Halls","player_choice":"Embrace Madness","floor":38.0,"gold_loss":0.0,"damage_taken":9.0,"cards_obtained":["Madness","Madness"]},{"damage_healed":0.0,"max_hp_gain":0.0,"max_hp_loss":0.0,"gold_gain":0.0,"event_name":"Tomb of Lord Red Mask","player_choice":"Paid","floor":39.0,"gold_loss":32.0,"damage_taken":0.0,"relics_obtained":["Red Mask"]}],"is_beta":false,"boss_relics":[{"not_picked":["HoveringKite","White Beast Statue"],"picked":"Astrolabe"},{"not_picked":["Tiny House","Ring of the Serpent"],"picked":"Runic Pyramid"}],"items_purged_floors":[3,20,36],"is_endless":false,"potions_floor_spawned":[4,5,12,13,21,33,37,48],"ascension_level":13}