{"gold_per_floor":[18,35,45,45,61,61,95,115,115,143,143,170,170,186,186,284,284,302,321,125,138,157,157,183,201,201,201,216,65,94,94,94,197,197,209,209,225,25,41,41],"floor_reached":40,"playtime":2016,"items_purged":[],"score":498,"play_id":"38588af8-a725-4829-93ed-12bdb0ae3735","local_time":"20190807004530","is_ascension_mode":true,"campfire_choices":[{"data":"Discovery","floor":6,"key":"SMITH"},{"floor":11,"key":"REST"},{"data":"Seeing Red","floor":13,"key":"SMITH"},{"data":"Exhume","floor":15,"key":"SMITH"},{"data":"Feed","floor":23,"key":"SMITH"},{"floor":27,"key":"REST"},{"floor":32,"key":"REST"}],"neow_cost":"NO_GOLD","seed_source_timestamp":1265750686592308,"circlet_count":0,"master_deck":["Strike_R+1","Strike_R+1","Strike_R+1","Strike_R+1","Strike_R+1","Defend_R+1","Defend_R+1","Defend_R+1","Defend_R+1","Bash","Clash","Discovery+1","Cleave","Searing Blow","Anger","Exhume+1","Seeing Red+1","Feed+1","Anger+1","Inflame","Spot Weakness","Flex","Ghostly Armor+1","Fiend Fire","Clash+1","Flash of Steel","Mind Blast","Master of Strategy","Ghostly Armor+1"],"relics":["Black Blood","Blood Vial","Vajra","Pen Nib","Darkstone Periapt","Lizard Tail","Brimstone","Self Forming Clay","Dodecahedron","Bronze Scales","Omamori","Toy Ornithopter"],"potions_floor_usage":[7,8,10,14,18,22,24,24,33,39],"damage_taken":[{"damage":0,"enemies":"2 Louse","floor":1,"turns":3},{"damage":3,"enemies":"Cultist","floor":2,"turns":5},{"damage":1,"enemies":"Jaw Worm","floor":3,"turns":6},{"damage":0,"enemies":"Looter","floor":5,"turns":2},{"damage":24,"enemies":"Gremlin Nob","floor":7,"turns":4},{"damage":2,"enemies":"3 Louse","floor":8,"turns":3},{"damage":31,"enemies":"3 Sentries","floor":10,"turns":5},{"damage":26,"enemies":"Lagavulin","floor":12,"turns":4},{"damage":0,"enemies":"Exordium Thugs","floor":14,"turns":3},{"damage":29,"enemies":"Slime Boss","floor":16,"turns":8},{"damage":3,"enemies":"Chosen","floor":18,"turns":6},{"damage":31,"enemies":"Shell Parasite","floor":19,"turns":5},{"damage":10,"enemies":"Snecko","floor":21,"turns":3},{"damage":3,"enemies":"3 Cultists","floor":22,"turns":3},{"damage":35,"enemies":"Book of Stabbing","floor":24,"turns":4},{"damage":23,"enemies":"Chosen and Byrds","floor":25,"turns":6},{"damage":32,"enemies":"Centurion and Healer","floor":28,"turns":4},{"damage":71,"enemies":"Slavers","floor":30,"turns":5},{"damage":47,"enemies":"Automaton","floor":33,"turns":8},{"damage":7,"enemies":"3 Shapes","floor":35,"turns":6},{"damage":23,"enemies":"3 Darklings","floor":37,"turns":4},{"damage":44,"enemies":"Maw","floor":39,"turns":6},{"damage":61,"enemies":"Giant Head","floor":40,"turns":5}],"seed_played":"970021032438739662","potions_obtained":[{"floor":1,"key":"GamblersBrew"},{"floor":2,"key":"Ancient Potion"},{"floor":5,"key":"AttackPotion"},{"floor":8,"key":"FearPotion"},{"floor":12,"key":"Fire Potion"},{"floor":19,"key":"Block Potion"},{"floor":21,"key":"AttackPotion"},{"floor":22,"key":"Poison Potion"},{"floor":30,"key":"LiquidBronze"},{"floor":33,"key":"AttackPotion"},{"floor":39,"key":"SneckoOil"}],"is_trial":false,"path_per_floor":["M","M","M","?","M","R","E","M","T","E","R","E","R","M","R","B",null,"M","M","$","M","M","R","E","M","T","R","M","$","E","?","R","B",null,"M","?","M","$","M","E"],"character_chosen":"IRONCLAD","items_purchased":["Brimstone","Bronze Scales","Toy Ornithopter"],"campfire_rested":3,"item_purchase_floors":[20,29,38],"current_hp_per_floor":[96,96,96,96,96,96,78,84,84,61,89,71,71,79,79,58,96,96,71,71,69,77,77,50,35,35,64,40,40,39,39,69,30,103,103,93,82,82,55,0],"gold":41,"neow_bonus":"TWENTY_PERCENT_HP_BONUS","is_prod":false,"is_daily":false,"chose_seed":false,"campfire_upgraded":4,"win_rate":0,"timestamp":1565153130,"path_taken":["M","M","M","?","M","R","E","?","T","E","R","E","R","M","R","BOSS","M","M","$","?","M","R","E","M","T","R","M","$","E","?","R","BOSS","M","?","M","$","M","E"],"build_version":"2019-06-28","purchased_purges":0,"victory":false,"max_hp_per_floor":[96,96,96,96,96,96,96,96,96,96,96,96,96,96,96,96,96,96,96,96,96,99,99,99,99,99,99,99,99,103,103,103,103,103,103,103,103,103,103,103],"card_choices":[{"not_picked":["Dropkick","Burning Pact","Body Slam"],"picked":"SKIP","floor":1},{"not_picked":["Hemokinesis","Warcry","Disarm"],"picked":"SKIP","floor":2},{"not_picked":["Cleave","Power Through"],"picked":"Clash","floor":3},{"not_picked":["Warcry","Wild Strike"],"picked":"Anger","floor":5},{"not_picked":["Warcry","Clash"],"picked":"Exhume","floor":7},{"not_picked":["Second Wind","Heavy Blade","Burning Pact"],"picked":"SKIP","floor":8},{"not_picked":["Dual Wield","Sword Boomerang"],"picked":"Seeing Red","floor":10},{"not_picked":["Searing Blow","Havoc","Clash"],"picked":"SKIP","floor":12},{"not_picked":["Thunderclap","Twin Strike","Sword Boomerang"],"picked":"SKIP","floor":14},{"not_picked":["Berserk","Bludgeon"],"picked":"Feed","floor":16},{"not_picked":["Heavy Blade","Pummel","Twin Strike"],"picked":"SKIP","floor":18},{"not_picked":["Warcry","Armaments","Corruption"],"picked":"SKIP","floor":19},{"not_picked":["Thunderclap","Sentinel"],"picked":"Anger+1","floor":21},{"not_picked":["Entrench+1","Barricade"],"picked":"Inflame","floor":22},{"not_picked":["Sword Boomerang","Perfected Strike"],"picked":"Spot Weakness","floor":24},{"not_picked":["Metallicize","Body Slam","Evolve+1"],"picked":"SKIP","floor":25},{"not_picked":["Sword Boomerang","Iron Wave"],"picked":"Flex","floor":28},{"not_picked":["Demon Form","Headbutt"],"picked":"Ghostly Armor+1","floor":30},{"not_picked":["Demon Form","Juggernaut"],"picked":"Fiend Fire","floor":33},{"not_picked":["Thunderclap+1","Rupture"],"picked":"Clash+1","floor":35},{"not_picked":["Chrysalis","Deep Breath"],"picked":"Flash of Steel","floor":36},{"not_picked":["Flash of Steel","Forethought"],"picked":"Mind Blast","floor":36},{"not_picked":["PanicButton","Deep Breath"],"picked":"Master of Strategy","floor":36},{"not_picked":["True Grit","Cleave","Headbutt+1"],"picked":"SKIP","floor":37},{"not_picked":["Carnage+1","Blood for Blood+1"],"picked":"Ghostly Armor+1","floor":39}],"player_experience":33989,"relics_obtained":[{"floor":7,"key":"Blood Vial"},{"floor":9,"key":"Vajra"},{"floor":10,"key":"Pen Nib"},{"floor":12,"key":"Darkstone Periapt"},{"floor":24,"key":"Self Forming Clay"},{"floor":26,"key":"Dodecahedron"},{"floor":30,"key":"Omamori"}],"event_choices":[{"damage_healed":0,"gold_gain":0,"player_choice":"3 cards matched","damage_taken":0,"max_hp_gain":0,"max_hp_loss":0,"event_name":"Match and Keep!","floor":4,"gold_loss":0,"cards_obtained":["Discovery","Cleave","Searing Blow"]},{"damage_healed":0,"gold_gain":0,"player_choice":"Simplicity","damage_taken":0,"max_hp_gain":0,"max_hp_loss":0,"event_name":"Back to Basics","floor":31,"gold_loss":0,"cards_upgraded":["Strike_R","Strike_R","Strike_R","Strike_R","Strike_R","Defend_R","Defend_R","Defend_R","Defend_R"]},{"damage_healed":0,"gold_gain":0,"player_choice":"Memory 3","damage_taken":10,"max_hp_gain":0,"max_hp_loss":0,"event_name":"SensoryStone","floor":36,"gold_loss":0}],"is_beta":true,"boss_relics":[{"not_picked":["Astrolabe","Runic Dome"],"picked":"Lizard Tail"},{"not_picked":["Velvet Choker","Orrery"],"picked":"Black Blood"}],"items_purged_floors":[],"is_endless":false,"potions_floor_spawned":[1,2,5,8,12,19,21,22,30,33,39],"killed_by":"Giant Head","ascension_level":1}