{"gold_per_floor":[111,130,130,130,55,205,260,13,13,13,24,24,1,1,1,1],"floor_reached":16,"playtime":212,"items_purged":["Strike_B"],"score":172,"play_id":"4a6e7777-9904-48b3-a888-59cb5f95eb77","local_time":"20190125155447","is_ascension_mode":true,"campfire_choices":[{"data":"Chill","floor":10.0,"key":"SMITH"},{"data":"Zap","floor":12.0,"key":"SMITH"},{"data":"Dualcast","floor":15.0,"key":"SMITH"}],"neow_cost":"NONE","seed_source_timestamp":0,"circlet_count":0,"master_deck":["AscendersBane","Strike_B","Strike_B","Strike_B","Defend_B","Defend_B","Defend_B","Defend_B","Zap+1","Dualcast+1","Cold Snap","Glacier","Chill+1","Conserve Battery"],"special_seed":0,"relics":["Cracked Core","Blood Vial","PreservedInsect","Tiny Chest","Membership Card","The Courier"],"potions_floor_usage":[],"damage_taken":[{"damage":2.0,"enemies":"Jaw Worm","floor":1.0,"turns":3.0},{"damage":7.0,"enemies":"2 Louse","floor":2.0,"turns":2.0},{"damage":1.0,"enemies":"Small Slimes","floor":11.0,"turns":4.0},{"damage":0,"enemies":"The Guardian","floor":16,"turns":1}],"seed_played":"4758355216196636242","potions_obtained":[{"floor":2.0,"key":"Energy Potion"},{"floor":11.0,"key":"Weak Potion"}],"is_trial":false,"path_per_floor":["M","M","?","?","$","?","T","$","T","R","M","R","$","?","R","B"],"character_chosen":"DEFECT","items_purchased":["Membership Card","Chill","Conserve Battery"],"campfire_rested":0,"item_purchase_floors":[8,8,13],"current_hp_per_floor":[64,59,33,33,33,33,33,33,33,33,34,34,34,34,34,36],"gold":1,"neow_bonus":"RANDOM_COMMON_RELIC","is_prod":false,"is_daily":false,"chose_seed":false,"campfire_upgraded":3,"win_rate":0,"timestamp":1548402887,"path_taken":["M","M","?","?","$","?","?","$","T","R","M","R","?","?","R","BOSS"],"build_version":"2019-01-23","purchased_purges":1,"victory":false,"max_hp_per_floor":[71,71,71,71,71,71,71,71,71,71,71,71,71,71,71,71],"card_choices":[{"not_picked":["Hologram","Coolheaded"],"picked":"Cold Snap","floor":1.0},{"not_picked":["Sweeping Beam","Streamline"],"picked":"Glacier","floor":2.0},{"not_picked":["Steam","Streamline","Storm"],"picked":"SKIP","floor":11.0}],"player_experience":691772,"relics_obtained":[{"floor":7.0,"key":"Tiny Chest"},{"floor":9.0,"key":"The Courier"}],"event_choices":[{"damage_healed":0.0,"max_hp_gain":0.0,"max_hp_loss":0.0,"gold_gain":0.0,"event_name":"Scrap Ooze","player_choice":"Success","floor":3.0,"gold_loss":0.0,"damage_taken":26.0,"relics_obtained":["PreservedInsect"]},{"damage_healed":0.0,"max_hp_gain":0.0,"max_hp_loss":0.0,"gold_gain":0.0,"event_name":"Golden Wing","player_choice":"Ignored","floor":4.0,"gold_loss":0.0,"damage_taken":0.0},{"damage_healed":0.0,"max_hp_gain":0.0,"max_hp_loss":0.0,"gold_gain":150.0,"event_name":"Liars Game","player_choice":"AGREE","floor":6.0,"gold_loss":0.0,"damage_taken":0.0,"cards_obtained":["Doubt"]},{"cards_removed":["Doubt"],"damage_healed":0.0,"max_hp_gain":0.0,"max_hp_loss":0.0,"gold_gain":0.0,"event_name":"Living Wall","player_choice":"Forget","floor":14.0,"gold_loss":0.0,"damage_taken":0.0}],"is_beta":true,"boss_relics":[],"items_purged_floors":[5],"is_endless":false,"potions_floor_spawned":[2,11],"killed_by":"The Guardian","ascension_level":20}