{"gold_per_floor":[533,32,152,271,386,386,17,17,134,244,244],"floor_reached":11,"playtime":725,"items_purged":["Strike_B","Strike_B","Normality"],"score":1780,"play_id":"1747c46a-6c4b-4f20-afc6-cf4dfd38958c","local_time":"20190404210524","daily_mods":["Uncertain Future"],"is_ascension_mode":true,"campfire_choices":[{"data":"Normality","floor":8,"key":"PURGE"}],"neow_cost":"","seed_source_timestamp":0,"circlet_count":0,"master_deck":["AscendersBane","Strike_B","Strike_B","Defend_B","Defend_B","Defend_B","Defend_B","Zap","Dualcast","Heatsinks+1","Self Repair+1","Loop+1","Chill+1","Skim+1","Reinforced Body+1","Conserve Battery+1","Redo+1","Darkness+1","Multi-Cast+1","Loop+1","Reprogram+1","Glacier+1","Coolheaded+1","Lockon+1","Hologram+1","Decay","Defragment+1","Glacier+1","Undo+1","Turbo+1"],"relics":["Cracked Core","The Courier","Molten Egg 2","Toxic Egg 2","Frozen Egg 2","Shuriken","Thread and Needle","Bronze Scales","Calling Bell","Ancient Tea Set","Symbiotic Virus","Peace Pipe","DollysMirror","Vajra","Question Card"],"potions_floor_usage":[4,11,11],"damage_taken":[{"damage":19,"enemies":"The Guardian","floor":3,"turns":9},{"damage":12,"enemies":"Slime Boss","floor":4,"turns":4},{"damage":0,"enemies":"Hexaghost","floor":5,"turns":9},{"damage":3,"enemies":"Champ","floor":9,"turns":6},{"damage":57,"enemies":"Collector","floor":10,"turns":6},{"damage":17,"enemies":"Automaton","floor":11,"turns":4}],"seed_played":"2541103991130396722","potions_obtained":[{"floor":3,"key":"Block Potion"},{"floor":5,"key":"Poison Potion"},{"floor":10,"key":"FocusPotion"}],"is_trial":true,"path_per_floor":["$","$","M","M","M","T","$","R","M","M","M"],"character_chosen":"DEFECT","items_purchased":["Heatsinks+1","Self Repair+1","Loop+1","Chill+1","Skim+1","Reinforced Body+1","Conserve Battery+1","Redo+1","Darkness+1","Multi-Cast+1","Loop+1","Reprogram+1","Glacier+1","Coolheaded+1","Defragment+1","DollysMirror","GamblersBrew"],"campfire_rested":0,"item_purchase_floors":[1,1,1,1,1,1,1,1,2,2,2,2,2,2,7,7,7],"current_hp_per_floor":[64,64,55,53,53,53,53,53,60,13,0],"gold":244,"neow_bonus":"","is_prod":false,"is_daily":false,"chose_seed":false,"campfire_upgraded":0,"win_rate":0,"timestamp":1554383124,"path_taken":["$","$","M","M","M","T","$","R","M","M","M"],"build_version":"2019-01-23","purchased_purges":3,"victory":false,"max_hp_per_floor":[71,71,71,71,71,71,71,71,71,71,71],"card_choices":[{"not_picked":["Reprogram+1","Leap+1"],"picked":"Lockon+1","floor":3},{"not_picked":["Beam Cell+1","Static Discharge+1","Rebound+1"],"picked":"SKIP","floor":4},{"not_picked":["Heatsinks+1","Barrage+1"],"picked":"Hologram+1","floor":5},{"not_picked":["Sweeping Beam+1","Gash+1"],"picked":"Undo+1","floor":9},{"not_picked":["Chaos+1","Compile Driver+1"],"picked":"Turbo+1","floor":10}],"player_experience":914126,"relics_obtained":[{"floor":3,"key":"Shuriken"},{"floor":4,"key":"Thread and Needle"},{"floor":5,"key":"Bronze Scales"},{"floor":6,"key":"Ancient Tea Set"},{"floor":6,"key":"Symbiotic Virus"},{"floor":6,"key":"Peace Pipe"},{"floor":9,"key":"Vajra"},{"floor":10,"key":"Question Card"}],"event_choices":[],"is_beta":false,"boss_relics":[{"not_picked":["Orrery","FrozenCore"],"picked":"Calling Bell"}],"items_purged_floors":[1,2,7],"is_endless":false,"potions_floor_spawned":[3,5,10],"killed_by":"Automaton","ascension_level":20}