{"gold_per_floor":[117,42,42,53,63,63,8,8,32,57,57,69,69,96,96,96],"floor_reached":16,"playtime":490,"items_purged":[],"score":216,"play_id":"da1cb6a7-d655-4359-8e05-8be849320d3d","local_time":"20181230123441","is_ascension_mode":true,"campfire_choices":[{"data":"Redo","floor":6,"key":"SMITH"},{"data":"Zap","floor":8,"key":"SMITH"},{"data":"Fusion","floor":11,"key":"SMITH"},{"data":"Dualcast","floor":15,"key":"SMITH"}],"neow_cost":"TEN_PERCENT_HP_LOSS","seed_source_timestamp":2184254733723,"circlet_count":0,"master_deck":["AscendersBane","Strike_B+1","Strike_B","Strike_B","Defend_B","Defend_B","Defend_B","Defend_B","Zap+1","Dualcast+1","Chaos+1","Redo+1","Conserve Battery","Leap+1","Fusion+1","Ball Lightning","All For One"],"relics":["Cracked Core","Incense Burner","Lantern","Oddly Smooth Stone","Pocketwatch"],"potions_floor_usage":[10,12],"damage_taken":[{"damage":1,"enemies":"Cultist","floor":1,"turns":3},{"damage":8,"enemies":"2 Louse","floor":4,"turns":3},{"damage":7,"enemies":"Jaw Worm","floor":5,"turns":3},{"damage":6,"enemies":"Gremlin Nob","floor":10,"turns":4},{"damage":0,"enemies":"Exordium Wildlife","floor":12,"turns":3},{"damage":1,"enemies":"Lagavulin","floor":14,"turns":8},{"damage":28,"enemies":"Hexaghost","floor":16,"turns":9}],"seed_played":"-8867252214373848354","potions_obtained":[{"floor":1,"key":"EssenceOfSteel"},{"floor":4,"key":"Fire Potion"},{"floor":10,"key":"SteroidPotion"},{"floor":12,"key":"Fruit Juice"}],"is_trial":false,"path_per_floor":["M","?","?","M","M","R","$","R","T","E","R","M","?","E","R","B"],"character_chosen":"DEFECT","items_purchased":["Leap"],"campfire_rested":0,"item_purchase_floors":[7],"current_hp_per_floor":[63,63,63,55,48,48,48,48,48,42,42,47,26,25,25,0],"gold":96,"neow_bonus":"ONE_RARE_RELIC","is_prod":false,"is_daily":false,"chose_seed":false,"campfire_upgraded":4,"win_rate":0,"timestamp":1546144481,"path_taken":["M","?","?","M","M","R","$","R","T","E","R","M","?","E","R","BOSS"],"build_version":"2018-12-25","purchased_purges":0,"victory":false,"max_hp_per_floor":[64,64,64,64,64,64,64,64,64,64,64,69,69,69,69,69],"card_choices":[{"not_picked":["Hologram","Aggregate"],"picked":"Chaos","floor":1},{"not_picked":["Barrage","Scrape"],"picked":"Redo","floor":4},{"not_picked":["Barrage","Redo"],"picked":"Conserve Battery","floor":5},{"not_picked":["BootSequence","Aggregate"],"picked":"Fusion","floor":10},{"not_picked":["Stack","Steam"],"picked":"Ball Lightning","floor":12},{"not_picked":["Genetic Algorithm","Hologram"],"picked":"All For One","floor":14}],"player_experience":644592,"relics_obtained":[{"floor":9,"key":"Lantern"},{"floor":10,"key":"Oddly Smooth Stone"},{"floor":14,"key":"Pocketwatch"}],"event_choices":[{"cards_removed":["Strike_B"],"damage_healed":0,"gold_gain":0,"player_choice":"Card Removal","damage_taken":0,"max_hp_gain":0,"max_hp_loss":0,"event_name":"The Cleric","floor":2,"gold_loss":75},{"damage_healed":0,"gold_gain":0,"player_choice":"Grow","damage_taken":0,"max_hp_gain":0,"max_hp_loss":0,"event_name":"Living Wall","floor":3,"gold_loss":0,"cards_upgraded":["Chaos"]},{"damage_healed":0,"gold_gain":0,"player_choice":"Entered Light","damage_taken":21,"max_hp_gain":0,"max_hp_loss":0,"event_name":"Shining Light","floor":13,"gold_loss":0,"cards_upgraded":["Leap","Strike_B"]}],"is_beta":true,"boss_relics":[],"items_purged_floors":[],"is_endless":false,"potions_floor_spawned":[1,4,10,12],"killed_by":"Hexaghost","ascension_level":20}