{"gold_per_floor":[117,127,127,146,159,193,207,207,207,235,235,246,246,263,263,362,362,362,7,0,0,0,0,0],"floor_reached":24,"playtime":4310,"items_purged":[],"score":242,"play_id":"9cfe8598-e175-4bb5-9d6b-8a9d672b1eab","local_time":"20190807213655","is_ascension_mode":true,"campfire_choices":[{"floor":8,"key":"REST"},{"data":"Armaments","floor":13,"key":"SMITH"},{"data":"Whirlwind","floor":15,"key":"SMITH"},{"data":"True Grit","floor":23,"key":"SMITH"}],"neow_cost":"NONE","seed_source_timestamp":6562681746660,"circlet_count":0,"master_deck":["Strike_R","Strike_R","Strike_R","Strike_R","Strike_R","Defend_R","Defend_R","Defend_R","Defend_R","Bash","Iron Wave","Armaments+1","Iron Wave","Whirlwind+1","True Grit","Feel No Pain","Headbutt","Power Through","Flex","Juggernaut","Reckless Charge+1","True Grit+1","Apotheosis","Shrug It Off","Rampage","Decay","Shrug It Off"],"relics":["Burning Blood","Magic Flower","Du-Vu Doll","Pantograph","Gambling Chip","Ectoplasm"],"potions_floor_usage":[6,10,12,16,24],"damage_taken":[{"damage":1,"enemies":"Cultist","floor":1,"turns":4},{"damage":1,"enemies":"2 Louse","floor":2,"turns":3},{"damage":1,"enemies":"Small Slimes","floor":4,"turns":4},{"damage":5,"enemies":"3 Louse","floor":5,"turns":3},{"damage":50,"enemies":"3 Sentries","floor":6,"turns":9},{"damage":26,"enemies":"Gremlin Gang","floor":7,"turns":4},{"damage":65,"enemies":"Lagavulin","floor":10,"turns":10},{"damage":4,"enemies":"Exordium Wildlife","floor":12,"turns":6},{"damage":0,"enemies":"Red Slaver","floor":14,"turns":4},{"damage":35,"enemies":"Hexaghost","floor":16,"turns":14},{"damage":21,"enemies":"Chosen","floor":18,"turns":5},{"damage":16,"enemies":"2 Thieves","floor":20,"turns":3},{"damage":20,"enemies":"Centurion and Healer","floor":22,"turns":5},{"damage":62,"enemies":"Gremlin Leader","floor":24,"turns":7}],"seed_played":"2847854213619511243","potions_obtained":[{"floor":4,"key":"Swift Potion"},{"floor":6,"key":"BloodPotion"},{"floor":10,"key":"LiquidBronze"},{"floor":12,"key":"Dexterity Potion"},{"floor":18,"key":"Block Potion"},{"floor":20,"key":"Fire Potion"}],"is_trial":false,"path_per_floor":["M","M","?","M","M","E","M","R","T","E","?","M","R","M","R","B",null,"M","$","M","?","M","R","E"],"character_chosen":"IRONCLAD","items_purchased":["True Grit","Apotheosis","PowerPotion","Shrug It Off","Rampage"],"campfire_rested":1,"item_purchase_floors":[19,19,19,19,19],"current_hp_per_floor":[80,80,80,80,80,36,19,43,43,17,5,10,10,19,19,31,80,68,68,61,61,50,50,0],"gold":0,"neow_bonus":"THREE_CARDS","is_prod":false,"is_daily":false,"chose_seed":false,"campfire_upgraded":3,"win_rate":0,"timestamp":1565203015,"path_taken":["M","M","?","M","?","E","M","R","T","E","?","M","R","M","R","BOSS","M","$","M","?","M","R","E"],"build_version":"2019-07-17","purchased_purges":0,"victory":false,"max_hp_per_floor":[80,80,80,80,80,80,80,80,80,80,80,80,80,80,80,80,80,80,80,80,80,80,80,80],"card_choices":[{"not_picked":["Twin Strike","Ghostly Armor"],"picked":"Iron Wave","floor":0},{"not_picked":["Perfected Strike","Seeing Red"],"picked":"Armaments","floor":1},{"not_picked":["Clash","Armaments"],"picked":"Iron Wave","floor":2},{"not_picked":["Perfected Strike","Corruption"],"picked":"Whirlwind","floor":4},{"not_picked":["Thunderclap","Rampage"],"picked":"True Grit","floor":5},{"not_picked":["Flex","Rupture"],"picked":"Feel No Pain","floor":6},{"not_picked":["Pommel Strike","Rage"],"picked":"Headbutt","floor":7},{"not_picked":["Impervious","Perfected Strike"],"picked":"Power Through","floor":10},{"not_picked":["Perfected Strike","Headbutt"],"picked":"Flex","floor":12},{"not_picked":["Flex","Entrench","Perfected Strike"],"picked":"SKIP","floor":14},{"not_picked":["Double Tap","Impervious"],"picked":"Juggernaut","floor":16},{"not_picked":["Second Wind","Cleave"],"picked":"Reckless Charge+1","floor":18},{"not_picked":["Blood for Blood","Dropkick+1","Cleave"],"picked":"SKIP","floor":20},{"not_picked":["Twin Strike","Sword Boomerang"],"picked":"Shrug It Off","floor":22}],"player_experience":107697,"relics_obtained":[{"floor":6,"key":"Magic Flower"},{"floor":9,"key":"Du-Vu Doll"},{"floor":10,"key":"Pantograph"}],"event_choices":[{"damage_healed":0,"gold_gain":0,"player_choice":"Full Heal","damage_taken":0,"max_hp_gain":0,"max_hp_loss":0,"event_name":"Wheel of Change","floor":3,"gold_loss":0},{"damage_healed":0,"gold_gain":0,"player_choice":"Success","damage_taken":12,"relics_obtained":["Gambling Chip"],"max_hp_gain":0,"max_hp_loss":0,"event_name":"Scrap Ooze","floor":11,"gold_loss":0},{"damage_healed":0,"gold_gain":0,"player_choice":"Smashed Altar","damage_taken":0,"max_hp_gain":0,"max_hp_loss":0,"event_name":"Forgotten Altar","floor":21,"gold_loss":0,"cards_obtained":["Decay"]}],"is_beta":false,"boss_relics":[{"not_picked":["Philosopher\u0027s Stone","Black Star"],"picked":"Ectoplasm"}],"items_purged_floors":[],"is_endless":false,"potions_floor_spawned":[4,6,10,12,18,20],"killed_by":"Gremlin Leader","ascension_level":3}