{"gold_per_floor":[112,159,159,171,189,223,223,249,249,249,54,54,83,102,102,102],"floor_reached":16,"playtime":1638,"items_purged":["Strike_R"],"score":118,"play_id":"97c04d26-964a-4334-9578-2d5c4e6312ab","local_time":"20190807005525","is_ascension_mode":false,"campfire_choices":[{"data":"Infernal Blade","floor":7,"key":"SMITH"},{"floor":12,"key":"REST"},{"data":"True Grit","floor":15,"key":"SMITH"}],"neow_cost":"NONE","seed_source_timestamp":22784828724723,"circlet_count":0,"master_deck":["Strike_R","Strike_R","Strike_R","Strike_R","Defend_R","Defend_R","Defend_R","Defend_R","Bash","Infernal Blade+1","Carnage","Headbutt","Clothesline","Impervious","True Grit+1","Fiend Fire"],"relics":["Burning Blood"],"potions_floor_usage":[8,16],"damage_taken":[{"damage":1,"enemies":"Cultist","floor":1,"turns":3},{"damage":6,"enemies":"Jaw Worm","floor":4,"turns":2},{"damage":0,"enemies":"Small Slimes","floor":5,"turns":2},{"damage":46,"enemies":"Lagavulin","floor":6,"turns":7},{"damage":67,"enemies":"3 Sentries","floor":8,"turns":12},{"damage":12,"enemies":"Gremlin Nob","floor":13,"turns":4},{"damage":6,"enemies":"Exordium Wildlife","floor":14,"turns":3},{"damage":31,"enemies":"Hexaghost","floor":16,"turns":9}],"seed_played":"4605971036763285802","potions_obtained":[{"floor":5,"key":"LiquidBronze"},{"floor":6,"key":"Regen Potion"},{"floor":13,"key":"AttackPotion"}],"is_trial":false,"path_per_floor":["M","T","?","M","M","E","R","E","T","?","$","R","E","M","R","B"],"character_chosen":"IRONCLAD","items_purchased":["Impervious","True Grit"],"campfire_rested":1,"item_purchase_floors":[11,11],"current_hp_per_floor":[88,88,93,93,93,53,53,7,7,7,7,34,28,28,28,0],"gold":102,"neow_bonus":"TEN_PERCENT_HP_BONUS","is_prod":false,"is_daily":false,"chose_seed":false,"campfire_upgraded":2,"win_rate":0,"timestamp":1565128525,"path_taken":["M","?","?","M","M","E","R","E","T","?","$","R","E","M","R","BOSS"],"build_version":"2019-07-17","purchased_purges":1,"victory":false,"max_hp_per_floor":[88,88,93,93,93,93,93,93,93,93,93,93,93,93,93,93],"card_choices":[{"not_picked":["Headbutt","Second Wind"],"picked":"Infernal Blade","floor":1},{"not_picked":["Anger","Havoc"],"picked":"Carnage","floor":4},{"not_picked":["Blood for Blood","Body Slam"],"picked":"Headbutt","floor":5},{"not_picked":["Cleave","Spot Weakness"],"picked":"Clothesline","floor":6},{"not_picked":["Body Slam","Wild Strike","Fire Breathing"],"picked":"SKIP","floor":8},{"not_picked":["Body Slam","Wild Strike","Fire Breathing"],"picked":"SKIP","floor":8},{"not_picked":["Whirlwind","Hemokinesis"],"picked":"Fiend Fire","floor":13},{"not_picked":["Twin Strike","Uppercut","Sword Boomerang"],"picked":"SKIP","floor":14}],"player_experience":95608,"relics_obtained":[],"event_choices":[{"damage_healed":0,"gold_gain":0,"player_choice":"Donut","damage_taken":0,"max_hp_gain":5,"max_hp_loss":0,"event_name":"Big Fish","floor":3,"gold_loss":0},{"damage_healed":0,"gold_gain":0,"player_choice":"Ignored","damage_taken":0,"max_hp_gain":0,"max_hp_loss":0,"event_name":"WeMeetAgain","floor":10,"gold_loss":0}],"is_beta":false,"boss_relics":[],"items_purged_floors":[11],"is_endless":false,"potions_floor_spawned":[5,6,13],"killed_by":"Hexaghost","ascension_level":0}