{"gold_per_floor":[117,127,202,218,237,267,267,267,267,267,277,277,110,121,121,226,226,192,212,212,231,242,242,242,242,312,330,122,140,155,26,26,26],"floor_reached":33,"playtime":4279,"items_purged":["Strike_R","Strike_R"],"score":251,"play_id":"8282178d-2698-44c8-a533-4ccb498a8568","local_time":"20190807020701","is_ascension_mode":false,"campfire_choices":[{"floor":7,"key":"REST"},{"floor":15,"key":"REST"},{"floor":23,"key":"REST"},{"floor":25,"key":"REST"},{"floor":32,"key":"REST"}],"neow_cost":"NONE","seed_source_timestamp":24433427857617,"circlet_count":0,"master_deck":["Strike_R","Strike_R","Defend_R","Defend_R","Defend_R","Defend_R","Bash","Feel No Pain","Havoc","Infernal Blade","Clothesline","Corruption","Feel No Pain","Madness","Dark Embrace","Clothesline","Headbutt","Warcry+1","Feel No Pain","Demon Form","Seeing Red","Whirlwind","Armaments","Shrug It Off+1","Sentinel"],"relics":["Fusion Hammer"],"potions_floor_usage":[16,16,22,33,33,33],"damage_taken":[{"damage":0,"enemies":"2 Louse","floor":1,"turns":2},{"damage":0,"enemies":"Cultist","floor":2,"turns":3},{"damage":0,"enemies":"Small Slimes","floor":4,"turns":3},{"damage":9,"enemies":"Blue Slaver","floor":5,"turns":4},{"damage":3,"enemies":"Gremlin Nob","floor":6,"turns":3},{"damage":23,"enemies":"Large Slime","floor":11,"turns":6},{"damage":21,"enemies":"Gremlin Gang","floor":14,"turns":6},{"damage":26,"enemies":"Hexaghost","floor":16,"turns":8},{"damage":18,"enemies":"2 Thieves","floor":18,"turns":5},{"damage":4,"enemies":"Spheric Guardian","floor":19,"turns":5},{"damage":28,"enemies":"Snake Plant","floor":21,"turns":4},{"damage":12,"enemies":"Cultist and Chosen","floor":22,"turns":6},{"damage":15,"enemies":"Chosen and Byrds","floor":27,"turns":8},{"damage":18,"enemies":"Centurion and Healer","floor":29,"turns":6},{"damage":11,"enemies":"Cultist and Chosen","floor":30,"turns":6},{"damage":56,"enemies":"Automaton","floor":33,"turns":10}],"seed_played":"4172236005451058987","potions_obtained":[{"floor":1,"key":"Poison Potion"},{"floor":5,"key":"EntropicBrew"},{"floor":6,"key":"GamblersBrew"},{"floor":14,"key":"Energy Potion"},{"floor":19,"key":"Poison Potion"},{"floor":21,"key":"AttackPotion"},{"floor":29,"key":"SkillPotion"}],"is_trial":false,"path_per_floor":["M","M","?","M","M","E","R","?","T","T","M","?","$","M","R","B",null,"M","M","?","M","M","R","?","R","T","M","$","M","M","$","R","B"],"character_chosen":"IRONCLAD","items_purchased":["Madness","Seeing Red","Whirlwind","Poison Potion","Sentinel"],"campfire_rested":5,"item_purchase_floors":[13,28,28,31,31],"current_hp_per_floor":[80,80,72,72,63,60,80,80,80,80,57,57,57,36,60,34,80,62,58,58,30,18,42,42,66,66,51,51,33,22,22,46,0],"gold":26,"neow_bonus":"BOSS_RELIC","is_prod":false,"is_daily":false,"chose_seed":false,"campfire_upgraded":0,"win_rate":0,"timestamp":1565132821,"path_taken":["M","M","?","?","?","E","R","?","T","?","M","?","$","M","R","BOSS","M","?","?","M","M","R","?","R","T","M","$","M","M","$","R","BOSS"],"build_version":"2019-07-17","purchased_purges":2,"victory":false,"max_hp_per_floor":[80,80,80,80,80,80,80,80,80,80,80,80,80,80,80,80,80,80,80,80,80,80,80,80,80,80,80,80,80,80,80,80,80],"card_choices":[{"not_picked":["Battle Trance","Armaments"],"picked":"Feel No Pain","floor":1},{"not_picked":["Reckless Charge","Armaments"],"picked":"Havoc","floor":2},{"not_picked":["Cleave","Double Tap"],"picked":"Infernal Blade","floor":4},{"not_picked":["True Grit","Heavy Blade"],"picked":"Clothesline","floor":5},{"not_picked":["Twin Strike","Clothesline"],"picked":"Corruption","floor":6},{"not_picked":["Perfected Strike","Thunderclap"],"picked":"Feel No Pain","floor":11},{"not_picked":["Cleave","Perfected Strike","Iron Wave"],"picked":"SKIP","floor":14},{"not_picked":["Demon Form","Bludgeon"],"picked":"Dark Embrace","floor":16},{"not_picked":["Hemokinesis+1","Blood for Blood"],"picked":"Clothesline","floor":18},{"not_picked":["Wild Strike","True Grit"],"picked":"Headbutt","floor":19},{"not_picked":["Combust","Flex","Thunderclap"],"picked":"SKIP","floor":21},{"not_picked":["Flex","Clothesline"],"picked":"Warcry+1","floor":22},{"not_picked":["Bloodletting","Flex"],"picked":"Demon Form","floor":27},{"not_picked":["Pommel Strike","Flex"],"picked":"Armaments","floor":29},{"not_picked":["Iron Wave+1","True Grit"],"picked":"Shrug It Off+1","floor":30}],"player_experience":97246,"relics_obtained":[],"event_choices":[{"damage_healed":0,"gold_gain":75,"player_choice":"Touch","damage_taken":8,"max_hp_gain":0,"max_hp_loss":0,"event_name":"FaceTrader","floor":3,"gold_loss":0},{"damage_healed":0,"gold_gain":0,"player_choice":"Ignored","damage_taken":0,"max_hp_gain":0,"max_hp_loss":0,"event_name":"Golden Idol","floor":8,"gold_loss":0},{"cards_removed":["Strike_R"],"damage_healed":0,"gold_gain":0,"player_choice":"Offered Basic","damage_taken":0,"max_hp_gain":0,"max_hp_loss":0,"event_name":"Bonfire Elementals","floor":12,"gold_loss":0},{"damage_healed":0,"gold_gain":0,"player_choice":"Copied","damage_taken":0,"max_hp_gain":0,"max_hp_loss":0,"event_name":"Duplicator","floor":24,"gold_loss":0,"cards_obtained":["Feel No Pain"]}],"is_beta":false,"boss_relics":[{"not_picked":["Astrolabe","Coffee Dripper","Busted Crown"]}],"items_purged_floors":[13,28],"is_endless":false,"potions_floor_spawned":[1,5,6,14,19,21,29,30],"killed_by":"Automaton","ascension_level":0}