{"gold_per_floor":[109,109,31,31,31,31,61,75,75,93,107,107,107,134,134,238,238,254,221,3,3,18,18],"floor_reached":23,"playtime":3394,"items_purged":[],"score":258,"play_id":"6fc5c991-7842-49a7-906b-b33fb1796f5e","local_time":"20180923193636","is_ascension_mode":true,"campfire_choices":[{"data":"Neutralize","floor":6.0,"key":"SMITH"},{"data":"Noxious Fumes","floor":12.0,"key":"SMITH"},{"data":"Strike_G","floor":15.0,"key":"PURGE"}],"neow_cost":"NONE","seed_source_timestamp":9999052129607,"circlet_count":0,"master_deck":["Defend_G","Defend_G","Defend_G","Defend_G+1","Defend_G+1","Strike_G","Survivor","Neutralize+1","Masterful Stab","Noxious Fumes+1","Crippling Poison","Bane","Backflip","Footwork","Blur","Tools of the Trade","Backflip+1","Wraith Form v2+1","Noxious Fumes+1","PiercingWail","Terror+1","Poisoned Stab","RitualDagger"],"special_seed":0,"relics":["Ring of the Snake","NeowsBlessing","War Paint","Peace Pipe","StoneCalendar","Astrolabe","OrangePellets"],"potions_floor_usage":[],"damage_taken":[{"damage":0.0,"enemies":"Small Slimes","floor":1.0,"turns":1.0},{"damage":0.0,"enemies":"Lagavulin","floor":7.0,"turns":1.0},{"damage":0.0,"enemies":"2 Louse","floor":8.0,"turns":1.0},{"damage":0.0,"enemies":"Jaw Worm","floor":10.0,"turns":3.0},{"damage":13.0,"enemies":"Large Slime","floor":11.0,"turns":6.0},{"damage":25.0,"enemies":"Gremlin Nob","floor":14.0,"turns":6.0},{"damage":4.0,"enemies":"Hexaghost","floor":16.0,"turns":9.0},{"damage":10.0,"enemies":"3 Byrds","floor":18.0,"turns":4.0},{"damage":2.0,"enemies":"2 Thieves","floor":19.0,"turns":5.0},{"damage":13.0,"enemies":"Snake Plant","floor":22.0,"turns":7.0},{"damage":46,"enemies":"Gremlin Leader","floor":23,"turns":7}],"seed_played":"4200343662929988184","potions_obtained":[{"floor":1.0,"key":"LiquidBronze"},{"floor":10.0,"key":"Ancient Potion"},{"floor":11.0,"key":"LiquidBronze"}],"is_trial":false,"path_per_floor":["M","?","$","?","$","R","E","M","T","M","M","R","?","E","R","B",null,"M","M","$","?","M"],"character_chosen":"THE_SILENT","items_purchased":["Noxious Fumes","OrangePellets","Poisoned Stab"],"campfire_rested":0,"item_purchase_floors":[3,20,20],"current_hp_per_floor":[70,75,75,75,75,75,75,75,75,75,62,62,62,37,37,33,75,65,63,63,57,44,0],"gold":18,"neow_bonus":"THREE_ENEMY_KILL","is_prod":false,"is_daily":false,"chose_seed":false,"campfire_upgraded":2,"win_rate":0,"timestamp":1537702596,"path_taken":["M","?","$","?","$","R","E","M","T","M","M","R","?","E","R","BOSS","M","M","?","?","M","E"],"build_version":"2018-09-20","purchased_purges":0,"victory":false,"max_hp_per_floor":[70,75,75,75,75,75,75,75,75,75,75,75,75,75,75,75,75,75,75,75,75,75,75],"card_choices":[{"not_picked":["Distraction","Prepared"],"picked":"Masterful Stab","floor":1.0},{"not_picked":["Slice","Flechettes"],"picked":"Crippling Poison","floor":7.0},{"not_picked":["Cloak And Dagger","Eviscerate"],"picked":"Bane","floor":8.0},{"not_picked":["Blade Dance","Terror"],"picked":"Backflip","floor":10.0},{"not_picked":["Deflect","Masterful Stab"],"picked":"Footwork","floor":11.0},{"not_picked":["Distraction","Outmaneuver"],"picked":"Blur","floor":14.0},{"not_picked":["Wraith Form v2","Envenom"],"picked":"Tools of the Trade","floor":16.0},{"not_picked":["Masterful Stab","Endless Agony"],"picked":"PiercingWail","floor":18.0},{"not_picked":["Deflect","Distraction+1"],"picked":"Terror+1","floor":19.0},{"not_picked":["Prepared","Underhanded Strike","PiercingWail"],"picked":"SKIP","floor":22.0}],"player_experience":393011,"relics_obtained":[{"floor":7.0,"key":"War Paint"},{"floor":9.0,"key":"Peace Pipe"},{"floor":14.0,"key":"StoneCalendar"}],"event_choices":[{"event_name":"Big Fish","player_choice":"Donut","floor":2.0,"damage_taken":0.0},{"event_name":"Shining Light","player_choice":"Ignored","floor":4.0,"damage_taken":0.0},{"event_name":"Liars Game","player_choice":"disagreed","floor":13.0,"damage_taken":0.0},{"event_name":"Nest","player_choice":"Joined the Cult","floor":21.0,"damage_taken":0.0}],"is_beta":true,"boss_relics":[{"not_picked":["Snecko Eye","Lizard Tail"],"picked":"Astrolabe"}],"items_purged_floors":[],"is_endless":false,"potions_floor_spawned":[1,10,11,19],"killed_by":"Gremlin Leader","ascension_level":3}