{"gold_per_floor":[119,137,150,166,178,212,224,241,241,241,270,445,445,464,464,566,566,566,566,566,204,204,204,204,129,129,129,129,129,129,129,129,129,129,129,129,0,0,0,0,0],"floor_reached":41,"playtime":3871,"items_purged":["Doubt"],"score":486,"play_id":"c60acea7-d088-4162-8336-b4203078b68b","local_time":"20190806235152","is_ascension_mode":false,"campfire_choices":[{"data":"Fusion","floor":10,"key":"SMITH"},{"floor":15,"key":"REST"},{"data":"Seek","floor":23,"key":"SMITH"},{"data":"Zap","floor":28,"key":"SMITH"},{"data":"Dualcast","floor":30,"key":"SMITH"},{"data":"Rainbow","floor":32,"key":"SMITH"},{"data":"Storm","floor":40,"key":"SMITH"}],"neow_cost":"NONE","seed_source_timestamp":184259251672380,"circlet_count":0,"master_deck":["Defend_B","Defend_B","Defend_B","Defend_B","Zap+1","Dualcast+1","BootSequence","Loop+1","Coolheaded","Sweeping Beam","Lockon","Capacitor","Fusion+1","Barrage","Steam","Rainbow+1","Seek+1","Hologram+1","Cold Snap","Storm+1","FTL","Stack+1","Bite","Bite","Bite","Bite","Bite","Biased Cognition","Storm+1","Consume","Self Repair+1","Reinforced Body+1"],"relics":["FrozenCore","Dream Catcher","Calipers","Bottled Lightning","Ectoplasm","Lee\u0027s Waffle","Oddly Smooth Stone","MutagenicStrength","Red Mask"],"potions_floor_usage":[6,8,11,16,19,33,38,41],"damage_taken":[{"damage":1,"enemies":"Cultist","floor":1,"turns":3},{"damage":0,"enemies":"Small Slimes","floor":2,"turns":2},{"damage":0,"enemies":"2 Louse","floor":3,"turns":3},{"damage":0,"enemies":"Lots of Slimes","floor":4,"turns":5},{"damage":2,"enemies":"3 Louse","floor":5,"turns":3},{"damage":20,"enemies":"3 Sentries","floor":6,"turns":6},{"damage":0,"enemies":"Looter","floor":7,"turns":3},{"damage":14,"enemies":"Large Slime","floor":8,"turns":5},{"damage":19,"enemies":"Lagavulin","floor":11,"turns":5},{"damage":5,"enemies":"2 Fungi Beasts","floor":14,"turns":3},{"damage":0,"enemies":"Slime Boss","floor":16,"turns":8},{"damage":8,"enemies":"Spheric Guardian","floor":18,"turns":6},{"damage":11,"enemies":"3 Byrds","floor":19,"turns":4},{"damage":38,"enemies":"3 Cultists","floor":20,"turns":7},{"damage":18,"enemies":"Centurion and Healer","floor":22,"turns":5},{"damage":13,"enemies":"Snake Plant","floor":24,"turns":3},{"damage":26,"enemies":"Shelled Parasite and Fungi","floor":29,"turns":5},{"damage":44,"enemies":"Automaton","floor":33,"turns":11},{"damage":0,"enemies":"Orb Walker","floor":35,"turns":4},{"damage":33,"enemies":"3 Darklings","floor":36,"turns":6},{"damage":2,"enemies":"4 Shapes","floor":38,"turns":4},{"damage":24,"enemies":"Spire Growth","floor":39,"turns":3},{"damage":47,"enemies":"Reptomancer","floor":41,"turns":2}],"seed_played":"2551181564887824039","potions_obtained":[{"floor":1,"key":"Fire Potion"},{"floor":2,"key":"SmokeBomb"},{"floor":6,"key":"FearPotion"},{"floor":7,"key":"PowerPotion"},{"floor":14,"key":"FocusPotion"},{"floor":18,"key":"Explosive Potion"},{"floor":22,"key":"SpeedPotion"},{"floor":29,"key":"Regen Potion"},{"floor":36,"key":"SpeedPotion"},{"floor":39,"key":"SkillPotion"}],"is_trial":false,"path_per_floor":["M","M","M","M","M","E","M","M","T","R","E","?","?","M","R","B",null,"M","M","M","$","M","R","M","?","T","?","R","M","R","?","R","B",null,"M","M","?","M","M","R","E"],"character_chosen":"DEFECT","items_purchased":["Lee\u0027s Waffle","Storm"],"campfire_rested":1,"item_purchase_floors":[21,21],"current_hp_per_floor":[81,81,81,81,79,59,59,45,45,45,26,26,26,21,45,45,82,74,63,25,89,71,71,58,58,58,58,58,32,32,32,32,25,62,62,38,38,44,32,32,0],"gold":0,"neow_bonus":"TEN_PERCENT_HP_BONUS","is_prod":false,"is_daily":false,"chose_seed":false,"campfire_upgraded":6,"win_rate":0.0,"timestamp":1565128312,"path_taken":["M","?","M","M","M","E","M","M","T","R","E","?","?","?","R","BOSS","M","M","M","$","M","R","M","?","T","?","R","M","R","?","R","BOSS","M","M","?","M","M","R","E"],"build_version":"2019-07-17","purchased_purges":1,"victory":false,"max_hp_per_floor":[82,82,82,82,82,82,82,82,82,82,82,82,82,82,82,82,82,82,82,82,89,89,89,89,89,89,89,89,89,89,62,62,62,62,62,62,62,62,62,62,62],"card_choices":[{"not_picked":["Barrage","Rebound"],"picked":"BootSequence","floor":1},{"not_picked":["Barrage","Static Discharge"],"picked":"Loop","floor":2},{"not_picked":["Go for the Eyes","Hologram"],"picked":"Coolheaded","floor":3},{"not_picked":["Beam Cell","Ball Lightning"],"picked":"Sweeping Beam","floor":4},{"not_picked":["Sweeping Beam","Tempest"],"picked":"Lockon","floor":5},{"not_picked":["Rebound","Static Discharge"],"picked":"Capacitor","floor":6},{"not_picked":["FTL","Redo"],"picked":"Fusion","floor":7},{"not_picked":["Skim","Stack"],"picked":"Barrage","floor":8},{"not_picked":["Steam Power","White Noise"],"picked":"Steam","floor":11},{"not_picked":["Streamline","Sweeping Beam","Beam Cell"],"picked":"SKIP","floor":14},{"not_picked":["Steam Power","Ball Lightning"],"picked":"Rainbow","floor":15},{"not_picked":["Thunder Strike","Reboot"],"picked":"Seek","floor":16},{"not_picked":["Sweeping Beam","Double Energy+1"],"picked":"Hologram+1","floor":18},{"not_picked":["Ball Lightning","Fusion+1"],"picked":"Cold Snap","floor":19},{"not_picked":["Reinforced Body+1","Sweeping Beam","Heatsinks+1"],"picked":"SKIP","floor":20},{"not_picked":["Lockon+1","Stack","Reprogram+1"],"picked":"SKIP","floor":22},{"not_picked":["Stack","Conserve Battery+1"],"picked":"FTL","floor":24},{"not_picked":["Hologram","Gash"],"picked":"Stack+1","floor":29},{"not_picked":["Amplify","Seek"],"picked":"Biased Cognition","floor":33},{"not_picked":["Blizzard+1","Leap+1"],"picked":"Storm+1","floor":35},{"not_picked":["Auto Shields","Rebound+1"],"picked":"Consume","floor":36},{"not_picked":["Doom and Gloom+1","Conserve Battery"],"picked":"Self Repair+1","floor":38},{"not_picked":["Genetic Algorithm+1","Streamline"],"picked":"Reinforced Body+1","floor":39}],"player_experience":27871,"relics_obtained":[{"floor":6,"key":"Dream Catcher"},{"floor":9,"key":"Calipers"},{"floor":11,"key":"Bottled Lightning"},{"floor":26,"key":"Oddly Smooth Stone"}],"event_choices":[{"damage_healed":0,"gold_gain":175,"player_choice":"AGREE","damage_taken":0,"max_hp_gain":0,"max_hp_loss":0,"event_name":"Liars Game","floor":12,"gold_loss":0,"cards_obtained":["Doubt"]},{"damage_healed":0,"gold_gain":0,"player_choice":"Forge","damage_taken":0,"max_hp_gain":0,"max_hp_loss":0,"event_name":"Accursed Blacksmith","floor":13,"gold_loss":0,"cards_upgraded":["Loop"]},{"cards_removed":["Strike_B"],"damage_healed":0,"gold_gain":0,"player_choice":"Gave Gold","damage_taken":0,"max_hp_gain":0,"max_hp_loss":0,"event_name":"Beggar","floor":25,"gold_loss":75},{"damage_healed":0,"gold_gain":0,"player_choice":"Inject Mutagens","damage_taken":0,"relics_obtained":["MutagenicStrength"],"max_hp_gain":0,"max_hp_loss":0,"event_name":"Drug Dealer","floor":27,"gold_loss":0},{"damage_healed":0,"gold_gain":0,"player_choice":"Became a vampire","damage_taken":0,"max_hp_gain":0,"max_hp_loss":27,"event_name":"Vampires","floor":31,"gold_loss":0,"cards_obtained":["Bite","Bite","Bite","Bite","Bite"]},{"damage_healed":0,"gold_gain":0,"player_choice":"Paid","damage_taken":0,"relics_obtained":["Red Mask"],"max_hp_gain":0,"max_hp_loss":0,"event_name":"Tomb of Lord Red Mask","floor":37,"gold_loss":129}],"is_beta":false,"boss_relics":[{"not_picked":["Runic Dome","Runic Pyramid"],"picked":"Ectoplasm"},{"not_picked":["Lizard Tail","Black Star"],"picked":"FrozenCore"}],"items_purged_floors":[21],"is_endless":false,"potions_floor_spawned":[1,2,6,7,14,18,22,29,36,39],"killed_by":"Reptomancer","ascension_level":0}