{"gold_per_floor":[111,111,134,18,33,33,33,33,56,89,104,133,197,207,207,278,278,295,295,30,30,23,48,60,72],"floor_reached":25,"playtime":782,"items_purged":[],"score":504,"play_id":"eb6ccb7a-667c-4138-9a06-1f3a9a44c96d","local_time":"20181124190459","is_ascension_mode":true,"campfire_choices":[{"data":"Skewer","floor":6.0,"key":"SMITH"},{"data":"Neutralize","floor":8.0,"key":"SMITH"},{"data":"Footwork","floor":15.0,"key":"SMITH"}],"neow_cost":"NONE","seed_source_timestamp":1840609353267,"circlet_count":0,"master_deck":["AscendersBane","Defend_G+1","Defend_G+1","Defend_G+1","Defend_G+1","Defend_G+1","Strike_G+1","Strike_G+1","Strike_G+1","Strike_G+1","Strike_G+1","Survivor","Neutralize+1","Expertise","Terror","Flechettes","Skewer+1","Footwork+1","All Out Attack","Calculated Gamble","Backflip","Well Laid Plans","PiercingWail"],"special_seed":0,"relics":["Ring of the Snake","Art of War","Blood Vial","Juzu Bracelet","PreservedInsect","Gremlin Horn","Eternal Feather","Paper Crane","MawBank","Nloth\u0027s Gift"],"potions_floor_usage":[],"damage_taken":[{"damage":0.0,"enemies":"Jaw Worm","floor":1.0,"turns":1.0},{"damage":0.0,"enemies":"Cultist","floor":5.0,"turns":1.0},{"damage":0.0,"enemies":"3 Sentries","floor":10.0,"turns":1.0},{"damage":6.0,"enemies":"2 Louse","floor":11.0,"turns":2.0},{"damage":23.0,"enemies":"Lagavulin","floor":12.0,"turns":6.0},{"damage":13.0,"enemies":"3 Sentries","floor":13.0,"turns":5.0},{"damage":5.0,"enemies":"Looter","floor":14.0,"turns":4.0},{"damage":16.0,"enemies":"The Guardian","floor":16.0,"turns":12.0},{"damage":7.0,"enemies":"Chosen","floor":18.0,"turns":5.0},{"damage":20.0,"enemies":"Colosseum Slavers","floor":19.0,"turns":7.0},{"damage":5.0,"enemies":"2 Thieves","floor":22.0,"turns":4.0},{"damage":10,"enemies":"Gremlin Leader","floor":23,"turns":4},{"damage":25,"enemies":"Cultist and Chosen","floor":25,"turns":3}],"seed_played":"2086920783393242560","potions_obtained":[{"floor":5.0,"key":"SteroidPotion"},{"floor":11.0,"key":"SteroidPotion"},{"floor":16.0,"key":"Block Potion"},{"floor":18.0,"key":"PowerPotion"}],"is_trial":false,"path_per_floor":["M","?","T","$","M","R","$","R","T","E","E","M","E","?","M","R","B",null,"M","?","$","?","M","E","?","M"],"character_chosen":"THE_SILENT","items_purchased":["Terror","Flechettes","Paper Crane"],"campfire_rested":0,"item_purchase_floors":[4,4,20],"current_hp_per_floor":[59,59,59,59,59,59,59,59,59,61,57,36,25,22,22,8,52,47,29,29,29,26,18,18,0],"gold":72,"neow_bonus":"THREE_ENEMY_KILL","is_prod":false,"is_daily":false,"chose_seed":false,"campfire_upgraded":3,"win_rate":0,"timestamp":1543057499,"path_taken":["M","?","?","$","M","R","?","R","T","E","M","E","?","M","R","BOSS","M","?","$","?","M","E","?","M"],"build_version":"2018-11-15","purchased_purges":0,"victory":false,"max_hp_per_floor":[66,66,66,66,66,66,66,66,66,66,66,66,66,66,66,66,66,66,66,66,66,66,66,66,66],"card_choices":[{"not_picked":["Underhanded Strike","Dodge and Roll"],"picked":"Expertise","floor":1.0},{"not_picked":["Choke","Heel Hook"],"picked":"Skewer","floor":5.0},{"not_picked":["Calculated Gamble","All Out Attack"],"picked":"Footwork","floor":10.0},{"not_picked":["Skewer","Deflect"],"picked":"All Out Attack","floor":11.0},{"not_picked":["Sucker Punch","Eviscerate","A Thousand Cuts"],"picked":"SKIP","floor":12.0},{"not_picked":["Tactician","Dagger Throw"],"picked":"Calculated Gamble","floor":14.0},{"not_picked":["Quick Slash","Flechettes"],"picked":"Backflip","floor":18.0},{"not_picked":["Catalyst","Dodge and Roll"],"picked":"Well Laid Plans","floor":22.0},{"not_picked":["Underhanded Strike","Eviscerate"],"picked":"PiercingWail","floor":23}],"player_experience":560160,"relics_obtained":[{"floor":3.0,"key":"Art of War"},{"floor":9.0,"key":"Blood Vial"},{"floor":10.0,"key":"Juzu Bracelet"},{"floor":12.0,"key":"PreservedInsect"},{"floor":13.0,"key":"Gremlin Horn"},{"floor":23,"key":"MawBank"}],"event_choices":[{"damage_healed":0.0,"max_hp_gain":0.0,"max_hp_loss":0.0,"gold_gain":0.0,"event_name":"Scrap Ooze","player_choice":"Fled","floor":2.0,"gold_loss":0.0,"damage_taken":0.0},{"damage_healed":0.0,"max_hp_gain":0.0,"max_hp_loss":0.0,"gold_gain":0.0,"event_name":"Dead Adventurer","player_choice":"Searched \u00271\u0027 times","floor":13.0,"gold_loss":0.0,"damage_taken":0.0},{"damage_healed":0.0,"max_hp_gain":0.0,"max_hp_loss":0.0,"gold_gain":0.0,"event_name":"Colosseum","player_choice":"Fight","floor":19.0,"gold_loss":0.0,"damage_taken":0.0},{"damage_healed":0.0,"max_hp_gain":0.0,"max_hp_loss":0.0,"gold_gain":0.0,"event_name":"Colosseum","player_choice":"Fled From Nobs","floor":19.0,"gold_loss":0.0,"damage_taken":0.0},{"damage_healed":0.0,"max_hp_gain":0.0,"max_hp_loss":0.0,"gold_gain":0.0,"event_name":"Back to Basics","player_choice":"Simplicity","floor":21.0,"gold_loss":0.0,"damage_taken":0.0,"cards_upgraded":["Defend_G","Defend_G","Defend_G","Defend_G","Defend_G","Strike_G","Strike_G","Strike_G","Strike_G","Strike_G"]},{"damage_healed":0,"gold_gain":0,"player_choice":"Traded Relic","damage_taken":0,"relics_obtained":["Nloth\u0027s Gift"],"max_hp_gain":0,"max_hp_loss":0,"event_name":"N\u0027loth","floor":24,"relics_lost":["NeowsBlessing"],"gold_loss":0}],"is_beta":true,"boss_relics":[{"not_picked":["HoveringKite","Lizard Tail"],"picked":"Eternal Feather"}],"items_purged_floors":[],"is_endless":false,"potions_floor_spawned":[5,11,12,16,18,19],"killed_by":"Cultist and Chosen","ascension_level":20}