{"gold_per_floor":[14,26,37,37,48,48,77,95,119,119,119,119,139,155,155,155],"floor_reached":16,"playtime":655,"items_purged":[],"score":208,"play_id":"92f496f3-96f8-4e36-8330-47573df2e5f7","local_time":"20180922150108","is_ascension_mode":true,"campfire_choices":[{"data":"Zap","floor":6.0,"key":"SMITH"},{"floor":10.0,"key":"REST"},{"floor":15,"key":"REST"}],"neow_cost":"NO_GOLD","seed_source_timestamp":2355759385140,"circlet_count":0,"master_deck":["Strike_B","Strike_B","Strike_B","Defend_B","Defend_B","Defend_B","Defend_B","Zap+1","Dualcast","AscendersBane","Rainbow","Streamline","Rebound","Sweeping Beam","Leap","Glacier","Cold Snap","Compile Driver","Defragment","White Noise"],"special_seed":0,"relics":["Cracked Core","Gambling Chip","Orichalcum"],"potions_floor_usage":[],"damage_taken":[{"damage":4.0,"enemies":"Cultist","floor":1.0,"turns":3.0},{"damage":14.0,"enemies":"Jaw Worm","floor":2.0,"turns":4.0},{"damage":4.0,"enemies":"2 Louse","floor":3.0,"turns":3.0},{"damage":7.0,"enemies":"Large Slime","floor":5.0,"turns":3.0},{"damage":31.0,"enemies":"3 Sentries","floor":7.0,"turns":5.0},{"damage":9.0,"enemies":"Lots of Slimes","floor":8.0,"turns":5.0},{"damage":17,"enemies":"Exordium Wildlife","floor":13,"turns":3},{"damage":8,"enemies":"Large Slime","floor":14,"turns":9},{"damage":32,"enemies":"Slime Boss","floor":16,"turns":10}],"seed_played":"-3474801962795498452","potions_obtained":[{"floor":1.0,"key":"Fire Potion"},{"floor":3.0,"key":"SneckoOil"},{"floor":7.0,"key":"Regen Potion"}],"is_trial":false,"path_per_floor":["M","M","M","$","M","R","E","M","T","R","?","?","M","M","R"],"character_chosen":"DEFECT","items_purchased":[],"campfire_rested":2,"item_purchase_floors":[],"current_hp_per_floor":[60,46,42,42,35,35,4,9,9,30,30,30,13,5,26,0],"gold":155,"neow_bonus":"THREE_RARE_CARDS","is_prod":false,"is_daily":false,"chose_seed":false,"campfire_upgraded":1,"win_rate":0,"timestamp":1537599668,"path_taken":["M","?","M","$","M","R","E","M","T","R","?","?","M","M","R","BOSS"],"build_version":"2018-09-20","purchased_purges":0,"victory":false,"max_hp_per_floor":[71,71,71,71,71,71,71,71,71,71,71,71,71,71,71,71],"card_choices":[{"not_picked":["Amplify","Buffer"],"picked":"Rainbow","floor":0.0},{"not_picked":["Force Field","Loop"],"picked":"Streamline","floor":1.0},{"not_picked":["Scrape","Beam Cell"],"picked":"Rebound","floor":2.0},{"not_picked":["Rip and Tear","Beam Cell"],"picked":"Sweeping Beam","floor":3.0},{"not_picked":["Gash","Hologram"],"picked":"Leap","floor":5.0},{"not_picked":["Go for the Eyes","Aggregate"],"picked":"Glacier","floor":7.0},{"not_picked":["Compile Driver","Steam"],"picked":"Cold Snap","floor":8.0},{"not_picked":["Reboot","Heatsinks"],"picked":"Defragment","floor":13},{"not_picked":["Cold Snap","Sweeping Beam"],"picked":"White Noise","floor":14}],"player_experience":375632,"relics_obtained":[{"floor":7.0,"key":"Gambling Chip"},{"floor":9.0,"key":"Orichalcum"}],"event_choices":[{"event_name":"FaceTrader","player_choice":"Leave","floor":11.0,"damage_taken":0.0},{"event_name":"Transmorgrifier","player_choice":"Transform","floor":12,"damage_taken":0}],"is_beta":true,"boss_relics":[],"items_purged_floors":[],"is_endless":false,"potions_floor_spawned":[1,3,7],"killed_by":"Slime Boss","ascension_level":20}