{"gold_per_floor":[360,12,36,111,36,36,48,63,87,100,117,117,135,151,151,228,228,240,240,252,264,189,189,189,239,263,276,292,292,309,309,309,309],"floor_reached":33,"playtime":1162,"items_purged":["Strike_B"],"score":422,"play_id":"5a8ebbbb-410f-4fde-b656-abee4e739b3b","local_time":"20190323144958","is_ascension_mode":true,"campfire_choices":[{"data":"Darkness","floor":6.0,"key":"SMITH"},{"data":"Redo","floor":12.0,"key":"SMITH"},{"floor":15.0,"key":"REST"},{"data":"Hologram","floor":23.0,"key":"SMITH"},{"data":"Loop","floor":29,"key":"SMITH"},{"data":"Capacitor","floor":32,"key":"SMITH"}],"neow_cost":"TEN_PERCENT_HP_LOSS","seed_source_timestamp":8452050983474,"circlet_count":0,"master_deck":["AscendersBane","Strike_B","Defend_B","Defend_B","Defend_B","Defend_B","Zap","Dualcast","Darkness+1","Doom and Gloom","Glacier","Redo+1","Conserve Battery","Seek","Double Energy","Hologram+1","Redo","Loop+1","Capacitor+1"],"special_seed":0,"relics":["Cracked Core","Membership Card","Bag of Preparation","Smiling Mask","Nuclear Battery","Art of War"],"potions_floor_usage":[30,30],"damage_taken":[{"damage":1.0,"enemies":"Cultist","floor":1.0,"turns":3.0},{"damage":16.0,"enemies":"Small Slimes","floor":7.0,"turns":4.0},{"damage":2.0,"enemies":"Jaw Worm","floor":8.0,"turns":3.0},{"damage":6.0,"enemies":"Exordium Thugs","floor":10.0,"turns":2.0},{"damage":12.0,"enemies":"Looter","floor":11.0,"turns":3.0},{"damage":5.0,"enemies":"3 Louse","floor":13.0,"turns":2.0},{"damage":0.0,"enemies":"Exordium Wildlife","floor":14.0,"turns":3.0},{"damage":21.0,"enemies":"Slime Boss","floor":16.0,"turns":7.0},{"damage":2.0,"enemies":"Chosen","floor":18.0,"turns":3.0},{"damage":10.0,"enemies":"Colosseum Slavers","floor":19.0,"turns":4.0},{"damage":3.0,"enemies":"2 Thieves","floor":20.0,"turns":3.0},{"damage":14.0,"enemies":"Shelled Parasite and Fungi","floor":21.0,"turns":5.0},{"damage":13,"enemies":"Snake Plant","floor":27,"turns":4},{"damage":10,"enemies":"Cultist and Chosen","floor":28,"turns":6},{"damage":5,"enemies":"Centurion and Healer","floor":30,"turns":6},{"damage":16,"enemies":"Champ","floor":33,"turns":11}],"seed_played":"-2207073735370916145","potions_obtained":[{"floor":1.0,"key":"SteroidPotion"},{"floor":7.0,"key":"Fire Potion"},{"floor":8.0,"key":"PowerPotion"},{"floor":16.0,"key":"Block Potion"},{"floor":20.0,"key":"Regen Potion"},{"floor":21.0,"key":"SpeedPotion"}],"is_trial":false,"path_per_floor":["M","$","T","?","?","R","M","M","T","M","M","R","M","M","R","B",null,"M","?","M","M","?","R","?","?","T","M","M","R","M","?","R","B"],"character_chosen":"DEFECT","items_purchased":["Membership Card","Bag of Preparation","Doom and Gloom"],"campfire_rested":1,"item_purchase_floors":[2,2,2],"current_hp_per_floor":[63,63,63,52,52,52,36,34,34,28,16,16,11,11,30,9,50,48,38,35,35,35,35,35,35,35,22,12,12,7,20,20,4],"gold":309,"neow_bonus":"TWO_FIFTY_GOLD","is_prod":false,"is_daily":false,"chose_seed":false,"campfire_upgraded":5,"win_rate":0,"timestamp":1553323798,"path_taken":["M","$","?","?","?","R","M","M","T","?","M","R","M","M","R","BOSS","M","?","M","M","?","R","?","?","T","M","M","R","?","?","R","BOSS"],"build_version":"2019-01-23","purchased_purges":1,"victory":false,"max_hp_per_floor":[64,64,64,64,64,64,64,64,64,64,64,64,64,64,64,64,64,64,64,64,64,64,64,64,64,64,64,64,64,64,64,64,64],"card_choices":[{"not_picked":["Compile Driver","Barrage"],"picked":"Darkness","floor":1.0},{"not_picked":["Ball Lightning","Melter"],"picked":"Glacier","floor":7.0},{"not_picked":["Go for the Eyes","Lockon","Hello World"],"picked":"SKIP","floor":8.0},{"not_picked":["Conserve Battery","Hello World"],"picked":"Redo","floor":10.0},{"not_picked":["Genetic Algorithm","Turbo"],"picked":"Conserve Battery","floor":11.0},{"not_picked":["Compile Driver","Doom and Gloom","Thunder Strike"],"picked":"SKIP","floor":13.0},{"not_picked":["Cold Snap","Beam Cell","Tempest"],"picked":"SKIP","floor":14.0},{"not_picked":["Thunder Strike","All For One"],"picked":"Seek","floor":16.0},{"not_picked":["Leap","Doom and Gloom+1"],"picked":"Double Energy","floor":18.0},{"not_picked":["Melter","Rebound"],"picked":"Hologram","floor":20.0},{"not_picked":["Stack","Leap","Rebound"],"picked":"SKIP","floor":21.0},{"not_picked":["Steam Power","Heatsinks","Redo"],"picked":"SKIP","floor":27},{"not_picked":["Steam Power","Heatsinks"],"picked":"Redo","floor":27},{"not_picked":["Cold Snap","Beam Cell"],"picked":"Loop","floor":28},{"not_picked":["Leap","Cold Snap"],"picked":"Capacitor","floor":30}],"player_experience":880226,"relics_obtained":[{"floor":9.0,"key":"Smiling Mask"},{"floor":26,"key":"Art of War"}],"event_choices":[{"damage_healed":0.0,"max_hp_gain":0.0,"max_hp_loss":0.0,"gold_gain":75.0,"event_name":"World of Goop","player_choice":"Gather Gold","floor":4.0,"gold_loss":0.0,"damage_taken":11.0},{"cards_removed":["Strike_B"],"damage_healed":0.0,"max_hp_gain":0.0,"max_hp_loss":0.0,"gold_gain":0.0,"event_name":"The Cleric","player_choice":"Card Removal","floor":5.0,"gold_loss":75.0,"damage_taken":0.0},{"damage_healed":0.0,"max_hp_gain":0.0,"max_hp_loss":0.0,"gold_gain":0.0,"event_name":"Colosseum","player_choice":"Fight","floor":19.0,"gold_loss":0.0,"damage_taken":0.0},{"damage_healed":0.0,"max_hp_gain":0.0,"max_hp_loss":0.0,"gold_gain":0.0,"event_name":"Colosseum","player_choice":"Fled From Nobs","floor":19.0,"gold_loss":0.0,"damage_taken":0.0},{"cards_removed":["Strike_B"],"damage_healed":0.0,"max_hp_gain":0.0,"max_hp_loss":0.0,"gold_gain":0.0,"event_name":"Beggar","player_choice":"Gave Gold","floor":22.0,"gold_loss":75.0,"damage_taken":0.0},{"damage_healed":0,"gold_gain":0,"player_choice":"Ignored","damage_taken":0,"max_hp_gain":0,"max_hp_loss":0,"event_name":"Cursed Tome","floor":24,"gold_loss":0},{"damage_healed":0,"gold_gain":50,"player_choice":"Stole From Cult","damage_taken":0,"max_hp_gain":0,"max_hp_loss":0,"event_name":"Nest","floor":25,"gold_loss":0},{"damage_healed":13,"gold_gain":0,"player_choice":"Heal","damage_taken":0,"max_hp_gain":0,"max_hp_loss":0,"event_name":"The Library","floor":31,"gold_loss":0}],"is_beta":false,"boss_relics":[{"not_picked":["White Beast Statue","Busted Crown"],"picked":"Nuclear Battery"}],"items_purged_floors":[2],"is_endless":false,"potions_floor_spawned":[1,7,8,16,20,21,28],"killed_by":"Champ","ascension_level":15}