{"gold_per_floor":[109,109,119,131,306,306,320,320,320,320,334,345,360,377,377,480,480,500,117,130,96,96,114,131,131,176,186,186,203,203,226,226,226],"floor_reached":33,"playtime":2054,"items_purged":["Doubt"],"score":304,"play_id":"b7075150-124e-4145-a638-6a6fe44bf249","local_time":"20180820192755","is_ascension_mode":true,"campfire_choices":[{"data":"Inflame","floor":6.0,"key":"SMITH"},{"data":"Infernal Blade","floor":10.0,"key":"SMITH"},{"data":"Sword Boomerang","floor":15.0,"key":"SMITH"},{"data":"Whirlwind","floor":25,"key":"SMITH"},{"data":"Feed","floor":28,"key":"SMITH"},{"data":"Dual Wield","floor":30,"key":"SMITH"},{"data":"Ghostly","floor":32,"key":"SMITH"}],"neow_cost":"NONE","seed_source_timestamp":0,"circlet_count":0,"master_deck":["Bash+1","Carnage","Infernal Blade+1","Inflame+1","Armaments","Clash","Clash","Rage","Sword Boomerang+1","Heavy Blade","Feed+1","Headbutt","Shrug It Off","Clothesline","Clothesline","Armaments","Clothesline","Rampage","Twin Strike","Bloodletting","Battle Trance","Flex","Whirlwind+1","Ghostly","Ghostly","Ghostly+1","Ghostly","Ghostly","Second Wind+1","Body Slam+1","Dual Wield+1","Ghostly Armor"],"special_seed":0,"relics":["Burning Blood","Centennial Puzzle","Pandora\u0027s Box","Meat on the Bone","Bronze Scales","Happy Flower"],"potions_floor_usage":[33,33],"damage_taken":[{"damage":14.0,"enemies":"2 Louse","floor":1.0,"turns":3.0},{"damage":3.0,"enemies":"Small Slimes","floor":3.0,"turns":3.0},{"damage":0.0,"enemies":"Cultist","floor":4.0,"turns":2.0},{"damage":18.0,"enemies":"Large Slime","floor":7.0,"turns":4.0},{"damage":6.0,"enemies":"Looter","floor":11.0,"turns":2.0},{"damage":4.0,"enemies":"3 Louse","floor":12.0,"turns":3.0},{"damage":8.0,"enemies":"Blue Slaver","floor":13.0,"turns":3.0},{"damage":2.0,"enemies":"Looter","floor":14.0,"turns":2.0},{"damage":26.0,"enemies":"Slime Boss","floor":16.0,"turns":10.0},{"damage":45.0,"enemies":"3 Byrds","floor":18.0,"turns":8.0},{"damage":25.0,"enemies":"2 Thieves","floor":20.0,"turns":4.0},{"damage":16.0,"enemies":"3 Cultists","floor":23.0,"turns":6.0},{"damage":17.0,"enemies":"Shelled Parasite and Fungi","floor":24.0,"turns":6.0},{"damage":11,"enemies":"Snecko","floor":27,"turns":4},{"damage":7,"enemies":"Chosen and Byrds","floor":29,"turns":4},{"damage":58,"enemies":"Automaton","floor":33,"turns":6}],"seed_played":"1875494752297806628","potions_obtained":[{"floor":4.0,"key":"Explosive Potion"},{"floor":11.0,"key":"Energy Potion"},{"floor":13.0,"key":"SkillPotion"},{"floor":20.0,"key":"Dexterity Potion"},{"floor":24.0,"key":"Energy Potion"}],"is_trial":false,"path_per_floor":["M","?","M","M","?","R","M","?","T","R","M","M","M","M","R","B",null,"M","$","M","$","?","M","M","R","T","M","R","M","R","T","R"],"character_chosen":"IRONCLAD","items_purchased":["Meat on the Bone","Battle Trance","Whirlwind"],"campfire_rested":0,"item_purchase_floors":[19,19,21],"current_hp_per_floor":[72,77,80,85,85,85,73,73,73,73,73,75,73,77,77,57,85,49,49,46,46,46,39,40,40,40,35,35,34,34,34,34,0],"gold":226,"neow_bonus":"UPGRADE_CARD","is_prod":false,"is_daily":false,"chose_seed":false,"campfire_upgraded":7,"win_rate":0,"timestamp":1534764475,"path_taken":["M","?","M","M","?","R","M","?","T","R","M","?","M","M","R","BOSS","M","$","?","?","?","?","M","R","T","?","R","M","R","?","R","BOSS"],"build_version":"2018-08-16","purchased_purges":1,"victory":false,"max_hp_per_floor":[80,85,85,85,85,85,85,85,85,85,85,85,85,85,85,85,85,88,88,92,92,46,49,49,49,49,49,49,49,49,49,49,49],"card_choices":[{"not_picked":["Armaments","Clothesline"],"picked":"Carnage","floor":1.0},{"not_picked":["Rage","Perfected Strike"],"picked":"Infernal Blade","floor":3.0},{"not_picked":["Heavy Blade","Fire Breathing"],"picked":"Inflame","floor":4.0},{"not_picked":["Dropkick","Metallicize"],"picked":"Armaments","floor":7.0},{"not_picked":["Rage","Perfected Strike"],"picked":"Clash","floor":11.0},{"not_picked":["Uppercut","Disarm"],"picked":"Rage","floor":12.0},{"not_picked":["Clash","Armaments"],"picked":"Sword Boomerang","floor":13.0},{"not_picked":["Rampage","Armaments"],"picked":"Heavy Blade","floor":14.0},{"not_picked":["Brutality","Bludgeon"],"picked":"Feed","floor":16.0},{"not_picked":["Dual Wield","Burning Pact"],"picked":"Bloodletting","floor":18.0},{"not_picked":["Iron Wave","Twin Strike+1"],"picked":"Flex","floor":20.0},{"not_picked":["Sword Boomerang+1","Intimidate+1"],"picked":"Second Wind+1","floor":23.0},{"not_picked":["Twin Strike","Dark Embrace"],"picked":"Body Slam+1","floor":24.0},{"not_picked":["Pommel Strike","Iron Wave"],"picked":"Dual Wield","floor":27},{"not_picked":["Dropkick+1","Shrug It Off"],"picked":"Ghostly Armor","floor":29}],"player_experience":249778,"relics_obtained":[{"floor":9.0,"key":"Centennial Puzzle"},{"floor":26,"key":"Bronze Scales"},{"floor":31,"key":"Happy Flower"}],"event_choices":[{"event_name":"Big Fish","player_choice":"Donut","floor":2.0,"damage_taken":0.0},{"event_name":"Liars Game","player_choice":"agreed","floor":5.0,"damage_taken":0.0},{"event_name":"Living Wall","player_choice":"Change","floor":8.0,"damage_taken":0.0},{"event_name":"Ghosts","player_choice":"Became a Ghost","floor":22.0,"damage_taken":0.0}],"is_beta":false,"boss_relics":[{"not_picked":["Busted Crown","White Beast Statue"],"picked":"Pandora\u0027s Box"}],"items_purged_floors":[19],"is_endless":false,"potions_floor_spawned":[4,11,13,14,20,24,29],"killed_by":"Automaton","ascension_level":3}