{"gold_per_floor":[114,129,144,157,8,41,116,116,116,116,116,129,129,154,154,154],"floor_reached":16,"playtime":613,"items_purged":[],"score":176,"play_id":"bcec29fd-bf77-4f5c-9b26-85f87c41ac58","local_time":"20180830094652","is_ascension_mode":true,"campfire_choices":[{"data":"Defragment","floor":11.0,"key":"SMITH"},{"floor":13.0,"key":"REST"},{"data":"Chaos","floor":15.0,"key":"SMITH"}],"neow_cost":"","seed_source_timestamp":0,"circlet_count":0,"master_deck":["Strike_B","Strike_B","Strike_B","Defend_B","Defend_B","Defend_B","Defend_B","Zap","Dualcast","AscendersBane","Conserve Battery","Cold Snap","Chill","Ball Lightning","Defragment+1","BootSequence","Double Energy","Multi-Cast","Chaos+1","Undo"],"special_seed":0,"relics":["Cracked Core","Question Card","Nunchaku","Girya","Mercury Hourglass"],"potions_floor_usage":[16],"damage_taken":[{"damage":0.0,"enemies":"2 Louse","floor":1.0,"turns":2.0},{"damage":5.0,"enemies":"Jaw Worm","floor":2.0,"turns":4.0},{"damage":7.0,"enemies":"Small Slimes","floor":3.0,"turns":3.0},{"damage":0.0,"enemies":"Gremlin Gang","floor":4.0,"turns":4.0},{"damage":11.0,"enemies":"Gremlin Nob","floor":6.0,"turns":4.0},{"damage":6.0,"enemies":"3 Louse","floor":12.0,"turns":4.0},{"damage":7.0,"enemies":"3 Sentries","floor":14.0,"turns":6.0},{"damage":41,"enemies":"Slime Boss","floor":16,"turns":6}],"seed_played":"5327395425215624867","potions_obtained":[{"floor":2.0,"key":"AttackPotion"},{"floor":6.0,"key":"EssenceOfSteel"}],"is_trial":false,"path_per_floor":["M","M","M","M","$","E","?","?","T","?","R","M","R","E","R"],"character_chosen":"DEFECT","items_purchased":["Defragment","BootSequence"],"campfire_rested":1,"item_purchase_floors":[5,5],"current_hp_per_floor":[68,63,56,56,56,45,34,22,22,22,22,16,38,31,31,0],"gold":154,"neow_bonus":"","is_prod":false,"is_daily":false,"chose_seed":false,"campfire_upgraded":2,"win_rate":0,"timestamp":1535593612,"path_taken":["M","M","M","M","$","E","?","?","T","?","R","M","R","E","R","BOSS"],"build_version":"2018-08-28","purchased_purges":0,"victory":false,"max_hp_per_floor":[75,75,75,75,75,75,75,75,75,75,75,75,75,75,75,75],"card_choices":[{"not_picked":["Beam Cell","Stack"],"picked":"Conserve Battery","floor":1.0},{"not_picked":["Blizzard","Consume"],"picked":"Cold Snap","floor":2.0},{"not_picked":["Lockon","Melter"],"picked":"Chill","floor":3.0},{"not_picked":["Hologram","Steam"],"picked":"Ball Lightning","floor":4.0},{"not_picked":["Storm","Hello World"],"picked":"Double Energy","floor":6.0},{"not_picked":["Hologram","Steam","Doom and Gloom"],"picked":"Chaos","floor":12.0},{"not_picked":["Hologram","Conserve Battery","Tempest"],"picked":"Undo","floor":14.0}],"player_experience":268876,"relics_obtained":[{"floor":6.0,"key":"Question Card"},{"floor":9.0,"key":"Girya"},{"floor":14.0,"key":"Mercury Hourglass"}],"event_choices":[{"event_name":"World of Goop","player_choice":"Gather Gold","floor":7.0,"damage_taken":0.0},{"event_name":"Scrap Ooze","player_choice":"success","floor":8.0,"damage_taken":12.0},{"event_name":"Transmorgrifier","player_choice":"Transform","floor":10.0,"damage_taken":0.0}],"is_beta":true,"boss_relics":[],"items_purged_floors":[],"is_endless":false,"potions_floor_spawned":[2,6],"killed_by":"Slime Boss","ascension_level":12}