{"gold_per_floor":[119,139,150,120,120,120,146,146,170,198,213,178,245,303,303,406,406,418,343,190,209,209,209],"floor_reached":23,"playtime":1886,"items_purged":["Strike_G"],"score":197,"play_id":"89a4d839-8e3d-47af-80c6-5f778ea0d5de","local_time":"20190810004220","is_ascension_mode":false,"campfire_choices":[{"data":"Neutralize","floor":6,"key":"SMITH"},{"data":"Noxious Fumes","floor":8,"key":"SMITH"},{"data":"Dodge and Roll","floor":15,"key":"SMITH"}],"neow_cost":"NONE","seed_source_timestamp":714570579771000,"circlet_count":0,"master_deck":["Strike_G","Strike_G","Strike_G","Defend_G","Defend_G","Defend_G","Defend_G","Defend_G","Survivor","Neutralize+1","Noxious Fumes+1","Quick Slash","Dagger Spray","Unload","Terror","Dodge and Roll+1","Flying Knee","Envenom","Choke+1","Underhanded Strike","J.A.X."],"relics":["Ring of the Snake","NeowsBlessing","Strawberry","Potion Belt","Juzu Bracelet","Letter Opener","Peace Pipe","Fusion Hammer"],"potions_floor_usage":[14,16,16,23,23],"damage_taken":[{"damage":0,"enemies":"2 Louse","floor":1,"turns":1},{"damage":0,"enemies":"Cultist","floor":2,"turns":1},{"damage":0,"enemies":"Small Slimes","floor":3,"turns":1},{"damage":2,"enemies":"Looter","floor":4,"turns":4},{"damage":10,"enemies":"Lagavulin","floor":7,"turns":8},{"damage":21,"enemies":"Gremlin Nob","floor":10,"turns":4},{"damage":1,"enemies":"Exordium Wildlife","floor":11,"turns":3},{"damage":5,"enemies":"3 Sentries","floor":14,"turns":6},{"damage":7,"enemies":"Slime Boss","floor":16,"turns":9},{"damage":35,"enemies":"Spheric Guardian","floor":18,"turns":6},{"damage":26,"enemies":"2 Thieves","floor":21,"turns":4},{"damage":17,"enemies":"Book of Stabbing","floor":23,"turns":4}],"seed_played":"4346267195794375043","potions_obtained":[{"floor":7,"key":"FearPotion"},{"floor":10,"key":"PowerPotion"},{"floor":11,"key":"Explosive Potion"},{"floor":14,"key":"SkillPotion"},{"floor":18,"key":"Swift Potion"}],"is_trial":false,"path_per_floor":["M","M","M","M","?","R","E","R","T","E","M","?","?","?","R","B",null,"M","?","$","M","?","E"],"character_chosen":"THE_SILENT","items_purchased":["GhostInAJar"],"campfire_rested":0,"item_purchase_floors":[20],"current_hp_per_floor":[70,70,70,68,75,75,65,65,65,44,43,62,62,57,57,50,77,42,42,42,16,16,0],"gold":209,"neow_bonus":"THREE_ENEMY_KILL","is_prod":false,"is_daily":false,"chose_seed":false,"campfire_upgraded":3,"win_rate":0.0,"timestamp":1565394140,"path_taken":["M","M","M","M","?","R","E","R","T","E","M","?","?","?","R","BOSS","M","?","$","M","?","E"],"build_version":"2019-07-17","purchased_purges":1,"victory":false,"max_hp_per_floor":[70,70,70,70,77,77,77,77,77,77,77,77,77,77,77,77,77,77,77,77,77,77,77],"card_choices":[{"not_picked":["Dodge and Roll","PiercingWail"],"picked":"Noxious Fumes","floor":1},{"not_picked":["Reflex","Endless Agony"],"picked":"Quick Slash","floor":2},{"not_picked":["Choke","Flechettes"],"picked":"Dagger Spray","floor":3},{"not_picked":["Dagger Spray","Deflect"],"picked":"Slice","floor":4},{"not_picked":["Choke","Eviscerate"],"picked":"Unload","floor":7},{"not_picked":["Outmaneuver","Sucker Punch"],"picked":"Terror","floor":10},{"not_picked":["Calculated Gamble","Noxious Fumes"],"picked":"Dodge and Roll","floor":11},{"not_picked":["Dagger Throw","A Thousand Cuts"],"picked":"Flying Knee","floor":14},{"not_picked":["Wraith Form v2","Unload"],"picked":"Envenom","floor":16},{"not_picked":["PiercingWail+1","Dagger Throw"],"picked":"Choke+1","floor":18},{"not_picked":["Dagger Spray","Outmaneuver"],"picked":"Underhanded Strike","floor":21}],"player_experience":51325,"relics_obtained":[{"floor":7,"key":"Potion Belt"},{"floor":9,"key":"Juzu Bracelet"},{"floor":10,"key":"Letter Opener"},{"floor":14,"key":"Peace Pipe"}],"event_choices":[{"cards_removed":["Slice"],"damage_healed":0,"gold_gain":0,"player_choice":"Gave Card","damage_taken":0,"relics_obtained":["Strawberry"],"max_hp_gain":0,"max_hp_loss":0,"event_name":"WeMeetAgain","floor":5,"gold_loss":0},{"damage_healed":19,"gold_gain":0,"player_choice":"Healed","damage_taken":0,"max_hp_gain":0,"max_hp_loss":0,"event_name":"The Cleric","floor":12,"gold_loss":35},{"damage_healed":0,"gold_gain":67,"player_choice":"Gained Gold","damage_taken":0,"max_hp_gain":0,"max_hp_loss":0,"event_name":"Golden Wing","floor":13,"gold_loss":0},{"damage_healed":0,"gold_gain":0,"player_choice":"Searched \u00272\u0027 times","damage_taken":0,"max_hp_gain":0,"max_hp_loss":0,"event_name":"Dead Adventurer","floor":14,"gold_loss":0},{"cards_removed":["Strike_G"],"damage_healed":0,"gold_gain":0,"player_choice":"Gave Gold","damage_taken":0,"max_hp_gain":0,"max_hp_loss":0,"event_name":"Beggar","floor":19,"gold_loss":75},{"damage_healed":0,"gold_gain":0,"player_choice":"Obtain J.A.X.","damage_taken":0,"max_hp_gain":0,"max_hp_loss":0,"event_name":"Drug Dealer","floor":22,"gold_loss":0,"cards_obtained":["J.A.X."]}],"is_beta":false,"boss_relics":[{"not_picked":["Runic Dome","Snecko Eye"],"picked":"Fusion Hammer"}],"items_purged_floors":[20],"is_endless":false,"potions_floor_spawned":[7,10,11,14,18],"killed_by":"Book of Stabbing","ascension_level":0}