{"gold_per_floor":[16,16,35,35,210,244,263,98,122,142,158,233,233,220,220,316,316,331,351,32,49,49,49,64,83,83,83,44,44,44,44,44,44],"floor_reached":33,"playtime":1834,"items_purged":["Doubt"],"score":392,"play_id":"4e2cc039-c1b9-42b6-842d-97f5b7a4caf0","local_time":"20181221220901","is_ascension_mode":true,"campfire_choices":[{"data":"Trip","floor":13.0,"key":"SMITH"},{"data":"Cleave","floor":15.0,"key":"SMITH"},{"data":"RitualDagger","floor":23,"key":"SMITH"},{"data":"Second Wind","floor":32,"key":"SMITH"}],"neow_cost":"NO_GOLD","seed_source_timestamp":4684288710801,"circlet_count":0,"master_deck":["AscendersBane","Strike_R","Strike_R","Strike_R","Strike_R","Defend_R+1","Defend_R","Defend_R","Bash","True Grit+1","Cleave+1","Havoc+1","Power Through","Trip+1","Dark Embrace","Shrug It Off","Burning Pact","Inflame","Shockwave","RitualDagger+1","Sword Boomerang","Second Wind+1"],"special_seed":0,"relics":["Burning Blood","Pen Nib","Happy Flower","Odd Mushroom","White Beast Statue","PreservedInsect","Question Card","Darkstone Periapt"],"potions_floor_usage":[19,21,25,33,33],"damage_taken":[{"damage":6.0,"enemies":"Jaw Worm","floor":1.0,"turns":4.0},{"damage":0.0,"enemies":"2 Louse","floor":3.0,"turns":2.0},{"damage":43.0,"enemies":"3 Sentries","floor":6.0,"turns":13.0},{"damage":4.0,"enemies":"Small Slimes","floor":7.0,"turns":4.0},{"damage":0.0,"enemies":"The Mushroom Lair","floor":10.0,"turns":3.0},{"damage":6.0,"enemies":"Looter","floor":11.0,"turns":3.0},{"damage":9.0,"enemies":"Exordium Thugs","floor":14.0,"turns":4.0},{"damage":36.0,"enemies":"The Guardian","floor":16.0,"turns":12.0},{"damage":15,"enemies":"Shell Parasite","floor":18,"turns":5},{"damage":33,"enemies":"3 Byrds","floor":19,"turns":7},{"damage":6,"enemies":"3 Cultists","floor":21,"turns":5},{"damage":23,"enemies":"Shelled Parasite and Fungi","floor":24,"turns":10},{"damage":13,"enemies":"Chosen and Byrds","floor":25,"turns":6},{"damage":71,"enemies":"Champ","floor":33,"turns":19}],"seed_played":"-8630803956368506531","potions_obtained":[{"floor":1.0,"key":"Block Potion"},{"floor":7.0,"key":"Explosive Potion"},{"floor":11.0,"key":"Regen Potion"},{"floor":14.0,"key":"BloodPotion"},{"floor":18,"key":"BloodPotion"},{"floor":19,"key":"Dexterity Potion"},{"floor":21,"key":"FearPotion"},{"floor":24,"key":"BloodPotion"},{"floor":25,"key":"Regen Potion"}],"is_trial":false,"path_per_floor":["M","?","M","?","?","E","M","$","T","?","M","?","R","M","R","B",null,"M","M","$","M","?","R","M","M","T","T","$","?","?","$","R","B"],"character_chosen":"IRONCLAD","items_purchased":["Trip","Burning Pact","PreservedInsect","Inflame","AttackPotion","Second Wind"],"campfire_rested":0,"item_purchase_floors":[8,20,20,20,20,28],"current_hp_per_floor":[72,56,62,62,62,25,27,27,27,33,33,22,22,19,19,12,63,54,35,35,35,29,29,12,13,13,13,13,13,13,13,13,0],"gold":44,"neow_bonus":"TRANSFORM_TWO_CARDS","is_prod":false,"is_daily":false,"chose_seed":false,"campfire_upgraded":4,"win_rate":0,"timestamp":1545401341,"path_taken":["M","?","M","?","?","E","M","$","T","?","M","?","R","M","R","BOSS","M","M","$","M","?","R","M","M","T","?","$","?","?","?","R","BOSS"],"build_version":"2018-12-20","purchased_purges":1,"victory":false,"max_hp_per_floor":[80,80,80,80,80,80,80,80,80,80,80,80,80,80,80,80,80,80,80,80,80,80,80,80,80,80,80,80,80,80,80,80,80],"card_choices":[{"not_picked":["Entrench","True Grit"],"picked":"Havoc","floor":1.0},{"not_picked":["Twin Strike","Flex"],"picked":"Power Through","floor":3.0},{"not_picked":["Disarm","Dropkick","Rampage"],"picked":"SKIP","floor":6.0},{"not_picked":["Rupture","Searing Blow","Cleave"],"picked":"SKIP","floor":7.0},{"not_picked":["Warcry","Rampage","Combust"],"picked":"SKIP","floor":11.0},{"not_picked":["Thunderclap","Clash","Wild Strike"],"picked":"SKIP","floor":14.0},{"not_picked":["Barricade","Demon Form"],"picked":"Dark Embrace","floor":16.0},{"not_picked":["Anger","Rupture"],"picked":"Shrug It Off","floor":18},{"not_picked":["Twin Strike","Armaments","Iron Wave"],"picked":"SKIP","floor":19},{"not_picked":["Heavy Blade","Cleave"],"picked":"Shockwave","floor":21},{"not_picked":["Spot Weakness","Rupture"],"picked":"Sword Boomerang","floor":24},{"not_picked":["Dropkick","Anger","Searing Blow"],"picked":"SKIP","floor":25}],"player_experience":628781,"relics_obtained":[{"floor":6.0,"key":"Pen Nib"},{"floor":9.0,"key":"Happy Flower"},{"floor":10.0,"key":"Odd Mushroom"},{"floor":26,"key":"Question Card"},{"floor":27,"key":"Darkstone Periapt"}],"event_choices":[{"damage_healed":0.0,"max_hp_gain":0.0,"max_hp_loss":0.0,"gold_gain":0.0,"event_name":"Shining Light","player_choice":"Entered Light","floor":2.0,"gold_loss":0.0,"damage_taken":16.0,"cards_upgraded":["Defend_R","Havoc"]},{"damage_healed":0.0,"max_hp_gain":0.0,"max_hp_loss":0.0,"gold_gain":0.0,"event_name":"Living Wall","player_choice":"Grow","floor":4.0,"gold_loss":0.0,"damage_taken":0.0,"cards_upgraded":["True Grit"]},{"damage_healed":0.0,"max_hp_gain":0.0,"max_hp_loss":0.0,"gold_gain":175.0,"event_name":"Liars Game","player_choice":"AGREE","floor":5.0,"gold_loss":0.0,"damage_taken":0.0,"cards_obtained":["Doubt"]},{"damage_healed":0.0,"max_hp_gain":0.0,"max_hp_loss":0.0,"gold_gain":0.0,"event_name":"Mushrooms","player_choice":"Fought Mushrooms","floor":10.0,"gold_loss":0.0,"damage_taken":0.0},{"damage_healed":0.0,"max_hp_gain":0.0,"max_hp_loss":0.0,"gold_gain":75.0,"event_name":"World of Goop","player_choice":"Gather Gold","floor":12.0,"gold_loss":0.0,"damage_taken":11.0},{"damage_healed":0,"gold_gain":0,"player_choice":"Joined the Cult","damage_taken":6,"max_hp_gain":0,"max_hp_loss":0,"event_name":"Nest","floor":22,"gold_loss":0,"cards_obtained":["RitualDagger"]},{"damage_healed":0,"gold_gain":0,"player_choice":"Ignored","damage_taken":0,"max_hp_gain":0,"max_hp_loss":0,"event_name":"The Mausoleum","floor":29,"gold_loss":0},{"damage_healed":0,"gold_gain":0,"player_choice":"Ignored","damage_taken":0,"max_hp_gain":0,"max_hp_loss":0,"event_name":"Vampires","floor":30,"gold_loss":0}],"is_beta":true,"boss_relics":[{"not_picked":["Orrery","Empty Cage"],"picked":"White Beast Statue"}],"items_purged_floors":[8],"is_endless":false,"potions_floor_spawned":[1,7,11,14,18,19,21,24,25],"killed_by":"Champ","ascension_level":12}