{"gold_per_floor":[110,35,52,72,83,83,29,54,54,54,54,54,118,135,135,209,209,221,121,141,159,34,34,49,49,49,79,79,95,106,64,64,143,143,163,163,163,69,69,69,69,79,132,132,132,41,51,83,83,83],"floor_reached":51,"playtime":2451,"items_purged":["Decay","Strike_B","Strike_B"],"score":1637,"play_id":"332a052a-ee82-48b8-a865-b17f7625c7cc","local_time":"20190201105954","is_ascension_mode":true,"campfire_choices":[{"data":"Dualcast","floor":6.0,"key":"SMITH"},{"data":"Consume","floor":10.0,"key":"SMITH"},{"data":"Capacitor","floor":12.0,"key":"SMITH"},{"floor":15.0,"key":"REST"},{"data":"Streamline","floor":23.0,"key":"SMITH"},{"floor":28.0,"key":"REST"},{"data":"Defragment","floor":32.0,"key":"SMITH"},{"data":"Loop","floor":40.0,"key":"SMITH"},{"data":"Buffer","floor":44.0,"key":"SMITH"},{"data":"Enlightenment","floor":49,"key":"SMITH"}],"neow_cost":"CURSE","seed_source_timestamp":6047265414235,"circlet_count":0,"master_deck":["AscendersBane","Zap","Dualcast+1","Streamline+1","Glacier","Capacitor+1","Cold Snap","Consume+1","Fission","Buffer+1","Defragment+1","Chill","Glacier+1","Glacier","Glacier","All For One","Consume","Skim","Doom and Gloom","Reinforced Body","Scrape","Undo","Loop+1","Enlightenment+1","Discovery","Skim"],"special_seed":0,"relics":["Cracked Core","StoneCalendar","Strawberry","Orichalcum","Ornamental Fan","Runic Dome","Mercury Hourglass","Art of War","Pandora\u0027s Box","Omamori","Boot"],"potions_floor_usage":[48,50],"damage_taken":[{"damage":14.0,"enemies":"Jaw Worm","floor":1.0,"turns":3.0},{"damage":0.0,"enemies":"Small Slimes","floor":3.0,"turns":3.0},{"damage":1.0,"enemies":"Cultist","floor":4.0,"turns":3.0},{"damage":22.0,"enemies":"Exordium Wildlife","floor":5.0,"turns":4.0},{"damage":15.0,"enemies":"Gremlin Nob","floor":8.0,"turns":5.0},{"damage":16.0,"enemies":"Lagavulin Event","floor":13.0,"turns":7.0},{"damage":0.0,"enemies":"Red Slaver","floor":14.0,"turns":3.0},{"damage":16.0,"enemies":"Slime Boss","floor":16.0,"turns":8.0},{"damage":19.0,"enemies":"Shell Parasite","floor":18.0,"turns":7.0},{"damage":0.0,"enemies":"Spheric Guardian","floor":20.0,"turns":6.0},{"damage":0.0,"enemies":"Centurion and Healer","floor":21.0,"turns":7.0},{"damage":1.0,"enemies":"Snake Plant","floor":24.0,"turns":7.0},{"damage":20.0,"enemies":"Slavers","floor":27.0,"turns":7.0},{"damage":0.0,"enemies":"Sentry and Sphere","floor":29.0,"turns":7.0},{"damage":10.0,"enemies":"Shelled Parasite and Fungi","floor":30.0,"turns":7.0},{"damage":9.0,"enemies":"Champ","floor":33.0,"turns":29.0},{"damage":0.0,"enemies":"3 Darklings","floor":35.0,"turns":7.0},{"damage":0.0,"enemies":"3 Shapes","floor":42.0,"turns":4.0},{"damage":3,"enemies":"Spire Growth","floor":47,"turns":8},{"damage":4,"enemies":"Reptomancer","floor":48,"turns":8},{"damage":14,"enemies":"Awakened One","floor":50,"turns":19}],"seed_played":"-2092312232010494932","potions_obtained":[{"floor":1.0,"key":"Strength Potion"},{"floor":13.0,"key":"EssenceOfSteel"},{"floor":14.0,"key":"Regen Potion"},{"floor":24.0,"key":"SpeedPotion"},{"floor":29.0,"key":"AttackPotion"},{"floor":48,"key":"SpeedPotion"}],"is_trial":false,"path_per_floor":["M","$","M","M","M","R","$","E","T","R","?","R","?","M","R","B",null,"M","$","M","M","$","R","M","?","T","E","R","M","M","$","R","B",null,"M","$","?","$","?","R","?","M","T","R","?","$","M","E","R","B",null],"character_chosen":"DEFECT","items_purchased":["Block Potion","Glacier","Loop","SkillPotion","Discovery"],"campfire_rested":2,"item_purchase_floors":[7,31,38,38,46],"current_hp_per_floor":[50,50,50,49,27,27,27,19,19,19,19,19,3,3,26,10,61,42,42,42,42,42,42,41,34,34,14,37,37,27,27,27,18,63,63,63,63,63,63,63,63,63,63,63,63,63,60,56,56,57],"gold":83,"neow_bonus":"ONE_RARE_RELIC","is_prod":false,"is_daily":false,"chose_seed":false,"campfire_upgraded":8,"win_rate":0,"timestamp":1548989994,"path_taken":["M","$","M","M","M","R","$","E","T","R","?","R","?","?","R","BOSS","M","$","M","?","$","R","M","?","T","E","R","?","M","?","R","BOSS","M","$","?","$","?","R","?","M","T","R","?","$","?","E","R","BOSS"],"build_version":"2019-01-23","purchased_purges":3,"victory":true,"max_hp_per_floor":[71,71,71,71,71,71,71,78,78,78,78,78,78,78,78,78,78,78,78,78,78,78,78,78,78,78,78,78,78,78,78,78,78,78,78,78,78,78,78,78,78,78,78,78,78,78,78,78,78,78],"card_choices":[{"not_picked":["Conserve Battery","Storm"],"picked":"Streamline","floor":1.0},{"not_picked":["Heatsinks","Ball Lightning"],"picked":"Glacier","floor":3.0},{"not_picked":["Streamline","Tempest"],"picked":"Capacitor","floor":4.0},{"not_picked":["Sweeping Beam","Rip and Tear"],"picked":"Cold Snap","floor":5.0},{"not_picked":["Cold Snap","Leap"],"picked":"Consume","floor":8.0},{"not_picked":["BootSequence","Conserve Battery"],"picked":"Fission","floor":13.0},{"not_picked":["Turbo","Steam Power","Coolheaded"],"picked":"SKIP","floor":14.0},{"not_picked":["Thunder Strike","Biased Cognition"],"picked":"Buffer","floor":16.0},{"not_picked":["Beam Cell","Double Energy"],"picked":"Defragment","floor":18.0},{"not_picked":["Genetic Algorithm","Compile Driver"],"picked":"Chill","floor":20.0},{"not_picked":["Doom and Gloom","Cold Snap"],"picked":"Glacier+1","floor":21.0},{"not_picked":["Streamline","Gash+1","Static Discharge"],"picked":"SKIP","floor":24.0},{"not_picked":["Recycle","Reboot"],"picked":"Glacier","floor":27.0},{"not_picked":["Rebound+1","Genetic Algorithm","Storm"],"picked":"SKIP","floor":29.0},{"not_picked":["Chill","Steam","Turbo"],"picked":"SKIP","floor":30.0},{"not_picked":["Seek","Multi-Cast"],"picked":"All For One","floor":33.0},{"not_picked":["Heatsinks","Rebound+1"],"picked":"Undo","floor":35.0},{"not_picked":["Swift Strike","Mayhem"],"picked":"Enlightenment","floor":39.0},{"not_picked":["Fusion+1","Cold Snap","Hello World"],"picked":"SKIP","floor":42.0},{"not_picked":["Conserve Battery","Gash"],"picked":"Skim","floor":47},{"not_picked":["Recycle","Self Repair+1","Gash"],"picked":"SKIP","floor":48}],"player_experience":749516,"relics_obtained":[{"floor":8.0,"key":"Strawberry"},{"floor":9.0,"key":"Orichalcum"},{"floor":13.0,"key":"Ornamental Fan"},{"floor":26.0,"key":"Mercury Hourglass"},{"floor":27.0,"key":"Art of War"},{"floor":43.0,"key":"Omamori"},{"floor":48,"key":"Boot"}],"event_choices":[{"damage_healed":0.0,"max_hp_gain":0.0,"max_hp_loss":0.0,"gold_gain":0.0,"event_name":"Shining Light","player_choice":"Ignored","floor":11.0,"gold_loss":0.0,"damage_taken":0.0},{"damage_healed":0.0,"max_hp_gain":0.0,"max_hp_loss":0.0,"gold_gain":0.0,"event_name":"Dead Adventurer","player_choice":"Searched \u00271\u0027 times","floor":13.0,"gold_loss":0.0,"damage_taken":0.0},{"damage_healed":0.0,"max_hp_gain":0.0,"max_hp_loss":0.0,"gold_gain":0.0,"event_name":"Knowing Skull","player_choice":"","floor":25.0,"potions_obtained":[],"gold_loss":0.0,"damage_taken":7.0,"cards_obtained":[]},{"damage_healed":0.0,"max_hp_gain":0.0,"max_hp_loss":0.0,"gold_gain":0.0,"event_name":"Mysterious Sphere","player_choice":"Ignored","floor":37.0,"gold_loss":0.0,"damage_taken":0.0},{"damage_healed":0.0,"max_hp_gain":0.0,"max_hp_loss":0.0,"gold_gain":0.0,"event_name":"SensoryStone","player_choice":"Memory 1","floor":39.0,"gold_loss":0.0,"damage_taken":0.0},{"cards_removed":["Thunder Strike"],"damage_healed":0.0,"max_hp_gain":0.0,"max_hp_loss":0.0,"gold_gain":0.0,"event_name":"Falling","player_choice":"Removed Attack","floor":41.0,"gold_loss":0.0,"damage_taken":0.0},{"damage_healed":0,"gold_gain":0,"player_choice":"Ignored","damage_taken":0,"max_hp_gain":0,"max_hp_loss":0,"event_name":"Tomb of Lord Red Mask","floor":45,"gold_loss":0}],"is_beta":true,"boss_relics":[{"not_picked":["Busted Crown","Philosopher\u0027s Stone"],"picked":"Runic Dome"},{"not_picked":["Lizard Tail","Sozu"],"picked":"Pandora\u0027s Box"}],"items_purged_floors":[2,19,22],"is_endless":false,"potions_floor_spawned":[1,13,14,20,24,29,30,48],"ascension_level":16}