{"gold_per_floor":[12,12,12,23,35,67,67,39,39,39,57,132,132,149,149,226,226,237,162,179,24,42,42,77,77,77,77,95,95,122,133,133,207,207,224,224,224,49,64,64,64,64,64,64,93,107,123,134,134,134],"floor_reached":50,"playtime":1569,"items_purged":["Strike_B","Strike_B"],"score":980,"play_id":"da945d56-6817-467d-9106-3b7766358745","local_time":"20181214230811","is_ascension_mode":true,"campfire_choices":[{"data":"Sunder","floor":7.0,"key":"SMITH"},{"data":"Loop","floor":10.0,"key":"SMITH"},{"data":"Biased Cognition","floor":13.0,"key":"SMITH"},{"data":"Dualcast","floor":15.0,"key":"SMITH"},{"data":"Defragment","floor":23.0,"key":"SMITH"},{"floor":25.0,"key":"REST"},{"data":"Seek","floor":27.0,"key":"SMITH"},{"floor":32.0,"key":"REST"},{"data":"Defragment","floor":40.0,"key":"SMITH"},{"floor":42.0,"key":"RECALL"},{"floor":44.0,"key":"REST"},{"floor":49.0,"key":"REST"}],"neow_cost":"NO_GOLD","seed_source_timestamp":11065813762792,"circlet_count":0,"master_deck":["AscendersBane","Defend_B","Defend_B+1","Defend_B","Defend_B","Zap+1","Loop+1","Sunder+1","Sweeping Beam","Biased Cognition+1","Leap+1","Electrodynamics","Defragment+1","Seek+1","Self Repair","Core Surge","Defragment+1","Creative AI","Parasite","Coolheaded"],"special_seed":0,"relics":["Cracked Core","Turnip","Dodecahedron","Singing Bowl","Cursed Key","Bird Faced Urn","War Paint","Black Star","Unceasing Top","Letter Opener"],"potions_floor_usage":[50],"damage_taken":[{"damage":3.0,"enemies":"2 Louse","floor":1.0,"turns":2.0},{"damage":4.0,"enemies":"Jaw Worm","floor":4.0,"turns":4.0},{"damage":1.0,"enemies":"Cultist","floor":5.0,"turns":3.0},{"damage":20.0,"enemies":"Lagavulin","floor":6.0,"turns":7.0},{"damage":1.0,"enemies":"2 Fungi Beasts","floor":11.0,"turns":2.0},{"damage":0.0,"enemies":"Large Slime","floor":14.0,"turns":3.0},{"damage":12.0,"enemies":"The Guardian","floor":16.0,"turns":9.0},{"damage":7.0,"enemies":"Chosen","floor":18.0,"turns":3.0},{"damage":9.0,"enemies":"Spheric Guardian","floor":20.0,"turns":4.0},{"damage":4.0,"enemies":"Centurion and Healer","floor":22.0,"turns":3.0},{"damage":19.0,"enemies":"Gremlin Leader","floor":24.0,"turns":4.0},{"damage":7.0,"enemies":"Chosen and Byrds","floor":28.0,"turns":3.0},{"damage":32.0,"enemies":"Shelled Parasite and Fungi","floor":31.0,"turns":5.0},{"damage":55.0,"enemies":"Automaton","floor":33.0,"turns":8.0},{"damage":25.0,"enemies":"Orb Walker","floor":35.0,"turns":3.0},{"damage":36.0,"enemies":"3 Darklings","floor":39.0,"turns":3.0},{"damage":50.0,"enemies":"Reptomancer","floor":45.0,"turns":5.0},{"damage":58.0,"enemies":"Writhing Mass","floor":46.0,"turns":6.0},{"damage":33.0,"enemies":"Spire Growth","floor":47.0,"turns":5.0},{"damage":0.0,"enemies":"Sphere and 2 Shapes","floor":48.0,"turns":2.0},{"damage":88,"enemies":"Time Eater","floor":50,"turns":11}],"seed_played":"6633212636990958082","potions_obtained":[{"floor":4.0,"key":"SpeedPotion"},{"floor":11.0,"key":"Ancient Potion"},{"floor":16.0,"key":"Swift Potion"},{"floor":24.0,"key":"LiquidBronze"},{"floor":28.0,"key":"Poison Potion"},{"floor":35.0,"key":"Poison Potion"},{"floor":45.0,"key":"Regen Potion"},{"floor":47.0,"key":"Regen Potion"},{"floor":48.0,"key":"LiquidBronze"}],"is_trial":false,"path_per_floor":["M","?","?","M","M","E","R","$","T","R","M","?","R","M","R","B",null,"M","?","M","$","M","R","E","R","T","R","M","T","T","M","R","B",null,"M","?","?","$","M","R","?","R","T","R","E","M","M","M","R","B"],"character_chosen":"DEFECT","items_purchased":["Leap","Defragment","Defragment"],"campfire_rested":4,"item_purchase_floors":[8,21,38],"current_hp_per_floor":[61,54,54,50,49,29,29,29,29,29,30,19,19,21,21,9,59,54,54,47,47,43,43,26,50,50,50,53,53,53,27,51,13,66,58,58,58,58,43,43,43,43,43,68,37,19,11,26,52,0],"gold":134,"neow_bonus":"ONE_RARE_RELIC","is_prod":false,"is_daily":false,"chose_seed":false,"campfire_upgraded":7,"win_rate":0,"timestamp":1544800091,"path_taken":["M","?","?","?","M","E","R","$","T","R","M","?","R","M","R","BOSS","M","?","M","$","M","R","E","R","T","R","M","?","?","M","R","BOSS","M","?","?","$","M","R","?","R","T","R","E","M","?","M","R","BOSS"],"build_version":"2018-12-13","purchased_purges":2,"victory":false,"max_hp_per_floor":[71,71,71,71,71,71,71,71,71,71,73,73,73,75,75,75,75,77,77,79,79,79,79,81,81,81,81,83,83,83,83,83,83,83,85,85,85,85,87,87,84,84,84,84,84,86,86,88,88,88],"card_choices":[{"not_picked":["Beam Cell","Compile Driver"],"picked":"Loop","floor":1.0},{"not_picked":["Consume","Hologram"],"picked":"Sunder","floor":4.0},{"not_picked":["Blizzard","Reprogram"],"picked":"Sweeping Beam","floor":5.0},{"not_picked":["FTL","Redo"],"picked":"Biased Cognition","floor":6.0},{"not_picked":["Scrape","Steam","Rebound"],"picked":"Singing Bowl","floor":11.0},{"not_picked":["Conserve Battery","Stack","Barrage"],"picked":"Singing Bowl","floor":14.0},{"not_picked":["Rainbow","Multi-Cast"],"picked":"Electrodynamics","floor":16.0},{"not_picked":["Hologram","Sweeping Beam","Stack"],"picked":"Singing Bowl","floor":18.0},{"not_picked":["Gash+1","Redo","Sweeping Beam+1"],"picked":"Singing Bowl","floor":20.0},{"not_picked":["White Noise","Sweeping Beam"],"picked":"Seek","floor":22.0},{"not_picked":["Force Field","Consume","Compile Driver"],"picked":"Singing Bowl","floor":24.0},{"not_picked":["Sweeping Beam","Ball Lightning","Gash"],"picked":"Singing Bowl","floor":28.0},{"not_picked":["Hologram","Streamline"],"picked":"Self Repair","floor":31.0},{"not_picked":["Hyperbeam","Creative AI"],"picked":"Core Surge","floor":33.0},{"not_picked":["Ball Lightning","Gash","Aggregate"],"picked":"Singing Bowl","floor":35.0},{"not_picked":["Beam Cell","Chaos","Consume"],"picked":"Singing Bowl","floor":39.0},{"not_picked":["Conserve Battery","Ball Lightning"],"picked":"Creative AI","floor":45.0},{"not_picked":["Blizzard","Conserve Battery","Leap"],"picked":"Singing Bowl","floor":46.0},{"not_picked":["Compile Driver","Double Energy"],"picked":"Coolheaded","floor":47.0},{"not_picked":["Hologram","Turbo","Steam"],"picked":"Singing Bowl","floor":48.0}],"player_experience":618102,"relics_obtained":[{"floor":6.0,"key":"Dodecahedron"},{"floor":9.0,"key":"Singing Bowl"},{"floor":24.0,"key":"Bird Faced Urn"},{"floor":30.0,"key":"War Paint"},{"floor":45.0,"key":"Unceasing Top"},{"floor":45.0,"key":"Letter Opener"}],"event_choices":[{"cards_removed":["Strike_B"],"damage_healed":0.0,"max_hp_gain":0.0,"max_hp_loss":0.0,"gold_gain":0.0,"event_name":"Golden Wing","player_choice":"Card Removal","floor":2.0,"gold_loss":0.0,"damage_taken":7.0},{"damage_healed":0.0,"max_hp_gain":0.0,"max_hp_loss":0.0,"gold_gain":0.0,"event_name":"Living Wall","player_choice":"Grow","floor":3.0,"gold_loss":0.0,"damage_taken":0.0,"cards_upgraded":["Zap"]},{"damage_healed":0.0,"max_hp_gain":0.0,"max_hp_loss":0.0,"gold_gain":75.0,"event_name":"World of Goop","player_choice":"Gather Gold","floor":12.0,"gold_loss":0.0,"damage_taken":11.0},{"cards_removed":["Strike_B"],"damage_healed":0.0,"max_hp_gain":0.0,"max_hp_loss":0.0,"gold_gain":0.0,"event_name":"Beggar","player_choice":"Gave Gold","floor":19.0,"gold_loss":75.0,"damage_taken":0.0},{"cards_removed":["Dualcast"],"damage_healed":0.0,"max_hp_gain":0.0,"max_hp_loss":0.0,"gold_gain":0.0,"event_name":"Falling","player_choice":"Removed Skill","floor":36.0,"gold_loss":0.0,"damage_taken":0.0},{"damage_healed":0.0,"max_hp_gain":0.0,"max_hp_loss":0.0,"gold_gain":0.0,"event_name":"Mysterious Sphere","player_choice":"Ignored","floor":37.0,"gold_loss":0.0,"damage_taken":0.0},{"cards_removed":["Clumsy","Parasite"],"damage_healed":0.0,"max_hp_gain":0.0,"max_hp_loss":0.0,"gold_gain":0.0,"event_name":"Fountain of Cleansing","player_choice":"Removed Curses","floor":41.0,"gold_loss":0.0,"damage_taken":0.0}],"is_beta":true,"boss_relics":[{"not_picked":["Busted Crown","Snecko Eye"],"picked":"Cursed Key"},{"not_picked":["Lizard Tail","Sozu"],"picked":"Black Star"}],"items_purged_floors":[21,38],"is_endless":false,"potions_floor_spawned":[4,11,16,24,28,35,45,47,48],"killed_by":"Time Eater","ascension_level":20}