{"gold_per_floor":[114,131,131,147,147,147,160,174,174,200,4,20,20,20,20,94,94,113,18,18,90,90,90,100,112,112,112,112],"floor_reached":28,"playtime":2268,"items_purged":["Strike_B"],"score":416,"play_id":"0c1f4be3-0240-4f94-9f3b-dfb0c4e8a66e","local_time":"20180921211140","is_ascension_mode":true,"campfire_choices":[{"data":"Multi-Cast","floor":6.0,"key":"SMITH"},{"data":"Defragment","floor":13.0,"key":"SMITH"},{"data":"Defragment","floor":15.0,"key":"SMITH"},{"data":"Hologram","floor":23,"key":"SMITH"},{"floor":27,"key":"REST"}],"neow_cost":"NONE","seed_source_timestamp":3337393144719,"circlet_count":0,"master_deck":["Strike_B","Strike_B","Strike_B","Defend_B","Defend_B","Defend_B","Defend_B","Zap","Dualcast","AscendersBane","Beam Cell","Ball Lightning","Streamline","Conserve Battery","White Noise","Self Repair","Undo","Genetic Algorithm","Multi-Cast+1","Glacier","Leap","Hologram+1","Defragment+1","Defragment+1","Rainbow","Compile Driver","Static Discharge","Aggregate+1","Steam Power"],"special_seed":0,"relics":["Orrery","Matryoshka","The Courier","Strawberry","Omamori","Inserter","Potion Belt","Dodecahedron","Molten Egg 2"],"potions_floor_usage":[16,20,25,28],"damage_taken":[{"damage":0.0,"enemies":"Cultist","floor":1.0,"turns":2.0},{"damage":0.0,"enemies":"2 Louse","floor":2.0,"turns":3.0},{"damage":7.0,"enemies":"Jaw Worm","floor":4.0,"turns":4.0},{"damage":13.0,"enemies":"Gremlin Gang","floor":7.0,"turns":3.0},{"damage":25.0,"enemies":"3 Louse","floor":8.0,"turns":5.0},{"damage":9.0,"enemies":"Red Slaver","floor":12.0,"turns":3.0},{"damage":33,"enemies":"Hexaghost","floor":16,"turns":11},{"damage":12,"enemies":"3 Byrds","floor":18,"turns":5},{"damage":20,"enemies":"Colosseum Slavers","floor":20,"turns":8},{"damage":6,"enemies":"Chosen","floor":24,"turns":8},{"damage":24,"enemies":"Shelled Parasite and Fungi","floor":25,"turns":6},{"damage":47,"enemies":"Book of Stabbing","floor":28,"turns":4}],"seed_played":"267761799012317177","potions_obtained":[{"floor":1.0,"key":"PowerPotion"},{"floor":4.0,"key":"EssenceOfSteel"},{"floor":7.0,"key":"EssenceOfSteel"},{"floor":14.0,"key":"PowerPotion"},{"floor":18,"key":"LiquidBronze"},{"floor":24,"key":"Weak Potion"}],"is_trial":false,"path_per_floor":["M","M","?","M","?","R","M","M","T","T","$","M","R","?","R","B",null,"M","$","?","T","?","R","M","M","T","R"],"character_chosen":"DEFECT","items_purchased":["Defragment","Omamori","Static Discharge"],"campfire_rested":1,"item_purchase_floors":[11,11,19],"current_hp_per_floor":[64,71,76,76,76,76,63,45,45,52,52,43,43,43,43,17,67,55,55,35,35,35,35,36,19,19,43,0],"gold":112,"neow_bonus":"BOSS_RELIC","is_prod":false,"is_daily":false,"chose_seed":false,"campfire_upgraded":4,"win_rate":0,"timestamp":1537535500,"path_taken":["M","M","?","M","?","R","?","M","T","?","$","?","R","?","R","BOSS","M","$","?","?","?","R","M","?","T","R","E"],"build_version":"2018-09-20","purchased_purges":1,"victory":false,"max_hp_per_floor":[71,71,76,76,76,76,76,76,76,83,83,83,83,83,83,83,83,83,83,83,83,83,83,83,83,83,83,83],"card_choices":[{"not_picked":["Streamline","Conserve Battery"],"picked":"Beam Cell","floor":0.0},{"not_picked":["Hologram","Leap"],"picked":"Ball Lightning","floor":0.0},{"not_picked":["Redo","Sunder"],"picked":"Streamline","floor":0.0},{"not_picked":["Go for the Eyes","Aggregate"],"picked":"Conserve Battery","floor":0.0},{"not_picked":["Fusion","Compile Driver"],"picked":"White Noise","floor":0.0},{"not_picked":["Fusion","Consume"],"picked":"Self Repair","floor":1.0},{"not_picked":["Leap","Sweeping Beam"],"picked":"Undo","floor":2.0},{"not_picked":["Steam Power","Turbo"],"picked":"Genetic Algorithm","floor":4.0},{"not_picked":["Machine Learning","Reprogram"],"picked":"Leap","floor":7.0},{"not_picked":["Turbo","Stack"],"picked":"Hologram","floor":8.0},{"not_picked":["Stack","Doom and Gloom"],"picked":"Defragment","floor":12.0},{"not_picked":["Amplify","Meteor Strike"],"picked":"Rainbow","floor":16},{"not_picked":["Streamline","Beam Cell"],"picked":"Compile Driver","floor":18},{"not_picked":["Scrape","Turbo"],"picked":"Aggregate+1","floor":24},{"not_picked":["Beam Cell","Conserve Battery"],"picked":"Steam Power","floor":25}],"player_experience":366545,"relics_obtained":[{"floor":9.0,"key":"Matryoshka"},{"floor":10.0,"key":"The Courier"},{"floor":10.0,"key":"Strawberry"},{"floor":21,"key":"Potion Belt"},{"floor":21,"key":"Dodecahedron"},{"floor":26,"key":"Molten Egg 2"}],"event_choices":[{"event_name":"Big Fish","player_choice":"Donut","floor":3.0,"damage_taken":0.0},{"event_name":"Match and Keep!","player_choice":"2 cards matched","floor":5.0,"damage_taken":0.0},{"event_name":"The Lab","player_choice":"Got Potions","floor":14.0,"damage_taken":0.0},{"event_name":"Colosseum","player_choice":"Fight","floor":20,"damage_taken":0},{"event_name":"Colosseum","player_choice":"Fled From Nobs","floor":20,"damage_taken":0},{"event_name":"Forgotten Altar","player_choice":"Smashed Altar","floor":22,"damage_taken":0}],"is_beta":true,"boss_relics":[{"not_picked":["Black Star","Nuclear Battery"],"picked":"Inserter"}],"items_purged_floors":[19],"is_endless":false,"potions_floor_spawned":[1,4,7,18,24],"killed_by":"Book of Stabbing","ascension_level":20}