{"gold_per_floor":[110,125,141,122,132,132,146,146,146,146,179,104,69,22,22,122,122,134,134,134,153,172,172,185,185,185,217,229,80,94,94],"floor_reached":31,"playtime":3872,"items_purged":["Defend_B"],"score":259,"play_id":"cd423f5e-d482-4a7d-a7b5-53683c381f3e","local_time":"20190809193824","is_ascension_mode":false,"campfire_choices":[{"data":"Zap","floor":6,"key":"SMITH"},{"data":"Double Energy","floor":8,"key":"SMITH"},{"data":"Hologram","floor":10,"key":"SMITH"},{"floor":15,"key":"REST"},{"data":"Reinforced Body","floor":23,"key":"SMITH"},{"floor":25,"key":"REST"}],"neow_cost":"NONE","seed_source_timestamp":169207029817098,"circlet_count":0,"master_deck":["Strike_B","Strike_B","Strike_B","Strike_B","Defend_B","Defend_B","Defend_B","Zap+1","Dualcast","Hologram+1","Double Energy+1","Hello World","Reinforced Body+1","Gash","Coolheaded","Cold Snap","Gash","Biased Cognition","Skim","J.A.X.","Cold Snap","Lockon+1","Multi-Cast","Gash","Machine Learning+1","Undo"],"relics":["Cracked Core","Mercury Hourglass","PreservedInsect","Runic Pyramid","Frozen Egg 2","Regal Pillow"],"potions_floor_usage":[11,27],"damage_taken":[{"damage":1,"enemies":"Cultist","floor":1,"turns":3},{"damage":0,"enemies":"2 Louse","floor":2,"turns":2},{"damage":4,"enemies":"Small Slimes","floor":3,"turns":4},{"damage":5,"enemies":"Exordium Thugs","floor":4,"turns":4},{"damage":2,"enemies":"Blue Slaver","floor":5,"turns":4},{"damage":5,"enemies":"2 Fungi Beasts","floor":7,"turns":4},{"damage":20,"enemies":"Gremlin Nob","floor":11,"turns":4},{"damage":50,"enemies":"Hexaghost","floor":16,"turns":11},{"damage":2,"enemies":"Spheric Guardian","floor":18,"turns":4},{"damage":21,"enemies":"3 Byrds","floor":21,"turns":5},{"damage":5,"enemies":"Snecko","floor":22,"turns":5},{"damage":11,"enemies":"Centurion and Healer","floor":24,"turns":6},{"damage":8,"enemies":"Book of Stabbing","floor":27,"turns":5},{"damage":28,"enemies":"Snake Plant","floor":28,"turns":5},{"damage":14,"enemies":"Shelled Parasite and Fungi","floor":30,"turns":5},{"damage":31,"enemies":"Cultist and Chosen","floor":31,"turns":6}],"seed_played":"-6995366121669707622","potions_obtained":[{"floor":2,"key":"FocusPotion"},{"floor":3,"key":"Explosive Potion"},{"floor":5,"key":"Ancient Potion"},{"floor":16,"key":"Dexterity Potion"},{"floor":28,"key":"GamblersBrew"}],"is_trial":false,"path_per_floor":["M","M","M","M","M","R","M","R","T","R","E","$","?","$","R","B",null,"M","?","?","M","M","R","M","R","T","E","M","$","M","M"],"character_chosen":"DEFECT","items_purchased":["Gash","Machine Learning+1"],"campfire_rested":2,"item_purchase_floors":[14,29],"current_hp_per_floor":[81,81,77,72,70,70,65,65,65,65,45,45,65,65,82,32,82,80,80,80,59,54,54,43,67,67,59,31,31,17,0],"gold":94,"neow_bonus":"TEN_PERCENT_HP_BONUS","is_prod":false,"is_daily":false,"chose_seed":false,"campfire_upgraded":4,"win_rate":0.0,"timestamp":1565393904,"path_taken":["M","M","?","M","M","R","M","R","T","R","E","$","?","$","R","BOSS","M","?","?","M","M","R","M","R","T","E","M","$","M","M"],"build_version":"2019-07-17","purchased_purges":1,"victory":false,"max_hp_per_floor":[82,82,82,82,82,82,82,82,82,82,82,82,82,82,82,82,82,82,82,82,82,82,82,82,82,82,82,82,82,82,82],"card_choices":[{"not_picked":["Steam","Cold Snap"],"picked":"Hologram","floor":1},{"not_picked":["Compile Driver","Steam Power"],"picked":"Double Energy","floor":2},{"not_picked":["Rebound","Leap"],"picked":"Hello World","floor":3},{"not_picked":["Steam Power","Barrage"],"picked":"Reinforced Body","floor":4},{"not_picked":["Rebound","Redo"],"picked":"Gash","floor":5},{"not_picked":["Self Repair","Redo"],"picked":"Coolheaded","floor":7},{"not_picked":["Aggregate","Rebound"],"picked":"Cold Snap","floor":11},{"not_picked":["Echo Form","Creative AI"],"picked":"Biased Cognition","floor":16},{"not_picked":["Steam","Compile Driver"],"picked":"Skim","floor":18},{"not_picked":["Beam Cell+1","Leap"],"picked":"Cold Snap","floor":21},{"not_picked":["Beam Cell","Cold Snap"],"picked":"Lockon+1","floor":22},{"not_picked":["Rip and Tear","Redo","Rebound"],"picked":"SKIP","floor":24},{"not_picked":["Conserve Battery+1","Darkness"],"picked":"Multi-Cast","floor":27},{"not_picked":["Go for the Eyes","Cold Snap"],"picked":"Gash","floor":28},{"not_picked":["Ball Lightning","Rip and Tear+1"],"picked":"Undo","floor":30}],"player_experience":32283,"relics_obtained":[{"floor":9,"key":"Mercury Hourglass"},{"floor":11,"key":"PreservedInsect"},{"floor":26,"key":"Frozen Egg 2"},{"floor":27,"key":"Regal Pillow"}],"event_choices":[{"damage_healed":20,"gold_gain":0,"player_choice":"Healed","damage_taken":0,"max_hp_gain":0,"max_hp_loss":0,"event_name":"The Cleric","floor":13,"gold_loss":35},{"damage_healed":0,"gold_gain":0,"player_choice":"Ignored","damage_taken":0,"max_hp_gain":0,"max_hp_loss":0,"event_name":"Vampires","floor":19,"gold_loss":0},{"damage_healed":0,"gold_gain":0,"player_choice":"Obtain J.A.X.","damage_taken":0,"max_hp_gain":0,"max_hp_loss":0,"event_name":"Drug Dealer","floor":20,"gold_loss":0,"cards_obtained":["J.A.X."]}],"is_beta":false,"boss_relics":[{"not_picked":["Velvet Choker","Lizard Tail"],"picked":"Runic Pyramid"}],"items_purged_floors":[12],"is_endless":false,"potions_floor_spawned":[2,3,5,16,24,28],"killed_by":"Cultist and Chosen","ascension_level":0}