{"gold_per_floor":[216,227,238,238,6,6,6,6,33,33,61,61,77,104,104,207,207,162,162,162,162,162,162,162,162,162,162,162,162,162,162,162,162,162,162,162,162,162,162,162,162],"floor_reached":41,"playtime":3356,"items_purged":[],"score":421,"play_id":"73eec477-1a16-4f14-b7f0-d415c4b69597","local_time":"20190809144722","is_ascension_mode":false,"campfire_choices":[{"floor":8,"key":"REST"},{"data":"Neutralize","floor":10,"key":"SMITH"},{"floor":12,"key":"REST"},{"floor":15,"key":"REST"},{"floor":23,"key":"REST"},{"floor":29,"key":"REST"},{"data":"Malaise","floor":32,"key":"SMITH"},{"floor":40,"key":"REST"}],"neow_cost":"NONE","seed_source_timestamp":152260495796883,"circlet_count":0,"master_deck":["Strike_G","Strike_G","Strike_G","Defend_G","Defend_G","Defend_G","Defend_G","Defend_G","Survivor","Neutralize+1","Well Laid Plans","Slice","Poisoned Stab","All Out Attack","Glass Knife","Bouncing Flask","Malaise+1","PiercingWail","Die Die Die","Leg Sweep","Dash+1","Flying Knee","Backstab","Sucker Punch+1","Masterful Stab","Glass Knife","PiercingWail+1","Prepared+1","Bullet Time","Deadly Poison","Writhe","Purity","Leg Sweep+1"],"relics":["Ring of the Snake","Bag of Preparation","Blood Vial","Dream Catcher","Ice Cream","Bronze Scales","Ectoplasm","Juzu Bracelet","Strawberry","Fusion Hammer"],"potions_floor_usage":[14,20,21,30,33,33,35,41],"damage_taken":[{"damage":0,"enemies":"Small Slimes","floor":1,"turns":5},{"damage":0,"enemies":"Jaw Worm","floor":2,"turns":5},{"damage":1,"enemies":"Cultist","floor":3,"turns":4},{"damage":18,"enemies":"3 Sentries","floor":11,"turns":9},{"damage":0,"enemies":"Gremlin Gang","floor":13,"turns":2},{"damage":21,"enemies":"Lagavulin","floor":14,"turns":4},{"damage":4,"enemies":"Hexaghost","floor":16,"turns":10},{"damage":14,"enemies":"2 Thieves","floor":18,"turns":3},{"damage":0,"enemies":"Spheric Guardian","floor":20,"turns":4},{"damage":1,"enemies":"Shelled Parasite and Fungi","floor":21,"turns":5},{"damage":11,"enemies":"Snecko","floor":22,"turns":7},{"damage":14,"enemies":"Centurion and Healer","floor":25,"turns":11},{"damage":6,"enemies":"Shelled Parasite and Fungi","floor":27,"turns":7},{"damage":3,"enemies":"Slavers","floor":30,"turns":5},{"damage":0,"enemies":"Snake Plant","floor":31,"turns":3},{"damage":52,"enemies":"Champ","floor":33,"turns":14},{"damage":13,"enemies":"3 Darklings","floor":35,"turns":5},{"damage":8,"enemies":"3 Shapes","floor":36,"turns":5},{"damage":56,"enemies":"Giant Head","floor":41,"turns":11}],"seed_played":"313848089049222057","potions_obtained":[{"floor":1,"key":"Weak Potion"},{"floor":2,"key":"Strength Potion"},{"floor":16,"key":"SpeedPotion"},{"floor":18,"key":"Energy Potion"},{"floor":25,"key":"Poison Potion"},{"floor":27,"key":"Dexterity Potion"},{"floor":31,"key":"Weak Potion"},{"floor":36,"key":"SpeedPotion"}],"is_trial":false,"path_per_floor":["M","M","M","?","$","?","$","R","T","R","E","R","M","E","R","B",null,"M","?","M","M","M","R","?","M","T","M","?","R","E","M","R","B",null,"M","M","?","?","?","R","E"],"character_chosen":"THE_SILENT","items_purchased":["Blood Vial","All Out Attack"],"campfire_rested":6,"item_purchase_floors":[5,5],"current_hp_per_floor":[70,70,69,57,57,50,50,70,70,70,52,70,70,49,70,66,70,56,70,70,69,59,70,70,56,56,52,52,70,74,76,76,25,77,64,58,77,77,77,77,21],"gold":162,"neow_bonus":"HUNDRED_GOLD","is_prod":false,"is_daily":false,"chose_seed":false,"campfire_upgraded":2,"win_rate":0.0,"timestamp":1565376442,"path_taken":["M","M","M","?","$","?","?","R","T","R","E","R","M","E","R","BOSS","M","?","?","M","M","R","?","M","T","M","?","R","E","M","R","BOSS","M","M","?","?","?","R","E"],"build_version":"2019-07-17","purchased_purges":0,"victory":false,"max_hp_per_floor":[70,70,70,70,70,70,70,70,70,70,70,70,70,70,70,70,70,70,70,70,70,70,70,70,70,70,70,70,70,77,77,77,77,77,77,77,77,77,77,77,77],"card_choices":[{"not_picked":["Sucker Punch","Poisoned Stab"],"picked":"Well Laid Plans","floor":1},{"not_picked":["Acrobatics","Bouncing Flask"],"picked":"Slice","floor":2},{"not_picked":["Dodge and Roll","Slice"],"picked":"Poisoned Stab","floor":3},{"not_picked":["Underhanded Strike","Heel Hook"],"picked":"Glass Knife","floor":11},{"not_picked":["Reflex","Outmaneuver"],"picked":"All Out Attack","floor":12},{"not_picked":["Catalyst","Masterful Stab"],"picked":"Bouncing Flask","floor":13},{"not_picked":["Tools of the Trade","Flechettes"],"picked":"Malaise","floor":14},{"not_picked":["Quick Slash","Deadly Poison"],"picked":"PiercingWail","floor":15},{"not_picked":["Tools of the Trade","Venomology"],"picked":"Die Die Die","floor":16},{"not_picked":["Bane","Distraction"],"picked":"Leg Sweep","floor":18},{"not_picked":["Reflex","Outmaneuver"],"picked":"Dash+1","floor":20},{"not_picked":["Blade Dance+1","Prepared","Underhanded Strike"],"picked":"SKIP","floor":21},{"not_picked":["Blade Dance","Underhanded Strike"],"picked":"Flying Knee","floor":22},{"not_picked":["Endless Agony","Bane"],"picked":"Backstab","floor":25},{"not_picked":["Underhanded Strike+1","Deflect"],"picked":"Sucker Punch+1","floor":27},{"not_picked":["Dagger Throw","Quick Slash+1"],"picked":"Glass Knife","floor":29},{"not_picked":["Corpse Explosion","Dagger Spray"],"picked":"PiercingWail+1","floor":30},{"not_picked":["Slice","Deflect"],"picked":"Prepared+1","floor":31},{"not_picked":["Die Die Die","Doppelganger"],"picked":"Bullet Time","floor":33},{"not_picked":["Blade Dance+1","Dodge and Roll","Bane+1"],"picked":"SKIP","floor":35},{"not_picked":["Calculated Gamble+1","Outmaneuver+1"],"picked":"Deadly Poison","floor":36},{"not_picked":["Discovery","Madness"],"picked":"Purity","floor":38},{"not_picked":["Outmaneuver","Poisoned Stab+1"],"picked":"Leg Sweep+1","floor":40}],"player_experience":20317,"relics_obtained":[{"floor":9,"key":"Dream Catcher"},{"floor":11,"key":"Ice Cream"},{"floor":14,"key":"Bronze Scales"},{"floor":26,"key":"Juzu Bracelet"},{"floor":30,"key":"Strawberry"}],"event_choices":[{"damage_healed":0,"gold_gain":0,"player_choice":"Success","damage_taken":12,"relics_obtained":["Bag of Preparation"],"max_hp_gain":0,"max_hp_loss":0,"event_name":"Scrap Ooze","floor":4,"gold_loss":0},{"cards_removed":["Strike_G"],"damage_healed":0,"gold_gain":0,"player_choice":"Card Removal","damage_taken":7,"max_hp_gain":0,"max_hp_loss":0,"event_name":"Golden Wing","floor":6,"gold_loss":0},{"cards_removed":["All Out Attack"],"damage_healed":14,"gold_gain":0,"player_choice":"Offered Uncommon","damage_taken":0,"max_hp_gain":0,"max_hp_loss":0,"event_name":"Bonfire Elementals","floor":19,"gold_loss":0},{"damage_healed":0,"gold_gain":99,"player_choice":"Stole From Cult","damage_taken":0,"max_hp_gain":0,"max_hp_loss":0,"event_name":"Nest","floor":24,"gold_loss":0},{"damage_healed":0,"gold_gain":0,"cards_transformed":["Strike_G"],"player_choice":"Transformed","damage_taken":0,"max_hp_gain":0,"max_hp_loss":0,"event_name":"Transmorgrifier","floor":28,"gold_loss":0,"cards_obtained":["Masterful Stab"]},{"damage_healed":19,"gold_gain":0,"player_choice":"Writhe","damage_taken":0,"max_hp_gain":0,"max_hp_loss":0,"event_name":"Winding Halls","floor":37,"gold_loss":0,"cards_obtained":["Writhe"]},{"damage_healed":0,"gold_gain":0,"player_choice":"Memory 1","damage_taken":0,"max_hp_gain":0,"max_hp_loss":0,"event_name":"SensoryStone","floor":38,"gold_loss":0},{"damage_healed":0,"gold_gain":0,"player_choice":"Leave","damage_taken":0,"max_hp_gain":0,"max_hp_loss":0,"event_name":"FaceTrader","floor":39,"gold_loss":0}],"is_beta":false,"boss_relics":[{"not_picked":["Runic Dome","Snecko Eye"],"picked":"Ectoplasm"},{"not_picked":["HoveringKite","Ring of the Serpent"],"picked":"Fusion Hammer"}],"items_purged_floors":[],"is_endless":false,"potions_floor_spawned":[1,2,16,18,25,27,31,36],"killed_by":"Giant Head","ascension_level":0}