{"gold_per_floor":[114,114,114,25,37,69,69,102,102,102,14,24,44,60,60,157,157,175,175,90,110,126,126,141,141,141,141,141,161,171,171,171,171],"floor_reached":33,"playtime":1689,"items_purged":[],"score":307,"play_id":"8c501fc7-f665-4329-8768-f881f460e184","local_time":"20190804224953","is_ascension_mode":false,"campfire_choices":[{"data":"Zap","floor":7,"key":"SMITH"},{"data":"Dualcast","floor":10,"key":"SMITH"},{"floor":15,"key":"REST"},{"floor":23,"key":"REST"},{"data":"Scrape","floor":25,"key":"SMITH"},{"data":"Streamline","floor":27,"key":"SMITH"},{"data":"Streamline","floor":32,"key":"SMITH"}],"neow_cost":"NONE","seed_source_timestamp":447478736391272,"circlet_count":0,"master_deck":["Defend_B","Defend_B","Defend_B","Zap+1","Dualcast+1","Scrape+1","Steam","Streamline+1","Tempest+1","Finesse+1","Turbo+1","Beam Cell","Fission+1","Beam Cell","Redo+1","Go for the Eyes","Bite","Bite","Bite","Bite","Bite","Streamline+1"],"relics":["Cracked Core","NeowsBlessing","Toxic Egg 2","Bottled Flame","Mummified Hand","Eternal Feather","Bag of Marbles","Ornamental Fan","Pocketwatch"],"potions_floor_usage":[],"damage_taken":[{"damage":0,"enemies":"Jaw Worm","floor":1,"turns":1},{"damage":0,"enemies":"Small Slimes","floor":5,"turns":1},{"damage":0,"enemies":"Lagavulin","floor":6,"turns":1},{"damage":28,"enemies":"Gremlin Nob","floor":8,"turns":4},{"damage":0,"enemies":"Cultist","floor":12,"turns":2},{"damage":2,"enemies":"Blue Slaver","floor":13,"turns":2},{"damage":0,"enemies":"Exordium Wildlife","floor":14,"turns":3},{"damage":46,"enemies":"Slime Boss","floor":16,"turns":12},{"damage":31,"enemies":"2 Thieves","floor":18,"turns":5},{"damage":11,"enemies":"Spheric Guardian","floor":21,"turns":5},{"damage":0,"enemies":"Centurion and Healer","floor":22,"turns":4},{"damage":17,"enemies":"Snecko","floor":24,"turns":5},{"damage":17,"enemies":"Snake Plant","floor":29,"turns":2},{"damage":0,"enemies":"Sentry and Sphere","floor":30,"turns":3},{"damage":75,"enemies":"Champ","floor":33,"turns":8}],"seed_played":"927733592051600491","potions_obtained":[{"floor":1,"key":"LiquidBronze"},{"floor":12,"key":"Strength Potion"},{"floor":14,"key":"Dexterity Potion"},{"floor":16,"key":"GamblersBrew"}],"is_trial":false,"path_per_floor":["M","?","?","$","M","E","R","E","T","R","$","M","M","M","R","B",null,"M","?","?","M","M","R","M","R","T","R","?","M","M","?","R","B"],"character_chosen":"DEFECT","items_purchased":["Scrape","Steam","Finesse+1"],"campfire_rested":2,"item_purchase_floors":[4,4,11],"current_hp_per_floor":[75,68,75,75,75,75,75,47,47,47,47,47,45,45,67,21,75,44,44,44,33,33,67,50,62,62,74,52,37,45,45,52,0],"gold":171,"neow_bonus":"THREE_ENEMY_KILL","is_prod":false,"is_daily":false,"chose_seed":false,"campfire_upgraded":5,"win_rate":0,"timestamp":1564976993,"path_taken":["M","?","?","$","M","E","R","E","T","R","$","?","M","M","R","BOSS","M","?","?","M","M","R","M","R","T","R","?","M","M","?","R","BOSS"],"build_version":"2019-07-17","purchased_purges":0,"victory":false,"max_hp_per_floor":[75,75,75,75,75,75,75,75,75,75,75,75,75,75,75,75,75,75,75,75,75,75,75,75,75,75,75,52,52,52,52,52,52],"card_choices":[{"not_picked":["Rip and Tear","Hologram"],"picked":"Chaos","floor":1},{"not_picked":["Darkness","Heatsinks","Conserve Battery"],"picked":"SKIP","floor":5},{"not_picked":["Barrage","Blizzard"],"picked":"Streamline","floor":6},{"not_picked":["Barrage","Static Discharge"],"picked":"Tempest+1","floor":8},{"not_picked":["Hologram+1","Compile Driver"],"picked":"Turbo+1","floor":12},{"not_picked":["Rainbow+1","Consume+1"],"picked":"Beam Cell","floor":13},{"not_picked":["Rebound","Hologram+1","Conserve Battery+1"],"picked":"SKIP","floor":14},{"not_picked":["All For One","Echo Form"],"picked":"Fission+1","floor":16},{"not_picked":["Rebound","Leap+1"],"picked":"Beam Cell","floor":18},{"not_picked":["Coolheaded+1","Leap+1"],"picked":"Redo+1","floor":21},{"not_picked":["White Noise+1","Coolheaded+1"],"picked":"Go for the Eyes","floor":22},{"not_picked":["Compile Driver","Hyperbeam","Leap+1"],"picked":"SKIP","floor":24},{"not_picked":["Stack+1","Redo+1"],"picked":"Streamline","floor":29},{"not_picked":["Sweeping Beam+1","Leap+1","Cold Snap"],"picked":"SKIP","floor":30}],"player_experience":89561,"relics_obtained":[{"floor":6,"key":"Toxic Egg 2"},{"floor":8,"key":"Bottled Flame"},{"floor":9,"key":"Mummified Hand"},{"floor":26,"key":"Pocketwatch"}],"event_choices":[{"cards_removed":["Strike_B"],"damage_healed":0,"gold_gain":0,"player_choice":"Card Removal","damage_taken":7,"max_hp_gain":0,"max_hp_loss":0,"event_name":"Golden Wing","floor":2,"gold_loss":0},{"cards_removed":["Chaos"],"damage_healed":7,"gold_gain":0,"player_choice":"Offered Uncommon","damage_taken":0,"max_hp_gain":0,"max_hp_loss":0,"event_name":"Bonfire Elementals","floor":3,"gold_loss":0},{"damage_healed":0,"gold_gain":0,"player_choice":"Opened","damage_taken":0,"relics_obtained":["Bag of Marbles"],"max_hp_gain":0,"max_hp_loss":0,"event_name":"The Mausoleum","floor":19,"gold_loss":0},{"damage_healed":0,"gold_gain":0,"player_choice":"Obtained Relic","damage_taken":0,"relics_obtained":["Ornamental Fan"],"max_hp_gain":0,"max_hp_loss":0,"event_name":"Addict","floor":20,"gold_loss":85},{"damage_healed":0,"gold_gain":0,"player_choice":"Became a vampire","damage_taken":0,"max_hp_gain":0,"max_hp_loss":23,"event_name":"Vampires","floor":28,"gold_loss":0,"cards_obtained":["Bite","Bite","Bite","Bite","Bite"]},{"cards_removed":["Defend_B"],"damage_healed":0,"gold_gain":0,"player_choice":"Elegance","damage_taken":0,"max_hp_gain":0,"max_hp_loss":0,"event_name":"Back to Basics","floor":31,"gold_loss":0}],"is_beta":false,"boss_relics":[{"not_picked":["Philosopher\u0027s Stone","Inserter"],"picked":"Eternal Feather"}],"items_purged_floors":[],"is_endless":false,"potions_floor_spawned":[1,12,14,16,29,30],"killed_by":"Champ","ascension_level":0}