{"gold_per_floor":[112,112,112,5,5,5,35,35,35,64,84,98,125,142,142,142],"floor_reached":16,"playtime":499,"items_purged":[],"score":336,"play_id":"2c3d73fa-cd7c-47b1-81ba-e2dee2f80b03","local_time":"20180916172609","is_ascension_mode":true,"campfire_choices":[{"data":"Zap","floor":6,"key":"SMITH"},{"data":"Redo","floor":15,"key":"SMITH"}],"neow_cost":"NONE","seed_source_timestamp":31679137240678,"circlet_count":0,"master_deck":["Strike_B+1","Strike_B+1","Strike_B","Strike_B","Defend_B","Defend_B","Defend_B","Defend_B","Zap+1","Dualcast","AscendersBane","Capacitor","Redo+1","Go for the Eyes","Glacier","Ball Lightning","Leap","Chaos","Echo Form","Cold Snap"],"special_seed":0,"relics":["Cracked Core","NeowsBlessing","Girya","Shuriken","Regal Pillow","Darkstone Periapt"],"potions_floor_usage":[14,16],"damage_taken":[{"damage":0.0,"enemies":"2 Louse","floor":1.0,"turns":1.0},{"damage":0,"enemies":"Lagavulin","floor":7,"turns":1},{"damage":0,"enemies":"3 Sentries","floor":10,"turns":1},{"damage":0,"enemies":"Jaw Worm","floor":11,"turns":2},{"damage":0,"enemies":"Cultist","floor":12,"turns":3},{"damage":17,"enemies":"Lagavulin","floor":13,"turns":7},{"damage":13,"enemies":"Exordium Wildlife","floor":14,"turns":3},{"damage":16,"enemies":"Hexaghost","floor":16,"turns":9}],"seed_played":"-7422630608747582364","potions_obtained":[{"floor":1.0,"key":"Ancient Potion"},{"floor":12,"key":"Weak Potion"},{"floor":14,"key":"Weak Potion"}],"is_trial":false,"path_per_floor":["M","?","?","$","?","R","E","$","T","E","M","M","E","M","R"],"character_chosen":"DEFECT","items_purchased":["Redo","Go for the Eyes"],"campfire_rested":0,"item_purchase_floors":[4,4],"current_hp_per_floor":[64,64,64,64,43,43,43,43,43,43,43,43,26,13,13,0],"gold":142,"neow_bonus":"THREE_ENEMY_KILL","is_prod":false,"is_daily":false,"chose_seed":false,"campfire_upgraded":2,"win_rate":0,"timestamp":1537089969,"path_taken":["M","?","?","$","?","R","E","$","T","E","M","M","E","M","R","BOSS"],"build_version":"2018-09-12","purchased_purges":0,"victory":false,"max_hp_per_floor":[71,71,71,71,71,71,71,71,71,71,71,71,71,71,71,71],"card_choices":[{"not_picked":["Conserve Battery","Hologram"],"picked":"Capacitor","floor":1.0},{"not_picked":["Lockon","Self Repair"],"picked":"Glacier","floor":7},{"not_picked":["Recycle","Lockon"],"picked":"Ball Lightning","floor":10},{"not_picked":["Chaos","Compile Driver"],"picked":"Leap","floor":11},{"not_picked":["Stack","Undo"],"picked":"Chaos","floor":12},{"not_picked":["Static Discharge","Auto Shields"],"picked":"Echo Form","floor":13},{"not_picked":["Rebound","Darkness"],"picked":"Cold Snap","floor":14}],"player_experience":358153,"relics_obtained":[{"floor":7,"key":"Girya"},{"floor":9,"key":"Shuriken"},{"floor":10,"key":"Regal Pillow"},{"floor":13,"key":"Darkstone Periapt"}],"event_choices":[{"event_name":"Scrap Ooze","player_choice":"unsuccessful","floor":2,"damage_taken":0},{"event_name":"The Cleric","player_choice":"Leave","floor":3,"damage_taken":0},{"event_name":"Shining Light","player_choice":"Entered Light","floor":5,"damage_taken":0}],"is_beta":true,"boss_relics":[],"items_purged_floors":[],"is_endless":false,"potions_floor_spawned":[1,12,14],"killed_by":"Hexaghost","ascension_level":20}