{"gold_per_floor":[116,116,137,137,137,172,172,188,214,214,255,255,276,294,294,387,387,408,408,408,106,106,106],"floor_reached":23,"playtime":649,"items_purged":[],"score":444,"play_id":"81618676-fbf4-46ed-9cfb-9fe58de2f841","local_time":"20180916171049","is_ascension_mode":true,"campfire_choices":[{"data":"Dualcast","floor":10.0,"key":"SMITH"},{"data":"Chaos","floor":12.0,"key":"SMITH"},{"data":"Rainbow","floor":15.0,"key":"SMITH"}],"neow_cost":"NONE","seed_source_timestamp":30476841073060,"circlet_count":0,"master_deck":["Strike_B","Strike_B","Strike_B","Strike_B","Defend_B","Defend_B","Defend_B","Defend_B","Zap+1","Dualcast+1","AscendersBane","Ball Lightning","Gash","Rebound","Rainbow+1","Chaos+1","Leap","Streamline","All For One","Leap+1","Self Repair","Chill"],"special_seed":0,"relics":["Cracked Core","NeowsBlessing","Bloody Idol","Regal Pillow","Potion Belt","Smiling Mask","Blood Vial","Inserter","Matryoshka","Omamori"],"potions_floor_usage":[20,20],"damage_taken":[{"damage":0.0,"enemies":"Cultist","floor":1.0,"turns":1.0},{"damage":0.0,"enemies":"2 Louse","floor":3.0,"turns":1.0},{"damage":0.0,"enemies":"Gremlin Nob","floor":6.0,"turns":1.0},{"damage":4.0,"enemies":"Small Slimes","floor":8.0,"turns":3.0},{"damage":18.0,"enemies":"Lagavulin","floor":11.0,"turns":5.0},{"damage":14.0,"enemies":"Red Slaver","floor":13.0,"turns":2.0},{"damage":0.0,"enemies":"Looter","floor":14.0,"turns":2.0},{"damage":24.0,"enemies":"The Guardian","floor":16.0,"turns":10.0},{"damage":12.0,"enemies":"Chosen","floor":18.0,"turns":3.0},{"damage":24,"enemies":"Colosseum Slavers","floor":20,"turns":6},{"damage":26,"enemies":"Book of Stabbing","floor":23,"turns":2}],"seed_played":"905510127403436181","potions_obtained":[{"floor":1.0,"key":"Swift Potion"},{"floor":6.0,"key":"SpeedPotion"},{"floor":11.0,"key":"Regen Potion"},{"floor":14.0,"key":"Fire Potion"}],"is_trial":false,"path_per_floor":["M","?","M","?","?","E","?","M","T","R","E","R","M","M","R","B",null,"M","T","?","$","?"],"character_chosen":"DEFECT","items_purchased":["Self Repair","Chill","Omamori"],"campfire_rested":0,"item_purchase_floors":[21,21,21],"current_hp_per_floor":[64,64,64,64,64,64,59,55,55,55,37,37,25,27,27,20,53,43,43,21,21,21,0],"gold":106,"neow_bonus":"THREE_ENEMY_KILL","is_prod":false,"is_daily":false,"chose_seed":false,"campfire_upgraded":3,"win_rate":0,"timestamp":1537089049,"path_taken":["M","?","?","?","?","E","?","M","T","R","E","R","M","M","R","BOSS","M","?","?","$","?","E"],"build_version":"2018-09-12","purchased_purges":0,"victory":false,"max_hp_per_floor":[71,64,64,64,64,64,64,64,64,64,64,64,64,64,64,64,64,64,64,64,64,64,64],"card_choices":[{"not_picked":["Force Field","Turbo"],"picked":"Ball Lightning","floor":1.0},{"not_picked":["Steam","Ball Lightning"],"picked":"Gash","floor":3.0},{"not_picked":["Scrape","Barrage"],"picked":"Rebound","floor":6.0},{"not_picked":["Hologram","Coolheaded"],"picked":"Rainbow","floor":8.0},{"not_picked":["Blizzard","Turbo"],"picked":"Chaos","floor":11.0},{"not_picked":["Sweeping Beam","Redo"],"picked":"Leap","floor":13.0},{"not_picked":["Beam Cell","BootSequence"],"picked":"Streamline","floor":14.0},{"not_picked":["Rainbow","Seek"],"picked":"All For One","floor":16.0},{"not_picked":["Steam","Ball Lightning"],"picked":"Leap+1","floor":18.0}],"player_experience":357233,"relics_obtained":[{"floor":6.0,"key":"Regal Pillow"},{"floor":9.0,"key":"Smiling Mask"},{"floor":11.0,"key":"Blood Vial"},{"floor":19.0,"key":"Matryoshka"}],"event_choices":[{"event_name":"Golden Idol","player_choice":"Lose Max HP","floor":2.0,"damage_taken":0.0},{"event_name":"Golden Wing","player_choice":"Ignored","floor":4.0,"damage_taken":0.0},{"event_name":"Living Wall","player_choice":"Grow","floor":5.0,"damage_taken":0.0},{"event_name":"Scrap Ooze","player_choice":"success","floor":7.0,"damage_taken":5.0},{"event_name":"Colosseum","player_choice":"Fight","floor":20,"damage_taken":0},{"event_name":"Colosseum","player_choice":"Fled From Nobs","floor":20,"damage_taken":0},{"event_name":"Forgotten Altar","player_choice":"Gave Idol","floor":22,"damage_taken":0}],"is_beta":true,"boss_relics":[{"not_picked":["Calling Bell","Nuclear Battery"],"picked":"Inserter"}],"items_purged_floors":[],"is_endless":false,"potions_floor_spawned":[1,6,11,14],"killed_by":"Book of Stabbing","ascension_level":20}