{"gold_per_floor":[117,292,100,111,128,128,147,147,147,173,193,193,193,193],"floor_reached":14,"playtime":892,"items_purged":["Doubt"],"score":136,"play_id":"f10dfcdb-b7cc-4618-a307-3d6bc96c3d87","local_time":"20180813133324","is_ascension_mode":true,"campfire_choices":[{"data":"Darkness","floor":6.0,"key":"SMITH"},{"data":"Defragment","floor":8.0,"key":"SMITH"}],"neow_cost":"","seed_source_timestamp":0,"circlet_count":0,"master_deck":["Strike_B","Strike_B","Strike_B","Defend_B","Defend_B","Defend_B","Defend_B","Zap","Dualcast","AscendersBane","Capacitor","Defragment+1","Turbo","Darkness+1","Conserve Battery","Coolheaded","Cold Snap","Go for the Eyes","Biased Cognition"],"special_seed":0,"relics":["Cracked Core","Mango","Odd Mushroom","Molten Egg 2"],"potions_floor_usage":[10,11],"damage_taken":[{"damage":4.0,"enemies":"Jaw Worm","floor":1.0,"turns":3.0},{"damage":0.0,"enemies":"Small Slimes","floor":4.0,"turns":3.0},{"damage":1.0,"enemies":"Cultist","floor":5.0,"turns":3.0},{"damage":4.0,"enemies":"Exordium Thugs","floor":7.0,"turns":4.0},{"damage":20,"enemies":"Lagavulin","floor":10,"turns":5},{"damage":21,"floor":11,"turns":5},{"damage":37,"enemies":"Gremlin Gang","floor":14,"turns":3}],"seed_played":"2144625197183453615","potions_obtained":[{"floor":5.0,"key":"Regen Potion"},{"floor":7.0,"key":"Ancient Potion"},{"floor":10,"key":"Regen Potion"}],"is_trial":false,"path_per_floor":["M","?","$","M","M","R","M","R","T","E","?","?","?"],"character_chosen":"DEFECT","items_purchased":["Defragment","Turbo"],"campfire_rested":0,"item_purchase_floors":[3,3],"current_hp_per_floor":[64,64,64,64,63,63,59,59,59,58,46,34,34,0],"gold":193,"neow_bonus":"","is_prod":false,"is_daily":false,"chose_seed":false,"campfire_upgraded":2,"win_rate":0,"timestamp":1534138404,"path_taken":["M","?","?","?","M","R","?","R","T","E","?","?","?","M"],"build_version":"2018-08-09","purchased_purges":1,"victory":false,"max_hp_per_floor":[75,75,75,75,75,75,75,75,75,89,89,89,89,89],"card_choices":[{"not_picked":["Ball Lightning","Hologram"],"picked":"Capacitor","floor":1.0},{"not_picked":["Blizzard","Lockon"],"picked":"Darkness","floor":4.0},{"not_picked":["BootSequence","Gash"],"picked":"Conserve Battery","floor":5.0},{"not_picked":["Barrage","Compile Driver"],"picked":"Coolheaded","floor":7.0},{"not_picked":["Barrage","Scrape"],"picked":"Cold Snap","floor":10},{"not_picked":["Compile Driver","Leap"],"picked":"Go for the Eyes","floor":11}],"player_experience":237577,"relics_obtained":[{"floor":10,"key":"Mango"},{"floor":11,"key":"Odd Mushroom"}],"event_choices":[{"event_name":"Liars Game","player_choice":"agreed","floor":2.0,"damage_taken":0.0},{"event_name":"Mushrooms","player_choice":"Fought Mushrooms","floor":11,"damage_taken":0},{"event_name":"Scrap Ooze","player_choice":"success","floor":12,"damage_taken":12},{"event_name":"Living Wall","player_choice":"Change","floor":13,"damage_taken":0}],"is_beta":false,"boss_relics":[],"items_purged_floors":[3],"is_endless":false,"potions_floor_spawned":[5,7,10],"killed_by":"Gremlin Gang","ascension_level":11}