{"gold_per_floor":[115,128,138,154,170,170,345,345,369,382,382,261,292,307,307,406,406,425,440,440,68,81,81],"floor_reached":23,"playtime":1879,"items_purged":["Doubt"],"score":270,"play_id":"5c3a9792-5f72-48d0-955d-c060d4241bea","local_time":"20190806210438","is_ascension_mode":false,"campfire_choices":[{"data":"Seeing Red","floor":6,"key":"SMITH"},{"data":"Flex","floor":8,"key":"SMITH"},{"data":"Heavy Blade","floor":11,"key":"SMITH"},{"data":"Flex","floor":15,"key":"SMITH"}],"neow_cost":"NONE","seed_source_timestamp":176157602240047,"circlet_count":0,"master_deck":["Strike_R","Strike_R","Strike_R","Strike_R","Strike_R","Defend_R","Defend_R","Defend_R","Defend_R","Bash","Iron Wave","Flex+1","Heavy Blade+1","Warcry","Seeing Red+1","Shrug It Off","Flex+1","Flex","Sword Boomerang","Offering","Heavy Blade","Cleave+1","Flex+1","Inflame","Sword Boomerang"],"relics":["Burning Blood","NeowsBlessing","Potion Belt","Vajra","Philosopher\u0027s Stone","Lantern","Bag of Preparation"],"potions_floor_usage":[13,13,16,16,19,23],"damage_taken":[{"damage":0,"enemies":"Cultist","floor":1,"turns":1},{"damage":0,"enemies":"Jaw Worm","floor":2,"turns":1},{"damage":0,"enemies":"Small Slimes","floor":3,"turns":1},{"damage":6,"enemies":"Red Slaver","floor":4,"turns":4},{"damage":21,"enemies":"Gremlin Gang","floor":5,"turns":7},{"damage":5,"enemies":"Exordium Thugs","floor":10,"turns":4},{"damage":25,"enemies":"Gremlin Nob","floor":13,"turns":5},{"damage":0,"enemies":"Exordium Wildlife","floor":14,"turns":3},{"damage":0,"enemies":"Slime Boss","floor":16,"turns":5},{"damage":0,"enemies":"Spheric Guardian","floor":18,"turns":3},{"damage":31,"enemies":"Chosen","floor":19,"turns":5},{"damage":53,"enemies":"Snecko","floor":22,"turns":6},{"damage":10,"enemies":"Centurion and Healer","floor":23,"turns":2}],"seed_played":"2145861120941752911","potions_obtained":[{"floor":1,"key":"Poison Potion"},{"floor":4,"key":"PowerPotion"},{"floor":10,"key":"AttackPotion"},{"floor":13,"key":"SkillPotion"},{"floor":18,"key":"GamblersBrew"},{"floor":22,"key":"AttackPotion"}],"is_trial":false,"path_per_floor":["M","M","M","M","M","R","?","R","T","M","R","$","E","M","R","B",null,"M","M","?","$","M","M"],"character_chosen":"IRONCLAD","items_purchased":["Flex","Lantern","Bag of Preparation","Inflame"],"campfire_rested":0,"item_purchase_floors":[12,21,21,21],"current_hp_per_floor":[80,80,80,80,65,65,65,65,65,66,66,66,47,53,53,59,80,80,55,55,55,8,0],"gold":81,"neow_bonus":"THREE_ENEMY_KILL","is_prod":false,"is_daily":false,"chose_seed":false,"campfire_upgraded":4,"win_rate":0,"timestamp":1565118278,"path_taken":["M","M","M","?","M","R","?","R","T","M","R","$","E","M","R","BOSS","M","M","?","$","M","M"],"build_version":"2019-07-17","purchased_purges":1,"victory":false,"max_hp_per_floor":[80,80,80,80,80,80,80,80,80,80,80,80,80,80,80,80,80,80,80,80,80,80,80],"card_choices":[{"not_picked":["Sever Soul","Headbutt"],"picked":"Iron Wave","floor":1},{"not_picked":["Corruption","Sword Boomerang"],"picked":"Flex","floor":2},{"not_picked":["True Grit","Armaments"],"picked":"Heavy Blade","floor":3},{"not_picked":["Thunderclap","Flame Barrier"],"picked":"Warcry","floor":4},{"not_picked":["Headbutt","Cleave"],"picked":"Seeing Red","floor":5},{"not_picked":["Headbutt","Clothesline"],"picked":"Shrug It Off","floor":10},{"not_picked":["Shrug It Off","Heavy Blade"],"picked":"Flex","floor":13},{"not_picked":["Fiend Fire","Body Slam"],"picked":"Sword Boomerang","floor":14},{"not_picked":["Bludgeon","Impervious"],"picked":"Offering","floor":16},{"not_picked":["Armaments+1","Seeing Red"],"picked":"Heavy Blade","floor":18},{"not_picked":["Pommel Strike","Body Slam+1"],"picked":"Cleave+1","floor":19},{"not_picked":["Spot Weakness","Clash"],"picked":"Sword Boomerang","floor":22}],"player_experience":19911,"relics_obtained":[{"floor":9,"key":"Potion Belt"},{"floor":13,"key":"Vajra"}],"event_choices":[{"damage_healed":0,"gold_gain":175,"player_choice":"AGREE","damage_taken":0,"max_hp_gain":0,"max_hp_loss":0,"event_name":"Liars Game","floor":7,"gold_loss":0,"cards_obtained":["Doubt"]},{"damage_healed":0,"gold_gain":0,"player_choice":"Copied","damage_taken":0,"max_hp_gain":0,"max_hp_loss":0,"event_name":"Duplicator","floor":20,"gold_loss":0,"cards_obtained":["Flex"]}],"is_beta":false,"boss_relics":[{"not_picked":["Orrery","Empty Cage"],"picked":"Philosopher\u0027s Stone"}],"items_purged_floors":[12],"is_endless":false,"potions_floor_spawned":[1,4,10,13,18,22],"killed_by":"Centurion and Healer","ascension_level":0}