{"gold_per_floor":[110,110,33,52,63,63,98,116,116,116,116,133,153,153,153,231,231,246,246,262,280,280,280,296,313,313,313,332,345,364,396,396,475,475,494,508,508,230,230,263,263,263,263,263,274,293,47,80,80,80,80,80,2,27,27],"floor_reached":56,"playtime":3461,"items_purged":["Strike_B"],"score":1948,"play_id":"5d0b8dac-54f1-4303-9dfd-567fcbbf55e5","local_time":"20190308193409","is_ascension_mode":true,"campfire_choices":[{"data":"Doom and Gloom","floor":6,"key":"SMITH"},{"data":"Redo","floor":10,"key":"SMITH"},{"data":"Streamline","floor":15,"key":"SMITH"},{"data":"Hologram","floor":23,"key":"SMITH"},{"data":"Defragment","floor":27,"key":"SMITH"},{"floor":32,"key":"REST"},{"data":"Buffer","floor":41,"key":"SMITH"},{"data":"Coolheaded","floor":44,"key":"SMITH"},{"floor":49,"key":"RECALL"},{"data":"Apotheosis","floor":52,"key":"SMITH"}],"neow_cost":"NONE","seed_source_timestamp":862877512149,"circlet_count":0,"master_deck":["AscendersBane","Strike_B","Strike_B","Strike_B","Defend_B","Defend_B","Defend_B","Zap","Dualcast","Streamline+1","Doom and Gloom+1","Glacier","Redo+1","Conserve Battery","Self Repair","Core Surge","Hologram+1","Defragment+1","Recycle+1","Consume+1","Reinforced Body","Stack+1","Buffer+1","Turbo+1","Coolheaded+1","Chill","Defragment","Compile Driver","Capacitor","Apotheosis+1","Skim","Loop","BootSequence"],"relics":["Cracked Core","NeowsBlessing","Cables","Orichalcum","Dream Catcher","Sozu","Oddly Smooth Stone","Gremlin Horn","Ginger","Inserter","Gambling Chip","Dead Branch","Bag of Preparation","Anchor","Happy Flower"],"potions_floor_usage":[16,31,40],"damage_taken":[{"damage":0,"enemies":"Cultist","floor":1,"turns":1},{"damage":0,"enemies":"2 Louse","floor":4,"turns":1},{"damage":0,"enemies":"Small Slimes","floor":5,"turns":1},{"damage":19,"enemies":"3 Sentries","floor":7,"turns":5},{"damage":0,"enemies":"2 Fungi Beasts","floor":8,"turns":2},{"damage":8,"enemies":"Red Slaver","floor":12,"turns":2},{"damage":0,"enemies":"Gremlin Gang","floor":13,"turns":1},{"damage":12,"enemies":"The Guardian","floor":16,"turns":11},{"damage":4,"enemies":"Spheric Guardian","floor":18,"turns":4},{"damage":17,"enemies":"3 Byrds","floor":20,"turns":3},{"damage":5,"enemies":"Sentry and Sphere","floor":21,"turns":6},{"damage":14,"enemies":"Snake Plant","floor":24,"turns":3},{"damage":18,"enemies":"3 Cultists","floor":25,"turns":4},{"damage":7,"enemies":"Centurion and Healer","floor":28,"turns":7},{"damage":5,"enemies":"Shelled Parasite and Fungi","floor":29,"turns":5},{"damage":0,"enemies":"Cultist and Chosen","floor":30,"turns":6},{"damage":24,"enemies":"Slavers","floor":31,"turns":5},{"damage":19,"enemies":"Automaton","floor":33,"turns":9},{"damage":3,"enemies":"3 Shapes","floor":35,"turns":4},{"damage":1,"enemies":"Orb Walker","floor":36,"turns":6},{"damage":26,"enemies":"Reptomancer","floor":40,"turns":9},{"damage":13,"enemies":"Jaw Worm Horde","floor":45,"turns":7},{"damage":0,"enemies":"3 Darklings","floor":46,"turns":8},{"damage":0,"enemies":"Giant Head","floor":48,"turns":8},{"damage":7,"enemies":"Donu and Deca","floor":50,"turns":10},{"damage":15,"enemies":"Shield and Spear","floor":54,"turns":11},{"damage":41,"enemies":"The Heart","floor":55,"turns":14}],"seed_played":"8489444263974417987","potions_obtained":[{"floor":5,"key":"Ancient Potion"},{"floor":7,"key":"PowerPotion"},{"floor":12,"key":"SkillPotion"},{"floor":16,"key":"FearPotion"}],"is_trial":false,"path_per_floor":["M","T","?","M","M","R","E","M","T","R","?","M","M","?","R","B",null,"M","T","M","M","?","R","M","M","T","R","M","M","M","E","R","B",null,"M","M","?","$","?","E","R","T","T","R","M","M","$","E","R","B",null,"R","$","E","B",null],"character_chosen":"DEFECT","items_purchased":["Coolheaded","Chill","Defragment","Apotheosis","Skim","Loop"],"campfire_rested":1,"item_purchase_floors":[38,38,38,47,47,53],"current_hp_per_floor":[64,64,64,64,64,64,45,45,45,45,45,37,37,37,37,32,61,64,64,47,49,42,42,35,24,24,24,24,19,26,9,30,18,58,55,61,61,61,61,35,35,35,35,35,29,36,36,43,43,46,62,62,62,57,26],"gold":27,"neow_bonus":"THREE_ENEMY_KILL","is_prod":false,"is_daily":false,"chose_seed":false,"campfire_upgraded":8,"win_rate":0,"timestamp":1552044849,"path_taken":["M","?","?","?","M","R","E","M","T","R","?","M","M","?","R","BOSS","M","?","M","?","?","R","M","M","T","R","M","M","?","E","R","BOSS","M","M","?","$","?","E","R","?","T","R","M","?","?","E","R","BOSS","R","$","E","BOSS"],"build_version":"2019-02-06","purchased_purges":1,"victory":true,"max_hp_per_floor":[71,71,71,71,71,71,71,71,71,71,71,71,71,71,71,71,71,71,71,71,71,71,71,71,71,71,71,71,71,71,71,71,71,71,71,71,67,67,67,67,67,67,67,67,67,67,67,67,67,67,67,67,67,67,67],"card_choices":[{"not_picked":["Redo","Turbo"],"picked":"Streamline","floor":1},{"not_picked":["BootSequence","Storm"],"picked":"Doom and Gloom","floor":4},{"not_picked":["Gash","Darkness"],"picked":"Glacier","floor":5},{"not_picked":["Hologram","Reprogram"],"picked":"Redo","floor":7},{"not_picked":["Leap","Streamline","Beam Cell"],"picked":"SKIP","floor":8},{"not_picked":["Streamline","Reprogram"],"picked":"Conserve Battery","floor":12},{"not_picked":["Gash","Steam"],"picked":"Self Repair","floor":13},{"not_picked":["All For One","Meteor Strike"],"picked":"Core Surge","floor":16},{"not_picked":["Conserve Battery","Stack"],"picked":"Hologram","floor":18},{"not_picked":["Go for the Eyes","White Noise","Turbo"],"picked":"SKIP","floor":20},{"not_picked":["Hello World","Cold Snap","Compile Driver"],"picked":"SKIP","floor":21},{"not_picked":["Chaos","Cold Snap"],"picked":"Defragment","floor":24},{"not_picked":["Genetic Algorithm","Hologram"],"picked":"Recycle+1","floor":25},{"not_picked":["Compile Driver","Hyperbeam","Cold Snap"],"picked":"SKIP","floor":28},{"not_picked":["Melter","Compile Driver"],"picked":"Consume+1","floor":29},{"not_picked":["Steam","Gash","Tempest"],"picked":"SKIP","floor":30},{"not_picked":["Steam","Gash","Tempest"],"picked":"SKIP","floor":30},{"not_picked":["Consume","Skim"],"picked":"Reinforced Body","floor":31},{"not_picked":["Consume","Tempest"],"picked":"Stack+1","floor":32},{"not_picked":["Rainbow","Seek"],"picked":"Buffer","floor":33},{"not_picked":["Turbo+1","Streamline","Stack+1"],"picked":"SKIP","floor":35},{"not_picked":["Turbo+1","Streamline","Stack+1"],"picked":"SKIP","floor":35},{"not_picked":["Streamline","Stack+1"],"picked":"Turbo+1","floor":35},{"not_picked":["FTL","Streamline","Doom and Gloom+1"],"picked":"SKIP","floor":36},{"not_picked":["Conserve Battery+1","Ball Lightning"],"picked":"Compile Driver","floor":40},{"not_picked":["Blizzard","Reboot"],"picked":"Capacitor","floor":45},{"not_picked":["Stack+1","Compile Driver","Sweeping Beam"],"picked":"SKIP","floor":46},{"not_picked":["Static Discharge","Consume","Rip and Tear"],"picked":"SKIP","floor":48},{"not_picked":["Steam Power","Chill"],"picked":"BootSequence","floor":54}],"player_experience":826519,"relics_obtained":[{"floor":2,"key":"Cables"},{"floor":7,"key":"Dream Catcher"},{"floor":19,"key":"Oddly Smooth Stone"},{"floor":26,"key":"Gremlin Horn"},{"floor":31,"key":"Ginger"},{"floor":40,"key":"Gambling Chip"},{"floor":42,"key":"Dead Branch"},{"floor":43,"key":"Bag of Preparation"},{"floor":48,"key":"Anchor"},{"floor":54,"key":"Happy Flower"}],"event_choices":[{"damage_healed":0,"gold_gain":0,"player_choice":"Paid Gold","damage_taken":0,"relics_obtained":["Orichalcum"],"max_hp_gain":0,"max_hp_loss":0,"event_name":"WeMeetAgain","floor":3,"gold_loss":77},{"damage_healed":0,"gold_gain":0,"player_choice":"Ignored","damage_taken":0,"max_hp_gain":0,"max_hp_loss":0,"event_name":"Shining Light","floor":11,"gold_loss":0},{"damage_healed":0,"gold_gain":0,"player_choice":"Leave","damage_taken":0,"max_hp_gain":0,"max_hp_loss":0,"event_name":"FaceTrader","floor":14,"gold_loss":0},{"damage_healed":0,"gold_gain":0,"player_choice":"","damage_taken":7,"max_hp_gain":0,"max_hp_loss":0,"event_name":"Knowing Skull","floor":22,"potions_obtained":[],"gold_loss":0,"cards_obtained":[]},{"damage_healed":0,"gold_gain":0,"player_choice":"Max HP","damage_taken":0,"max_hp_gain":0,"max_hp_loss":4,"event_name":"Winding Halls","floor":37,"gold_loss":0},{"cards_removed":["Defend_B"],"damage_healed":0,"gold_gain":0,"player_choice":"Removed Skill","damage_taken":0,"max_hp_gain":0,"max_hp_loss":0,"event_name":"Falling","floor":39,"gold_loss":0}],"is_beta":true,"boss_relics":[{"not_picked":["Runic Dome","Empty Cage"],"picked":"Sozu"},{"not_picked":["Busted Crown","Tiny House"],"picked":"Inserter"}],"items_purged_floors":[38],"is_endless":false,"potions_floor_spawned":[5,7,12,16,18,21,24,28,36,45,46,48],"ascension_level":15}