{"gold_per_floor":[110,110,127,127,89,116,116,116,116,116,129,143,175,190,190,190],"floor_reached":16,"playtime":1266,"items_purged":[],"score":110,"play_id":"48b5e993-1e8d-4d48-80ea-02c6a7579e23","local_time":"20180702224043","is_ascension_mode":false,"campfire_choices":[{"floor":7.0,"key":"REST"},{"data":"Entrench","floor":10.0,"key":"SMITH"},{"floor":15,"key":"REST"}],"neow_cost":"","seed_source_timestamp":0,"circlet_count":0,"master_deck":["Strike_R","Strike_R","Strike_R","Strike_R","Strike_R","Defend_R","Defend_R","Defend_R","Defend_R","Bash","Twin Strike","Perfected Strike","Decay","Sever Soul","Entrench+1","Parasite","Cleave","Metallicize","Shrug It Off","Anger"],"special_seed":0,"relics":["Burning Blood","Ice Cream","Mummified Hand","Gremlin Horn"],"potions_floor_usage":[],"damage_taken":[{"damage":3.0,"enemies":"2 Louse","floor":1.0,"turns":4.0},{"damage":8.0,"enemies":"Small Slimes","floor":3.0,"turns":3.0},{"damage":55.0,"enemies":"Gremlin Nob","floor":6.0,"turns":5.0},{"damage":16.0,"enemies":"Jaw Worm","floor":11.0,"turns":5.0},{"damage":15,"enemies":"Red Slaver","floor":12,"turns":4},{"damage":24,"enemies":"3 Sentries","floor":13,"turns":7},{"damage":8,"enemies":"Exordium Wildlife","floor":14,"turns":4},{"damage":59,"enemies":"The Guardian","floor":16,"turns":9}],"seed_played":"4734085031884007733","potions_obtained":[{"floor":6.0,"key":"GamblersBrew"},{"floor":13,"key":"Explosive Potion"}],"is_trial":false,"path_per_floor":["M","?","M","?","$","E","R","?","T","R","M","M","E","M","R"],"character_chosen":"IRONCLAD","items_purchased":["Sever Soul"],"campfire_rested":2,"item_purchase_floors":[],"current_hp_per_floor":[80,80,78,78,78,29,53,73,73,73,63,54,36,34,58,0],"gold":190,"neow_bonus":"","is_prod":false,"is_daily":false,"chose_seed":false,"campfire_upgraded":1,"win_rate":0.0,"timestamp":1530542443,"path_taken":["M","?","M","?","$","E","R","?","T","R","M","M","E","M","R","BOSS"],"build_version":"2018-06-28","purchased_purges":0,"victory":false,"max_hp_per_floor":[80,80,80,80,80,80,80,80,80,80,80,80,80,80,80,80],"card_choices":[{"not_picked":["Pommel Strike","Perfected Strike"],"picked":"Twin Strike","floor":1.0},{"not_picked":["Iron Wave","Shrug It Off"],"picked":"Perfected Strike","floor":3.0},{"not_picked":["Fire Breathing","Rupture"],"picked":"Entrench","floor":6.0},{"not_picked":["Bloodletting","Rupture"],"picked":"Cleave","floor":11},{"not_picked":["Iron Wave","Body Slam"],"picked":"Metallicize","floor":12},{"not_picked":["Double Tap","Warcry"],"picked":"Shrug It Off","floor":13},{"not_picked":["Body Slam","True Grit"],"picked":"Anger","floor":14}],"player_experience":0,"relics_obtained":[{"floor":6.0,"key":"Ice Cream"},{"floor":9.0,"key":"Mummified Hand"},{"floor":13,"key":"Gremlin Horn"}],"event_choices":[{"event_name":"Shining Light","player_choice":"Ignored","floor":2.0,"damage_taken":0.0},{"event_name":"Wheel of Change","player_choice":"Curse","floor":4.0,"damage_taken":0.0},{"event_name":"Mushrooms","player_choice":"Healed and dodged fight","floor":8.0,"damage_taken":0.0}],"boss_relics":[],"items_purged_floors":[],"is_endless":false,"potions_floor_spawned":[6,13],"killed_by":"The Guardian","ascension_level":0}