{"gold_per_floor":[117,117,133,5,22,22,49,59,59,89,89],"floor_reached":11,"playtime":296,"items_purged":[],"score":139,"play_id":"651022f8-e15a-4ada-bd03-8f2725e98e01","local_time":"20181117182604","is_ascension_mode":true,"campfire_choices":[{"data":"Dagger Spray","floor":6.0,"key":"SMITH"}],"neow_cost":"NONE","seed_source_timestamp":24256870759218,"circlet_count":0,"master_deck":["AscendersBane","Defend_G","Defend_G","Defend_G","Defend_G","Defend_G","Strike_G","Strike_G","Strike_G","Strike_G","Survivor","Neutralize","Bouncing Flask","Backstab","Malaise","Backflip","Dagger Spray+1","Masterful Stab","Catalyst"],"special_seed":0,"relics":["Ring of the Snake","NeowsBlessing","Blue Candle","Pantograph"],"potions_floor_usage":[],"damage_taken":[{"damage":0.0,"enemies":"Small Slimes","floor":1.0,"turns":1.0},{"damage":0.0,"enemies":"Cultist","floor":3.0,"turns":1.0},{"damage":0.0,"enemies":"Jaw Worm","floor":5.0,"turns":1.0},{"damage":44.0,"enemies":"3 Sentries","floor":7.0,"turns":11.0},{"damage":1.0,"enemies":"Looter","floor":8.0,"turns":3.0},{"damage":10,"enemies":"Exordium Thugs","floor":11,"turns":2}],"seed_played":"-1674135510403506630","potions_obtained":[{"floor":5.0,"key":"LiquidBronze"},{"floor":7.0,"key":"Poison Potion"}],"is_trial":false,"path_per_floor":["M","?","M","$","M","R","E","M","T","?","M"],"character_chosen":"THE_SILENT","items_purchased":["Malaise","Backflip"],"campfire_rested":0,"item_purchase_floors":[4,4],"current_hp_per_floor":[59,59,59,59,59,59,15,14,14,14,4],"gold":89,"neow_bonus":"THREE_ENEMY_KILL","is_prod":false,"is_daily":false,"chose_seed":false,"campfire_upgraded":1,"win_rate":0,"timestamp":1542450364,"path_taken":["M","?","M","?","?","R","E","M","T","?","M"],"build_version":"2018-11-15","purchased_purges":0,"victory":false,"max_hp_per_floor":[66,66,66,66,66,66,66,66,66,66,66],"card_choices":[{"not_picked":["Dagger Throw","Prepared"],"picked":"Bouncing Flask","floor":1.0},{"not_picked":["Underhanded Strike","PiercingWail"],"picked":"Backstab","floor":3.0},{"not_picked":["Deflect","Slice"],"picked":"Dagger Spray","floor":5.0},{"not_picked":["Acrobatics","Eviscerate"],"picked":"Masterful Stab","floor":7.0},{"not_picked":["Skewer","Poisoned Stab"],"picked":"Catalyst","floor":8.0}],"player_experience":548366,"relics_obtained":[{"floor":7.0,"key":"Blue Candle"},{"floor":9.0,"key":"Pantograph"}],"event_choices":[{"cards_removed":["Strike_G"],"damage_healed":0.0,"max_hp_gain":0.0,"max_hp_loss":0.0,"gold_gain":0.0,"event_name":"Bonfire Elementals","player_choice":"Offered Basic","floor":2.0,"gold_loss":0.0,"damage_taken":0.0},{"damage_healed":0,"gold_gain":30,"player_choice":"Searched \u00271\u0027 times","damage_taken":0,"max_hp_gain":0,"max_hp_loss":0,"event_name":"Dead Adventurer","floor":10,"gold_loss":0}],"is_beta":true,"boss_relics":[],"items_purged_floors":[],"is_endless":false,"potions_floor_spawned":[5,7,8],"killed_by":"Exordium Thugs","ascension_level":18}