{"gold_per_floor":[114,114,2,12,12,47,63,63,63,81,81,106,119,119,119,192,192,206,206,225,325,325,325,359,359,409,425,439,280,290,300,300,375,375,395,345,345,355,355,380,380,480,480,480,499,499,499,515,515,515],"floor_reached":50,"playtime":2612,"items_purged":["Strike_B","Strike_B","Strike_B"],"score":1054,"play_id":"0bfb7636-cd58-4afc-92e0-aacc6d627a3b","local_time":"20181104134721","is_ascension_mode":true,"campfire_choices":[{"data":"Darkness","floor":8.0,"key":"SMITH"},{"data":"Reinforced Body","floor":11.0,"key":"SMITH"},{"data":"Dualcast","floor":15.0,"key":"SMITH"},{"data":"Redo","floor":23.0,"key":"SMITH"},{"floor":25.0,"key":"REST"},{"data":"Fission","floor":32.0,"key":"SMITH"},{"data":"Darkness","floor":41.0,"key":"SMITH"},{"data":"Seek","floor":44.0,"key":"SMITH"},{"data":"Multi-Cast","floor":49,"key":"SMITH"}],"neow_cost":"NONE","seed_source_timestamp":6046438915329,"circlet_count":0,"master_deck":["AscendersBane","Strike_B","Defend_B+1","Defend_B+1","Defend_B+1","Defend_B","Zap+1","Dualcast+1","Doom and Gloom","Reinforced Body+1","Melter","Self Repair+1","Darkness+1","Chill","Undo","Multi-Cast+1","Redo+1","Leap+1","Fission+1","Stack","Glacier","Seek+1","Darkness+1","Core Surge","Skim+1"],"special_seed":0,"relics":["Cracked Core","NeowsBlessing","Pantograph","War Paint","Happy Flower","Anchor","Runic Dome","Dead Branch","Letter Opener","MutagenicStrength","Bottled Tornado","Smiling Mask","Coffee Dripper","Juzu Bracelet","Nunchaku","Omamori"],"potions_floor_usage":[50,50],"damage_taken":[{"damage":0.0,"enemies":"Jaw Worm","floor":1.0,"turns":1.0},{"damage":0.0,"enemies":"Cultist","floor":4.0,"turns":1.0},{"damage":0.0,"enemies":"Gremlin Nob","floor":6.0,"turns":1.0},{"damage":0.0,"enemies":"Small Slimes","floor":7.0,"turns":2.0},{"damage":7.0,"enemies":"2 Fungi Beasts","floor":10.0,"turns":3.0},{"damage":11.0,"enemies":"3 Sentries","floor":12.0,"turns":5.0},{"damage":26.0,"enemies":"Looter","floor":13.0,"turns":4.0},{"damage":27.0,"enemies":"Hexaghost","floor":16.0,"turns":11.0},{"damage":11.0,"enemies":"2 Thieves","floor":18.0,"turns":4.0},{"damage":9.0,"enemies":"Shell Parasite","floor":20.0,"turns":4.0},{"damage":13.0,"enemies":"Colosseum Slavers","floor":21.0,"turns":4.0},{"damage":0.0,"enemies":"Colosseum Nobs","floor":21.0,"turns":3.0},{"damage":43.0,"enemies":"Gremlin Leader","floor":24.0,"turns":6.0},{"damage":11.0,"enemies":"Centurion and Healer","floor":27.0,"turns":6.0},{"damage":2.0,"enemies":"Snake Plant","floor":28.0,"turns":3.0},{"damage":16.0,"enemies":"Snecko","floor":30.0,"turns":5.0},{"damage":2.0,"enemies":"Centurion and Healer","floor":31.0,"turns":5.0},{"damage":12.0,"enemies":"Champ","floor":33.0,"turns":10.0},{"damage":43.0,"enemies":"3 Darklings","floor":35.0,"turns":4.0},{"damage":0.0,"enemies":"Orb Walker","floor":38.0,"turns":3.0},{"damage":20.0,"enemies":"Reptomancer","floor":40.0,"turns":6.0},{"damage":0.0,"enemies":"Mind Bloom Boss Battle","floor":42.0,"turns":3.0},{"damage":25.0,"enemies":"Maw","floor":45.0,"turns":7.0},{"damage":0.0,"enemies":"Transient","floor":47.0,"turns":1.0},{"damage":0,"enemies":"Jaw Worm Horde","floor":48,"turns":3},{"damage":76,"enemies":"Time Eater","floor":50,"turns":8}],"seed_played":"4501551855199990896","potions_obtained":[{"floor":4.0,"key":"PowerPotion"},{"floor":6.0,"key":"SpeedPotion"},{"floor":24.0,"key":"Swift Potion"},{"floor":27.0,"key":"LiquidBronze"},{"floor":28.0,"key":"Block Potion"},{"floor":31.0,"key":"PowerPotion"},{"floor":42.0,"key":"PowerPotion"},{"floor":48,"key":"PowerPotion"}],"is_trial":false,"path_per_floor":["M","?","$","M","?","E","E","M","R","T","M","R","E","M","?","R","B",null,"M","?","M","?","?","R","E","R","T","M","M","$","M","M","R","B",null,"M","$","?","M","?","E","R","?","T","R","M","?","M","M","R","B"],"character_chosen":"DEFECT","items_purchased":["Reinforced Body","SmokeBomb"],"campfire_rested":1,"item_purchase_floors":[3,29],"current_hp_per_floor":[64,53,53,53,53,53,53,53,53,53,53,49,30,9,9,17,58,57,57,58,55,55,55,22,43,43,42,50,50,44,52,52,69,71,38,38,38,48,48,38,38,71,71,71,56,56,56,66,66,0],"gold":515,"neow_bonus":"THREE_ENEMY_KILL","is_prod":false,"is_daily":false,"chose_seed":false,"campfire_upgraded":8,"win_rate":0,"timestamp":1541310441,"path_taken":["M","?","$","M","?","E","?","R","T","M","R","E","?","?","R","BOSS","M","?","M","?","?","R","E","R","T","M","M","$","M","M","R","BOSS","M","$","?","M","?","E","R","?","T","R","M","?","M","M","R","BOSS"],"build_version":"2018-11-02","purchased_purges":3,"victory":false,"max_hp_per_floor":[71,71,71,71,71,71,71,71,71,71,71,71,71,71,71,71,71,71,71,71,71,71,71,71,71,71,71,71,71,71,71,71,71,71,71,71,71,71,71,71,71,71,71,71,71,67,67,67,67,67],"card_choices":[{"not_picked":["Conserve Battery","Stack"],"picked":"Doom and Gloom","floor":1.0},{"not_picked":["Sweeping Beam","Rebound"],"picked":"Melter","floor":4.0},{"not_picked":["Chaos","Ball Lightning"],"picked":"Self Repair","floor":6.0},{"not_picked":["Turbo","Chaos"],"picked":"Darkness","floor":7.0},{"not_picked":["Stack","Steam"],"picked":"Chill","floor":10.0},{"not_picked":["Doom and Gloom","Double Energy","Self Repair"],"picked":"SKIP","floor":12.0},{"not_picked":["Genetic Algorithm","Conserve Battery"],"picked":"Undo","floor":13.0},{"not_picked":["Core Surge","Buffer"],"picked":"Multi-Cast","floor":16.0},{"not_picked":["Aggregate","Barrage"],"picked":"Redo","floor":18.0},{"not_picked":["Conserve Battery","Streamline"],"picked":"Leap+1","floor":20.0},{"not_picked":["Self Repair","Reprogram"],"picked":"Fission","floor":24.0},{"not_picked":["Reinforced Body","Hologram"],"picked":"Stack","floor":27.0},{"not_picked":["Turbo","Ball Lightning"],"picked":"Glacier","floor":28.0},{"not_picked":["Streamline","Recycle","Steam"],"picked":"SKIP","floor":30.0},{"not_picked":["Turbo","Steam","Hello World+1"],"picked":"SKIP","floor":31.0},{"not_picked":["Fission","Rainbow"],"picked":"Seek","floor":33.0},{"not_picked":["Compile Driver","Beam Cell","Chill"],"picked":"SKIP","floor":35.0},{"not_picked":["Conserve Battery","Rebound","Streamline+1"],"picked":"SKIP","floor":38.0},{"not_picked":["Go for the Eyes","Barrage"],"picked":"Darkness","floor":40.0},{"not_picked":["Aggregate","Leap"],"picked":"Core Surge","floor":42.0},{"not_picked":["Beam Cell","Gash"],"picked":"Skim+1","floor":45.0},{"not_picked":["Stack","Ball Lightning","Steam"],"picked":"SKIP","floor":48}],"player_experience":495245,"relics_obtained":[{"floor":6.0,"key":"War Paint"},{"floor":9.0,"key":"Happy Flower"},{"floor":12.0,"key":"Anchor"},{"floor":21.0,"key":"Dead Branch"},{"floor":21.0,"key":"Letter Opener"},{"floor":24.0,"key":"Bottled Tornado"},{"floor":26.0,"key":"Smiling Mask"},{"floor":40.0,"key":"Juzu Bracelet"},{"floor":42.0,"key":"Nunchaku"},{"floor":43.0,"key":"Omamori"}],"event_choices":[{"damage_healed":0.0,"max_hp_gain":0.0,"max_hp_loss":0.0,"gold_gain":0.0,"event_name":"Scrap Ooze","player_choice":"Success","floor":2.0,"gold_loss":0.0,"damage_taken":11.0,"relics_obtained":["Pantograph"]},{"damage_healed":0.0,"max_hp_gain":0.0,"max_hp_loss":0.0,"gold_gain":0.0,"event_name":"Accursed Blacksmith","player_choice":"Forge","floor":5.0,"gold_loss":0.0,"damage_taken":0.0,"cards_upgraded":["Zap"]},{"damage_healed":0.0,"max_hp_gain":0.0,"max_hp_loss":0.0,"gold_gain":0.0,"event_name":"Shining Light","player_choice":"Entered Light","floor":14.0,"gold_loss":0.0,"damage_taken":21.0,"cards_upgraded":["Self Repair","Defend_B"]},{"damage_healed":0.0,"max_hp_gain":0.0,"max_hp_loss":0.0,"gold_gain":0.0,"event_name":"The Mausoleum","player_choice":"Ignored","floor":19.0,"gold_loss":0.0,"damage_taken":0.0},{"damage_healed":0.0,"max_hp_gain":0.0,"max_hp_loss":0.0,"gold_gain":0.0,"event_name":"Colosseum","player_choice":"Fight","floor":21.0,"gold_loss":0.0,"damage_taken":0.0},{"damage_healed":0.0,"max_hp_gain":0.0,"max_hp_loss":0.0,"gold_gain":0.0,"event_name":"Colosseum","player_choice":"Fought Nobs","floor":21.0,"gold_loss":0.0,"damage_taken":0.0},{"damage_healed":0.0,"max_hp_gain":0.0,"max_hp_loss":0.0,"gold_gain":0.0,"event_name":"Drug Dealer","player_choice":"Inject Mutagens","floor":22.0,"gold_loss":0.0,"damage_taken":0.0,"relics_obtained":["MutagenicStrength"]},{"damage_healed":0.0,"max_hp_gain":0.0,"max_hp_loss":0.0,"gold_gain":0.0,"event_name":"SensoryStone","player_choice":"Memory 1","floor":37.0,"gold_loss":0.0,"damage_taken":0.0},{"damage_healed":0.0,"max_hp_gain":0.0,"max_hp_loss":0.0,"gold_gain":0.0,"event_name":"Mysterious Sphere","player_choice":"Ignored","floor":39.0,"gold_loss":0.0,"damage_taken":0.0},{"damage_healed":0.0,"max_hp_gain":0.0,"max_hp_loss":0.0,"gold_gain":0.0,"event_name":"MindBloom","player_choice":"Fight","floor":42.0,"gold_loss":0.0,"damage_taken":0.0},{"damage_healed":0.0,"max_hp_gain":0.0,"max_hp_loss":4.0,"gold_gain":0.0,"event_name":"Winding Halls","player_choice":"Max HP","floor":46.0,"gold_loss":0.0,"damage_taken":0.0}],"is_beta":true,"boss_relics":[{"not_picked":["Pandora\u0027s Box","FrozenCore"],"picked":"Runic Dome"},{"not_picked":["Snecko Eye","Busted Crown"],"picked":"Coffee Dripper"}],"items_purged_floors":[3,29,36],"is_endless":false,"potions_floor_spawned":[4,6,10,12,21,24,27,28,31,33,35,42,45,48],"killed_by":"Time Eater","ascension_level":20}