{"gold_per_floor":[212,232,7,19,19,19,49,49,49,65,65,65,65,140,140,216,216,231,231],"floor_reached":19,"playtime":721,"items_purged":["Strike_G"],"score":292,"play_id":"072ff9a9-37de-4e6c-a9f1-08498a8851c9","local_time":"20190310150642","is_ascension_mode":true,"campfire_choices":[{"data":"Bouncing Flask","floor":6.0,"key":"SMITH"},{"data":"Neutralize","floor":8.0,"key":"SMITH"},{"data":"Burst","floor":11.0,"key":"SMITH"},{"data":"Parasite","floor":15.0,"key":"PURGE"}],"neow_cost":"NONE","seed_source_timestamp":9108663825028,"circlet_count":0,"master_deck":["AscendersBane","Defend_G","Defend_G","Defend_G","Defend_G","Defend_G","Strike_G","Strike_G","Strike_G","Survivor","Neutralize+1","Bouncing Flask+1","Burst+1","PiercingWail","Heel Hook","Bullet Time"],"special_seed":0,"relics":["Ring of the Snake","Peace Pipe","Frozen Egg 2","Velvet Choker"],"potions_floor_usage":[19],"damage_taken":[{"damage":1.0,"enemies":"Jaw Worm","floor":1.0,"turns":5.0},{"damage":3.0,"enemies":"Cultist","floor":2.0,"turns":5.0},{"damage":0.0,"enemies":"2 Louse","floor":4.0,"turns":3.0},{"damage":24.0,"enemies":"Lagavulin","floor":7.0,"turns":7.0},{"damage":2.0,"enemies":"Looter","floor":10.0,"turns":4.0},{"damage":0.0,"enemies":"Exordium Thugs","floor":12.0,"turns":1.0},{"damage":9.0,"enemies":"Hexaghost","floor":16.0,"turns":8.0},{"damage":30.0,"enemies":"3 Byrds","floor":18.0,"turns":6.0},{"damage":7,"enemies":"Masked Bandits","floor":19,"turns":3}],"seed_played":"8156698405585072993","potions_obtained":[{"floor":2.0,"key":"SmokeBomb"},{"floor":16.0,"key":"GamblersBrew"}],"is_trial":false,"path_per_floor":["M","M","$","M","?","R","E","R","T","M","R","M","?","?","R","B",null,"M","?"],"character_chosen":"THE_SILENT","items_purchased":["Burst"],"campfire_rested":0,"item_purchase_floors":[3],"current_hp_per_floor":[58,55,55,55,55,55,31,31,31,29,29,29,45,34,34,25,54,24,17],"gold":231,"neow_bonus":"HUNDRED_GOLD","is_prod":false,"is_daily":false,"chose_seed":false,"campfire_upgraded":3,"win_rate":0,"timestamp":1552201602,"path_taken":["M","M","$","M","?","R","E","R","T","M","R","?","?","?","R","BOSS","M","?"],"build_version":"2019-02-06","purchased_purges":1,"victory":false,"max_hp_per_floor":[66,66,66,66,66,66,66,66,66,66,66,66,66,66,63,63,63,63,63],"card_choices":[{"not_picked":["Sucker Punch","Outmaneuver","Cloak And Dagger"],"picked":"SKIP","floor":1.0},{"not_picked":["Dodge and Roll","Eviscerate"],"picked":"Bouncing Flask","floor":2.0},{"not_picked":["PiercingWail","Flechettes","Quick Slash"],"picked":"SKIP","floor":4.0},{"not_picked":["Flechettes","Quick Slash"],"picked":"PiercingWail","floor":4.0},{"not_picked":["Prepared","Dagger Spray","Underhanded Strike"],"picked":"SKIP","floor":7.0},{"not_picked":["Deflect","Terror","Underhanded Strike"],"picked":"SKIP","floor":10.0},{"not_picked":["Envenom+1","Unload"],"picked":"Bullet Time","floor":16.0},{"not_picked":["Prepared","Deflect+1","Blade Dance"],"picked":"SKIP","floor":18.0}],"player_experience":850884,"relics_obtained":[{"floor":7.0,"key":"Peace Pipe"},{"floor":9.0,"key":"Frozen Egg 2"}],"event_choices":[{"damage_healed":0.0,"max_hp_gain":0.0,"max_hp_loss":0.0,"gold_gain":0.0,"cards_transformed":["Strike_G"],"event_name":"Transmorgrifier","player_choice":"Transformed","floor":5.0,"gold_loss":0.0,"damage_taken":0.0,"cards_obtained":["Heel Hook"]},{"damage_healed":16.0,"max_hp_gain":0.0,"max_hp_loss":0.0,"gold_gain":0.0,"event_name":"Mushrooms","player_choice":"Healed and dodged fight","floor":13.0,"gold_loss":0.0,"damage_taken":0.0,"cards_obtained":["Parasite"]},{"damage_healed":0.0,"max_hp_gain":0.0,"max_hp_loss":0.0,"gold_gain":75.0,"event_name":"World of Goop","player_choice":"Gather Gold","floor":14.0,"gold_loss":0.0,"damage_taken":11.0},{"damage_healed":0,"gold_gain":0,"player_choice":"Fought Bandits","damage_taken":0,"max_hp_gain":0,"max_hp_loss":0,"event_name":"Masked Bandits","floor":19,"gold_loss":0}],"is_beta":true,"boss_relics":[{"not_picked":["HoveringKite","Calling Bell"],"picked":"Velvet Choker"}],"items_purged_floors":[3],"is_endless":false,"potions_floor_spawned":[2,12,16],"killed_by":"Masked Bandits","ascension_level":15}