{"gold_per_floor":[118,66,86,98,111,111,122,122,171,202,220,220,15,33,33,33],"floor_reached":16,"playtime":414,"items_purged":[],"score":208,"play_id":"321a6a97-dbe4-4eb5-8cf1-d614462444a1","local_time":"20190414133528","is_ascension_mode":true,"campfire_choices":[{"data":"ReplayTheSpireMod:Omega Cannon","floor":6.0,"key":"SMITH"},{"data":"Trip","floor":8.0,"key":"SMITH"},{"data":"Hologram","floor":12.0,"key":"SMITH"},{"data":"Chaos","floor":15.0,"key":"SMITH"}],"neow_cost":"NONE","seed_source_timestamp":8744703685790,"circlet_count":0,"master_deck":["AscendersBane","Strike_B","Strike_B","Strike_B","Strike_B","Defend_B","Defend_B","Defend_B","Defend_B","Zap","Dualcast","Trip+1","Coolheaded","Cold Snap","Hologram+1","ReplayTheSpireMod:Omega Cannon+1","Self Repair","Biased Cognition+1","Chaos+1","ReplayTheSpireMod:System Scan"],"special_seed":0,"relics":["Cracked Core","Quantum Egg","Bag of Marbles","Dream Catcher"],"potions_floor_usage":[16],"damage_taken":[{"damage":2.0,"enemies":"Jaw Worm","floor":1.0,"turns":2.0},{"damage":0.0,"enemies":"Cultist","floor":3.0,"turns":2.0},{"damage":0.0,"enemies":"2 Louse","floor":4.0,"turns":2.0},{"damage":18.0,"enemies":"2 Fungi Beasts","floor":5.0,"turns":4.0},{"damage":6.0,"enemies":"Blue Slaver","floor":7.0,"turns":2.0},{"damage":3.0,"enemies":"3 Sentries","floor":10.0,"turns":2.0},{"damage":0.0,"enemies":"Exordium Wildlife","floor":11.0,"turns":1.0},{"damage":0.0,"enemies":"Looter","floor":14.0,"turns":1.0},{"damage":40,"enemies":"Hexaghost","floor":16,"turns":9}],"seed_played":"-1552766666172881599","potions_obtained":[{"floor":1.0,"key":"Reflective Coating"},{"floor":5.0,"key":"Dexterity Potion"},{"floor":11.0,"key":"Swift Potion"}],"is_trial":false,"path_per_floor":["M","?","M","M","M","R","M","R","T","E","M","R","$","M","R","B"],"character_chosen":"DEFECT","items_purchased":["Biased Cognition+1","Chaos"],"campfire_rested":0,"item_purchase_floors":[13,13],"current_hp_per_floor":[62,62,62,62,44,44,38,38,38,35,35,35,35,35,35,0],"gold":33,"neow_bonus":"RANDOM_COLORLESS","is_prod":false,"is_daily":false,"chose_seed":false,"campfire_upgraded":4,"win_rate":0,"timestamp":1555220128,"path_taken":["M","?","?","M","M","R","M","R","T","E","M","R","$","M","R","BOSS"],"build_version":"2019-01-23","purchased_purges":0,"victory":false,"max_hp_per_floor":[71,71,71,71,71,71,71,71,71,71,71,71,71,71,71,71],"card_choices":[{"not_picked":["Stack","BasicCrystalCard"],"picked":"Coolheaded","floor":1.0},{"not_picked":["Conserve Battery","Coolheaded"],"picked":"Cold Snap","floor":3.0},{"not_picked":["Cold Snap","Redo"],"picked":"Hologram","floor":4.0},{"not_picked":["Scrape","Streamline"],"picked":"ReplayTheSpireMod:Omega Cannon","floor":5.0},{"not_picked":["Conserve Battery","Compile Driver","Leap"],"picked":"SKIP","floor":7.0},{"not_picked":["Sweeping Beam","Heatsinks"],"picked":"Self Repair","floor":10.0},{"not_picked":["Coolheaded","Steam Power","Turbo"],"picked":"SKIP","floor":11.0},{"not_picked":["Hello World","Beam Cell"],"picked":"ReplayTheSpireMod:System Scan","floor":14.0}],"player_experience":945028,"relics_obtained":[{"floor":9.0,"key":"Bag of Marbles"},{"floor":10.0,"key":"Dream Catcher"}],"event_choices":[{"damage_healed":0.0,"max_hp_gain":0.0,"max_hp_loss":0.0,"gold_gain":0.0,"event_name":"WeMeetAgain","player_choice":"Paid Gold","floor":2.0,"gold_loss":52.0,"damage_taken":0.0,"relics_obtained":["Quantum Egg"]}],"is_beta":false,"boss_relics":[],"items_purged_floors":[],"is_endless":false,"potions_floor_spawned":[1,5,10,11],"killed_by":"Hexaghost","ascension_level":20}