{"gold_per_floor":[117,136,136,7,7,42,42,70,70,70,70,70,70,95,95,226,226,247,247,36,52,67,67,82,101,128,169,169,187,218,243,243,243],"floor_reached":33,"playtime":1673,"items_purged":[],"score":592,"play_id":"91a71627-aa20-46ab-a173-b1f350a3cf14","local_time":"20181026221901","is_ascension_mode":true,"campfire_choices":[{"data":"Catalyst","floor":7.0,"key":"SMITH"},{"data":"Deadly Poison","floor":10.0,"key":"SMITH"},{"floor":13.0,"key":"REST"},{"data":"Survivor","floor":15.0,"key":"SMITH"},{"data":"Footwork","floor":23.0,"key":"SMITH"},{"floor":32.0,"key":"REST"}],"neow_cost":"NONE","seed_source_timestamp":0,"circlet_count":0,"master_deck":["Defend_G+1","Defend_G+1","Defend_G+1","Defend_G+1","Defend_G+1","Strike_G+1","Strike_G+1","Strike_G+1","Strike_G+1","Strike_G+1","Survivor+1","Neutralize+1","AscendersBane","Deadly Poison+1","Catalyst+1","Masterful Stab","Adrenaline","Catalyst","Footwork+1","Poisoned Stab","Deadly Poison","Footwork","PiercingWail"],"special_seed":0,"relics":["Ring of the Snake","Thread and Needle","Boot","Golden Idol","Runic Dome","Bag of Preparation","The Courier","Bronze Scales"],"potions_floor_usage":[33,33],"damage_taken":[{"damage":0.0,"enemies":"Cultist","floor":1.0,"turns":5.0},{"damage":2.0,"enemies":"2 Louse","floor":2.0,"turns":2.0},{"damage":25.0,"enemies":"Gremlin Nob","floor":6.0,"turns":5.0},{"damage":27.0,"enemies":"3 Sentries","floor":8.0,"turns":13.0},{"damage":13.0,"enemies":"Small Slimes","floor":14.0,"turns":6.0},{"damage":0.0,"enemies":"Hexaghost","floor":16.0,"turns":6.0},{"damage":6.0,"enemies":"Spheric Guardian","floor":18.0,"turns":5.0},{"damage":1.0,"enemies":"3 Byrds","floor":21.0,"turns":6.0},{"damage":2.0,"enemies":"Centurion and Healer","floor":22.0,"turns":7.0},{"damage":5.0,"enemies":"3 Cultists","floor":24.0,"turns":7.0},{"damage":13.0,"enemies":"Cultist and Chosen","floor":25.0,"turns":8.0},{"damage":1.0,"enemies":"Gremlin Leader","floor":27.0,"turns":5.0},{"damage":11.0,"enemies":"Shelled Parasite and Fungi","floor":29.0,"turns":5.0},{"damage":0.0,"enemies":"Book of Stabbing","floor":30.0,"turns":3.0},{"damage":4.0,"enemies":"Snecko","floor":31.0,"turns":3.0},{"damage":46,"enemies":"Collector","floor":33,"turns":6}],"seed_played":"-4743309968173542050","potions_obtained":[{"floor":6.0,"key":"SneckoOil"},{"floor":8.0,"key":"SkillPotion"},{"floor":14.0,"key":"PowerPotion"},{"floor":16.0,"key":"Block Potion"},{"floor":24.0,"key":"Energy Potion"},{"floor":29.0,"key":"SteroidPotion"},{"floor":30.0,"key":"Explosive Potion"},{"floor":31.0,"key":"Weak Potion"}],"is_trial":false,"path_per_floor":["M","M","?","$","?","E","R","E","T","R","$","?","R","M","R","B",null,"M","?","$","M","M","R","M","M","T","E","?","M","E","M","R"],"character_chosen":"THE_SILENT","items_purchased":["Catalyst","SkillPotion","GhostInAJar","Footwork","Poisoned Stab"],"campfire_rested":2,"item_purchase_floors":[4,4,20,20,20],"current_hp_per_floor":[63,61,61,61,61,36,36,9,9,9,9,9,28,15,15,15,53,47,47,47,46,44,44,39,26,26,25,25,14,14,10,29,0],"gold":243,"neow_bonus":"UPGRADE_CARD","is_prod":false,"is_daily":false,"chose_seed":false,"campfire_upgraded":4,"win_rate":0,"timestamp":1540563541,"path_taken":["M","M","?","$","?","E","R","E","T","R","$","?","R","M","R","BOSS","M","?","?","M","M","R","M","M","T","E","?","M","E","?","R","BOSS"],"build_version":"2018-10-25v2","purchased_purges":0,"victory":false,"max_hp_per_floor":[70,70,70,70,70,70,70,70,70,70,70,65,65,65,65,65,65,65,65,65,65,65,65,65,65,65,65,65,65,65,65,65,65],"card_choices":[{"not_picked":["Quick Slash","Finisher","Outmaneuver"],"picked":"SKIP","floor":1.0},{"not_picked":["Dodge and Roll","Prepared"],"picked":"Deadly Poison","floor":2.0},{"not_picked":["Dagger Throw","Expertise"],"picked":"Masterful Stab","floor":6.0},{"not_picked":["Unload","Underhanded Strike","Prepared"],"picked":"SKIP","floor":8.0},{"not_picked":["Sucker Punch","Tactician","Blade Dance"],"picked":"SKIP","floor":14.0},{"not_picked":["Envenom","Storm of Steel"],"picked":"Adrenaline","floor":16.0},{"not_picked":["Sucker Punch","Poisoned Stab"],"picked":"Catalyst","floor":18.0},{"not_picked":["Blade Dance","Dagger Throw","Cloak And Dagger"],"picked":"SKIP","floor":21.0},{"not_picked":["Deflect","Dodge and Roll","Blade Dance"],"picked":"SKIP","floor":22.0},{"not_picked":["Slice","Acrobatics","Caltrops"],"picked":"SKIP","floor":24.0},{"not_picked":["Dodge and Roll+1","Backflip"],"picked":"Deadly Poison","floor":25.0},{"not_picked":["Envenom","Tactician","Unload"],"picked":"SKIP","floor":27.0},{"not_picked":["Skewer","Dash"],"picked":"Footwork","floor":29.0},{"not_picked":["Dagger Throw","Setup"],"picked":"PiercingWail","floor":30.0},{"not_picked":["Predator","Backstab","Dodge and Roll"],"picked":"SKIP","floor":31.0}],"player_experience":461297,"relics_obtained":[{"floor":8.0,"key":"Thread and Needle"},{"floor":9.0,"key":"Boot"},{"floor":26.0,"key":"Bag of Preparation"},{"floor":27.0,"key":"The Courier"},{"floor":30.0,"key":"Bronze Scales"}],"event_choices":[{"damage_healed":0.0,"max_hp_gain":0.0,"max_hp_loss":0.0,"gold_gain":0.0,"event_name":"Shining Light","player_choice":"Ignored","floor":3.0,"gold_loss":0.0,"damage_taken":0.0},{"damage_healed":0.0,"max_hp_gain":0.0,"max_hp_loss":0.0,"gold_gain":0.0,"event_name":"Scrap Ooze","player_choice":"Fled","floor":5.0,"gold_loss":0.0,"damage_taken":0.0},{"damage_healed":0.0,"max_hp_gain":0.0,"max_hp_loss":5.0,"gold_gain":0.0,"event_name":"Golden Idol","player_choice":"Lose Max HP","floor":12.0,"gold_loss":0.0,"damage_taken":0.0,"relics_obtained":["Golden Idol"]},{"damage_healed":0.0,"max_hp_gain":0.0,"max_hp_loss":0.0,"gold_gain":0.0,"event_name":"Cursed Tome","player_choice":"Ignored","floor":19.0,"gold_loss":0.0,"damage_taken":0.0},{"damage_healed":0.0,"max_hp_gain":0.0,"max_hp_loss":0.0,"gold_gain":0.0,"event_name":"Back to Basics","player_choice":"Simplicity","floor":28.0,"gold_loss":0.0,"damage_taken":0.0,"cards_upgraded":["Defend_G","Defend_G","Defend_G","Defend_G","Defend_G","Strike_G","Strike_G","Strike_G","Strike_G","Strike_G"]}],"is_beta":true,"boss_relics":[{"not_picked":["White Beast Statue","Eternal Feather"],"picked":"Runic Dome"}],"items_purged_floors":[],"is_endless":false,"potions_floor_spawned":[6,8,14,16,18,24,29,30,31],"killed_by":"Collector","ascension_level":12}