{"gold_per_floor":[110,121,136,82,95,126,126,201,278,295,17,17,32,32,32,32],"floor_reached":16,"playtime":622,"items_purged":[],"score":163,"play_id":"dbb538aa-63f4-42c2-9b0f-14453a02da5c","local_time":"20180831091414","is_ascension_mode":true,"campfire_choices":[{"floor":7,"key":"REST"},{"data":"White Noise","floor":15,"key":"SMITH"}],"neow_cost":"PERCENT_DAMAGE","seed_source_timestamp":0,"circlet_count":0,"master_deck":["Strike_B","Strike_B","Strike_B","Strike_B","Defend_B","Defend_B","Defend_B","Defend_B","Zap","Dualcast","AscendersBane","Leap","White Noise+1","Ball Lightning","Compile Driver","Doom and Gloom","Auto Shields","Glacier","Capacitor","Rip and Tear"],"special_seed":0,"relics":["Cracked Core","Shovel","Bottled Flame","Chemical X","GremlinMask"],"potions_floor_usage":[6],"damage_taken":[{"damage":1.0,"enemies":"Cultist","floor":1.0,"turns":3.0},{"damage":7.0,"enemies":"Small Slimes","floor":2.0,"turns":3.0},{"damage":3,"enemies":"Jaw Worm","floor":3,"turns":3},{"damage":17,"enemies":"Exordium Thugs","floor":5,"turns":5},{"damage":26,"enemies":"Gremlin Nob","floor":6,"turns":4},{"damage":5,"enemies":"Red Slaver","floor":10,"turns":3},{"damage":0,"enemies":"Large Slime","floor":13,"turns":4},{"damage":43,"enemies":"Slime Boss","floor":16,"turns":8}],"seed_played":"1416825246717439503","potions_obtained":[{"floor":3,"key":"FearPotion"},{"floor":5,"key":"Block Potion"},{"floor":13,"key":"Energy Potion"}],"is_trial":false,"path_per_floor":["M","M","M","$","M","E","R","?","T","M","$","?","M","?","R"],"character_chosen":"DEFECT","items_purchased":["Compile Driver","Capacitor","Chemical X"],"campfire_rested":1,"item_purchase_floors":[4,11,11],"current_hp_per_floor":[57,50,47,47,30,4,30,19,19,14,14,14,14,43,43,0],"gold":32,"neow_bonus":"TWENTY_PERCENT_HP_BONUS","is_prod":false,"is_daily":false,"chose_seed":false,"campfire_upgraded":1,"win_rate":0,"timestamp":1535678054,"path_taken":["M","M","M","$","M","E","R","?","T","?","$","?","M","?","R","BOSS"],"build_version":"2018-08-29","purchased_purges":0,"victory":false,"max_hp_per_floor":[89,89,89,89,89,89,89,89,89,89,89,89,89,89,89,89],"card_choices":[{"not_picked":["Scrape","Loop"],"picked":"Leap","floor":1.0},{"not_picked":["Skim","Compile Driver"],"picked":"White Noise","floor":2.0},{"not_picked":["Barrage","Static Discharge"],"picked":"Ball Lightning","floor":3},{"not_picked":["Hologram","Consume"],"picked":"Doom and Gloom","floor":5},{"not_picked":["Turbo","Rebound"],"picked":"Auto Shields","floor":6},{"not_picked":["Conserve Battery","Stack"],"picked":"Glacier","floor":10},{"not_picked":["Aggregate","Gash"],"picked":"Rip and Tear","floor":13}],"player_experience":279457,"relics_obtained":[{"floor":6,"key":"Shovel"},{"floor":9,"key":"Bottled Flame"}],"event_choices":[{"event_name":"World of Goop","player_choice":"Gather Gold","floor":8,"damage_taken":0},{"event_name":"FaceTrader","player_choice":"Trade","floor":12,"damage_taken":0},{"event_name":"Big Fish","player_choice":"Banana","floor":14,"damage_taken":0}],"is_beta":true,"boss_relics":[],"items_purged_floors":[],"is_endless":false,"potions_floor_spawned":[3,5,13],"killed_by":"Slime Boss","ascension_level":12}