{"gold_per_floor":[115,126,126,145,15,15,48,59,59,59,69,34,45,80,80,155,155,174,174,73,92,7,7,7,7,61,61,78,112,130,140,140,211,211,224,224,224,274,288,288,298,298,298,298,317,329,329,344,344,344,344],"floor_reached":52,"playtime":2212,"items_purged":[],"score":1853,"play_id":"e6c8e8b5-b6c7-4473-be14-4193b6112482","local_time":"20181213134521","is_ascension_mode":true,"campfire_choices":[{"data":"Defragment","floor":6.0,"key":"SMITH"},{"data":"Zap","floor":10.0,"key":"SMITH"},{"data":"Multi-Cast","floor":15.0,"key":"SMITH"},{"data":"Defragment","floor":23.0,"key":"SMITH"},{"data":"Defragment","floor":25.0,"key":"SMITH"},{"data":"Buffer","floor":27.0,"key":"SMITH"},{"data":"Loop","floor":32.0,"key":"SMITH"},{"data":"Seek","floor":40.0,"key":"SMITH"},{"data":"Redo","floor":42.0,"key":"SMITH"},{"data":"Reinforced Body","floor":44.0,"key":"SMITH"},{"floor":49.0,"key":"RECALL"}],"neow_cost":"PERCENT_DAMAGE","seed_source_timestamp":0,"circlet_count":0,"master_deck":["AscendersBane","Strike_B+1","Strike_B+1","Strike_B+1","Defend_B+1","Defend_B+1","Defend_B+1","Zap+1","Dualcast+1","Rainbow+1","Streamline+1","Auto Shields+1","Cold Snap+1","Defragment+1","Ball Lightning+1","Multi-Cast+1","Compile Driver+1","Barrage+1","Defragment+1","Buffer+1","Steam+1","Defragment+1","Turbo+1","Redo+1","Capacitor+1","Loop+1","Seek+1","Biased Cognition+1","Coolheaded+1","Go for the Eyes+1","Reinforced Body+1","Double Energy+1","Leap+1","Cold Snap+1","Doom and Gloom+1"],"special_seed":0,"relics":["Cracked Core","Vajra","Anchor","Symbiotic Virus","Runic Pyramid","Prayer Wheel","Bag of Marbles","Red Mask","Nuclear Battery","Unceasing Top","Mark of the Bloom"],"potions_floor_usage":[],"damage_taken":[{"damage":5.0,"enemies":"Jaw Worm","floor":1.0,"turns":3.0},{"damage":1.0,"enemies":"Cultist","floor":2.0,"turns":3.0},{"damage":0.0,"enemies":"2 Louse","floor":4.0,"turns":2.0},{"damage":7.0,"enemies":"Gremlin Nob","floor":7.0,"turns":3.0},{"damage":0.0,"enemies":"Exordium Thugs","floor":8.0,"turns":3.0},{"damage":9.0,"enemies":"3 Louse","floor":11.0,"turns":3.0},{"damage":0.0,"enemies":"Looter","floor":13.0,"turns":2.0},{"damage":12.0,"enemies":"Lagavulin","floor":14.0,"turns":4.0},{"damage":1.0,"enemies":"The Guardian","floor":16.0,"turns":6.0},{"damage":5.0,"enemies":"3 Byrds","floor":18.0,"turns":3.0},{"damage":11.0,"enemies":"Shell Parasite","floor":21.0,"turns":5.0},{"damage":9.0,"enemies":"Chosen and Byrds","floor":28.0,"turns":4.0},{"damage":12.0,"enemies":"Masked Bandits","floor":29.0,"turns":3.0},{"damage":2.0,"enemies":"Centurion and Healer","floor":30.0,"turns":3.0},{"damage":14.0,"enemies":"Cultist and Chosen","floor":31.0,"turns":4.0},{"damage":0.0,"enemies":"Collector","floor":33.0,"turns":7.0},{"damage":37.0,"enemies":"3 Darklings","floor":35.0,"turns":7.0},{"damage":2.0,"enemies":"Orb Walker","floor":39.0,"turns":3.0},{"damage":0.0,"enemies":"Writhing Mass","floor":41.0,"turns":4.0},{"damage":0.0,"enemies":"Maw","floor":45.0,"turns":6.0},{"damage":7.0,"enemies":"Spire Growth","floor":46.0,"turns":4.0},{"damage":0.0,"enemies":"Jaw Worm Horde","floor":48.0,"turns":4.0},{"damage":23,"enemies":"Awakened One","floor":50,"turns":8},{"damage":5,"enemies":"Donu and Deca","floor":51,"turns":8}],"seed_played":"-4502875929201160700","potions_obtained":[{"floor":4.0,"key":"Fire Potion"},{"floor":7.0,"key":"EssenceOfSteel"},{"floor":8.0,"key":"PowerPotion"},{"floor":11.0,"key":"SkillPotion"},{"floor":18.0,"key":"GamblersBrew"},{"floor":29.0,"key":"Fire Potion"},{"floor":33.0,"key":"GamblersBrew"},{"floor":39.0,"key":"GamblersBrew"}],"is_trial":false,"path_per_floor":["M","M","?","M","$","R","E","M","T","R","M","?","M","E","R","B",null,"M","?","$","M","$","R","$","R","T","R","M","?","M","M","R","B",null,"M","?","?","?","M","R","M","R","T","R","M","M","?","M","R","B","B",null],"character_chosen":"DEFECT","items_purchased":["Defragment","Ball Lightning","Defragment","Turbo","Capacitor"],"campfire_rested":0,"item_purchase_floors":[5,5,20,20,22],"current_hp_per_floor":[41,40,40,40,40,40,33,33,33,33,24,41,41,29,29,28,60,55,55,55,44,44,44,44,44,44,44,35,23,21,7,7,7,55,18,18,58,58,56,56,56,56,56,56,56,49,49,49,49,26,21],"gold":344,"neow_bonus":"TRANSFORM_TWO_CARDS","is_prod":false,"is_daily":false,"chose_seed":false,"campfire_upgraded":10,"win_rate":0,"timestamp":1544679921,"path_taken":["M","M","?","M","$","R","E","M","T","R","?","?","M","E","R","BOSS","M","?","$","M","?","R","$","R","T","R","M","?","M","M","R","BOSS","M","?","?","?","M","R","?","R","T","R","M","M","?","M","R","BOSS","BOSS"],"build_version":"2018-12-11","purchased_purges":0,"victory":true,"max_hp_per_floor":[71,71,71,71,71,71,71,71,71,71,71,71,71,71,71,71,71,71,71,71,71,71,71,71,71,71,71,71,71,71,71,71,71,71,71,71,58,58,58,58,58,58,58,58,58,58,58,58,58,58,58],"card_choices":[{"not_picked":["Recycle","Aggregate"],"picked":"Streamline","floor":1.0},{"not_picked":["Hologram","Aggregate"],"picked":"Auto Shields","floor":2.0},{"not_picked":["Redo","Go for the Eyes"],"picked":"Cold Snap","floor":4.0},{"not_picked":["Streamline","Machine Learning"],"picked":"Multi-Cast","floor":7.0},{"not_picked":["Cold Snap","Heatsinks"],"picked":"Compile Driver","floor":8.0},{"not_picked":["Coolheaded","Hello World","Static Discharge"],"picked":"SKIP","floor":11.0},{"not_picked":["Multi-Cast","Compile Driver"],"picked":"Barrage","floor":13.0},{"not_picked":["Auto Shields","Ball Lightning"],"picked":"Defragment","floor":14.0},{"not_picked":["Multi-Cast","Seek"],"picked":"Buffer","floor":16.0},{"not_picked":["Leap","Genetic Algorithm"],"picked":"Steam+1","floor":18.0},{"not_picked":["Hologram","Lockon"],"picked":"Redo","floor":21.0},{"not_picked":["Hello World+1","Meteor Strike","Beam Cell"],"picked":"SKIP","floor":21.0},{"not_picked":["Consume","Hologram"],"picked":"Loop","floor":28.0},{"not_picked":["Conserve Battery","Compile Driver+1","Streamline"],"picked":"SKIP","floor":28.0},{"not_picked":["Gash","Go for the Eyes"],"picked":"Seek","floor":29.0},{"not_picked":["Compile Driver","Aggregate","FTL"],"picked":"SKIP","floor":30.0},{"not_picked":["Compile Driver+1","Hologram","Steam"],"picked":"SKIP","floor":30.0},{"not_picked":["Beam Cell","Steam","Go for the Eyes+1"],"picked":"SKIP","floor":31.0},{"not_picked":["Rebound","Fusion","Hyperbeam"],"picked":"SKIP","floor":31.0},{"not_picked":["Thunder Strike","All For One"],"picked":"Biased Cognition","floor":33.0},{"not_picked":["Turbo","Compile Driver"],"picked":"Coolheaded+1","floor":35.0},{"not_picked":["Skim","Chaos"],"picked":"Go for the Eyes+1","floor":35.0},{"not_picked":["Redo","Leap"],"picked":"Reinforced Body","floor":39.0},{"not_picked":["Ball Lightning","Barrage","Scrape+1"],"picked":"SKIP","floor":39.0},{"not_picked":["Capacitor","Redo","Turbo"],"picked":"SKIP","floor":41.0},{"not_picked":["Leap","Compile Driver","Barrage"],"picked":"SKIP","floor":41.0},{"not_picked":["Conserve Battery","Hologram"],"picked":"Double Energy","floor":45.0},{"not_picked":["Leap","Redo","Chill"],"picked":"SKIP","floor":45.0},{"not_picked":["Buffer","Heatsinks"],"picked":"Leap+1","floor":46.0},{"not_picked":["Gash","Cold Snap","Streamline+1"],"picked":"SKIP","floor":46.0},{"not_picked":["Sweeping Beam","Doom and Gloom"],"picked":"Cold Snap+1","floor":48.0},{"not_picked":["Compile Driver","Conserve Battery+1"],"picked":"Doom and Gloom+1","floor":48.0}],"player_experience":612593,"relics_obtained":[{"floor":7.0,"key":"Vajra"},{"floor":9.0,"key":"Anchor"},{"floor":14.0,"key":"Symbiotic Virus"},{"floor":26.0,"key":"Bag of Marbles"},{"floor":29.0,"key":"Red Mask"},{"floor":43.0,"key":"Unceasing Top"}],"event_choices":[{"cards_removed":["Aggregate"],"damage_healed":0.0,"max_hp_gain":0.0,"max_hp_loss":0.0,"gold_gain":0.0,"event_name":"Purifier","player_choice":"Purged","floor":3.0,"gold_loss":0.0,"damage_taken":0.0},{"damage_healed":17.0,"max_hp_gain":0.0,"max_hp_loss":0.0,"gold_gain":0.0,"event_name":"The Cleric","player_choice":"Healed","floor":12.0,"gold_loss":35.0,"damage_taken":0.0},{"damage_healed":0.0,"max_hp_gain":0.0,"max_hp_loss":0.0,"gold_gain":0.0,"event_name":"WeMeetAgain","player_choice":"Gave Potion","floor":19.0,"gold_loss":0.0,"damage_taken":0.0,"relics_obtained":["Prayer Wheel"]},{"damage_healed":0.0,"max_hp_gain":0.0,"max_hp_loss":0.0,"gold_gain":0.0,"event_name":"Masked Bandits","player_choice":"Fought Bandits","floor":29.0,"gold_loss":0.0,"damage_taken":0.0},{"damage_healed":0.0,"max_hp_gain":0.0,"max_hp_loss":0.0,"gold_gain":0.0,"event_name":"SensoryStone","player_choice":"Memory 1","floor":36.0,"gold_loss":0.0,"damage_taken":0.0},{"damage_healed":58.0,"max_hp_gain":0.0,"max_hp_loss":13.0,"gold_gain":0.0,"event_name":"The Moai Head","player_choice":"Heal","floor":37.0,"gold_loss":0.0,"damage_taken":0.0},{"damage_healed":0.0,"max_hp_gain":0.0,"max_hp_loss":0.0,"gold_gain":50.0,"event_name":"Golden Shrine","player_choice":"Pray","floor":38.0,"gold_loss":0.0,"damage_taken":0.0},{"damage_healed":0.0,"max_hp_gain":0.0,"max_hp_loss":0.0,"gold_gain":0.0,"event_name":"MindBloom","player_choice":"Upgrade","floor":47.0,"gold_loss":0.0,"damage_taken":0.0,"cards_upgraded":["Strike_B","Strike_B","Strike_B","Defend_B","Defend_B","Defend_B","Dualcast","Rainbow","Streamline","Auto Shields","Cold Snap","Ball Lightning","Compile Driver","Barrage","Turbo","Capacitor","Biased Cognition","Double Energy"],"relics_obtained":["Mark of the Bloom"]}],"is_beta":true,"boss_relics":[{"not_picked":["Ectoplasm","Empty Cage"],"picked":"Runic Pyramid"},{"not_picked":["Runic Dome","Orrery"],"picked":"Nuclear Battery"}],"items_purged_floors":[],"is_endless":false,"potions_floor_spawned":[4,7,8,11,16,18,29,31,33,39,48],"ascension_level":20}