{"gold_per_floor":[114,133,113,113,133,146,146,146,146,159,174,174,191,19,19,120,120,139,157,172,185,0,29,29,46,100,100,199,213,213,232,232,334,334,349,349,349,366,383,383,383],"floor_reached":41,"playtime":3124,"items_purged":[],"score":409,"play_id":"9fabf655-07a3-4ffa-820b-870e2d206143","local_time":"20180724144203","is_ascension_mode":false,"campfire_choices":[{"data":"Flex","floor":7.0,"key":"SMITH"},{"data":"Sword Boomerang","floor":15.0,"key":"SMITH"},{"floor":24.0,"key":"REST"},{"floor":27.0,"key":"REST"},{"data":"Pummel","floor":32.0,"key":"SMITH"},{"floor":40,"key":"REST"}],"neow_cost":"NONE","seed_source_timestamp":0,"circlet_count":0,"master_deck":["Strike_R","Strike_R","Strike_R+1","Defend_R","Defend_R","Defend_R","Defend_R","Bash+1","Iron Wave","Heavy Blade","Cleave","Flex+1","Sword Boomerang+1","Warcry","Flex","Spot Weakness","Whirlwind","Pummel+1","Reaper","Armaments","Seeing Red","Clash","Limit Break","Thunderclap","Flex","Pommel Strike","Double Tap","Shrug It Off+1","Ghostly Armor"],"special_seed":0,"relics":["Burning Blood","Question Card","Lizard Tail","Smiling Mask","Oddly Smooth Stone","Mark of Pain"],"potions_floor_usage":[],"damage_taken":[{"damage":0.0,"enemies":"Small Slimes","floor":1.0,"turns":3.0},{"damage":5.0,"enemies":"Cultist","floor":2.0,"turns":4.0},{"damage":1.0,"enemies":"Jaw Worm","floor":5.0,"turns":3.0},{"damage":5.0,"enemies":"Lots of Slimes","floor":6.0,"turns":2.0},{"damage":2.0,"enemies":"2 Fungi Beasts","floor":10.0,"turns":3.0},{"damage":4.0,"enemies":"Exordium Thugs","floor":11.0,"turns":4.0},{"damage":21.0,"enemies":"Red Slaver","floor":13.0,"turns":4.0},{"damage":58.0,"enemies":"The Guardian","floor":16.0,"turns":11.0},{"damage":37.0,"enemies":"Shell Parasite","floor":18.0,"turns":5.0},{"damage":10.0,"enemies":"Chosen","floor":19.0,"turns":3.0},{"damage":24.0,"enemies":"Centurion and Healer","floor":20.0,"turns":5.0},{"damage":32.0,"enemies":"Sentry and Sphere","floor":21.0,"turns":5.0},{"damage":38.0,"enemies":"Gremlin Leader","floor":23.0,"turns":4.0},{"damage":37.0,"enemies":"Snake Plant","floor":25.0,"turns":3.0},{"damage":20.0,"enemies":"Centurion and Healer","floor":29.0,"turns":7.0},{"damage":21.0,"enemies":"3 Cultists","floor":31.0,"turns":4.0},{"damage":81.0,"enemies":"Collector","floor":33.0,"turns":8.0},{"damage":46,"enemies":"3 Darklings","floor":35,"turns":7},{"damage":29,"enemies":"Orb Walker","floor":38,"turns":4},{"damage":57,"enemies":"4 Shapes","floor":39,"turns":9},{"damage":74,"enemies":"Spire Growth","floor":41,"turns":4}],"seed_played":"-9100822062225806270","potions_obtained":[{"floor":1.0,"key":"AttackPotion"},{"floor":2.0,"key":"Regen Potion"},{"floor":3.0,"key":"AttackPotion"},{"floor":13.0,"key":"Strength Potion"},{"floor":18.0,"key":"SteroidPotion"},{"floor":25.0,"key":"Swift Potion"},{"floor":29.0,"key":"Poison Potion"},{"floor":38,"key":"LiquidBronze"},{"floor":39,"key":"Explosive Potion"}],"is_trial":false,"path_per_floor":["M","M","?","?","M","M","R","?","T","M","M","?","M","$","R","B",null,"M","M","M","M","?","E","R","M","T","R","?","M","?","M","R","B",null,"M","?","?","M","M","R"],"character_chosen":"IRONCLAD","items_purchased":["Pummel","Flex","Rupture"],"campfire_rested":3,"item_purchase_floors":[14,14,14],"current_hp_per_floor":[88,88,88,70,75,76,76,76,76,80,82,82,67,67,67,15,88,57,69,51,29,29,11,37,21,21,47,47,43,88,73,73,50,88,58,58,58,35,16,42,0],"gold":383,"neow_bonus":"TEN_PERCENT_HP_BONUS","is_prod":false,"is_daily":false,"chose_seed":false,"campfire_upgraded":3,"win_rate":0,"timestamp":1532414523,"path_taken":["M","M","?","?","M","?","R","?","T","M","M","?","?","$","R","BOSS","M","?","?","M","?","E","R","M","T","R","?","M","?","M","R","BOSS","BOSS","M","?","?","M","?","R","M"],"build_version":"2018-07-19v2","purchased_purges":0,"victory":false,"max_hp_per_floor":[88,88,88,88,88,88,88,88,88,88,88,88,88,88,88,88,88,88,88,88,88,88,88,88,88,88,88,88,88,88,88,88,88,88,88,88,88,88,88,88,88],"card_choices":[{"not_picked":["Combust","Armaments"],"picked":"Iron Wave","floor":1.0},{"not_picked":["Twin Strike","True Grit"],"picked":"Heavy Blade","floor":2.0},{"not_picked":["Wild Strike","Second Wind"],"picked":"Cleave","floor":5.0},{"not_picked":["Wild Strike","Shockwave"],"picked":"Flex","floor":6.0},{"not_picked":["Fire Breathing","Corruption","Evolve"],"picked":"Warcry","floor":10.0},{"not_picked":["Clash","Perfected Strike","Barricade"],"picked":"Flex","floor":11.0},{"not_picked":["Searing Blow","Uppercut","Bloodletting"],"picked":"Whirlwind","floor":13.0},{"not_picked":["Brutality","Feed","Bludgeon"],"picked":"Reaper","floor":16.0},{"not_picked":["Power Through","Entrench","Second Wind"],"picked":"Armaments","floor":18.0},{"not_picked":["Rupture","Body Slam","Twin Strike"],"picked":"Seeing Red","floor":19.0},{"not_picked":["Pommel Strike+1","Twin Strike+1","Pummel"],"picked":"Clash","floor":20.0},{"not_picked":["Body Slam","Infernal Blade","Iron Wave","Cleave"],"picked":"SKIP","floor":21.0},{"not_picked":["Seeing Red","Headbutt","Searing Blow"],"picked":"Limit Break","floor":23.0},{"not_picked":["Warcry","Heavy Blade","Wild Strike+1"],"picked":"Thunderclap","floor":25.0},{"not_picked":["Anger+1","Iron Wave","Power Through"],"picked":"Flex","floor":29.0},{"not_picked":["Carnage","Entrench+1","Wild Strike"],"picked":"Pommel Strike","floor":31.0},{"not_picked":["Dark Embrace","Bludgeon","Offering"],"picked":"Double Tap","floor":33},{"not_picked":["Fire Breathing+1","Feel No Pain+1","Cleave"],"picked":"Shrug It Off+1","floor":35},{"not_picked":["Disarm+1","Dual Wield","Clothesline"],"picked":"Ghostly Armor","floor":38},{"not_picked":["Anger+1","Wild Strike","Evolve","Armaments+1"],"picked":"SKIP","floor":39}],"player_experience":164847,"relics_obtained":[{"floor":9.0,"key":"Question Card"},{"floor":23.0,"key":"Smiling Mask"},{"floor":26.0,"key":"Oddly Smooth Stone"}],"event_choices":[{"event_name":"The Woman in Blue","player_choice":"Bought 1 Potion","floor":3.0,"damage_taken":0.0},{"event_name":"Shining Light","player_choice":"Entered Light","floor":4.0,"damage_taken":0.0},{"event_name":"Transmorgrifier","player_choice":"Transform","floor":8.0,"damage_taken":0.0},{"event_name":"Living Wall","player_choice":"Change","floor":12.0,"damage_taken":0.0},{"event_name":"Masked Bandits","player_choice":"Paid Bandits 185 gold","floor":22.0,"damage_taken":0.0},{"event_name":"Nest","player_choice":"Stole From Cult","floor":28.0,"damage_taken":0.0},{"event_name":"Bonfire Elementals","player_choice":"UNCOMMON","floor":30.0,"damage_taken":0.0},{"event_name":"Tomb of Lord Red Mask","player_choice":"Ignored","floor":36,"damage_taken":0},{"event_name":"Falling","player_choice":"Removed Skill","floor":37,"damage_taken":0}],"is_beta":false,"boss_relics":[{"not_picked":["Black Blood","Black Star"],"picked":"Lizard Tail"},{"not_picked":["Coffee Dripper","Astrolabe"],"picked":"Mark of Pain"}],"items_purged_floors":[],"is_endless":false,"potions_floor_spawned":[1,2,13,18,19,25,29,38,39],"killed_by":"Spire Growth","ascension_level":0}