{"gold_per_floor":[112,37,37,57,57,86,86,103,129,158,173,183,200,217,217,217],"floor_reached":16,"playtime":1103,"items_purged":["Strike_R"],"score":114,"play_id":"2a023d1f-513d-4d9b-9e86-603462e7eb55","local_time":"20190805224155","is_ascension_mode":false,"campfire_choices":[{"data":"Combust","floor":7,"key":"SMITH"},{"data":"Flame Barrier","floor":15,"key":"SMITH"}],"neow_cost":"PERCENT_DAMAGE","seed_source_timestamp":414895554941409,"circlet_count":0,"master_deck":["Strike_R+1","Strike_R+1","Strike_R","Defend_R","Defend_R+1","Defend_R","Bash","Flame Barrier+1","Pommel Strike+1","Combust+1","Whirlwind","Infernal Blade","Burning Pact"],"special_seed":0,"relics":["Burning Blood","Centennial Puzzle","Whetstone","Bag of Marbles"],"potions_floor_usage":[16,16],"damage_taken":[{"damage":3.0,"enemies":"2 Louse","floor":1.0,"turns":4.0},{"damage":0,"enemies":"Jaw Worm","floor":4,"turns":6},{"damage":37,"enemies":"Gremlin Nob","floor":6,"turns":6},{"damage":0,"enemies":"Cultist","floor":8,"turns":3},{"damage":19,"enemies":"Lagavulin","floor":10,"turns":6},{"damage":0,"enemies":"Gremlin Gang","floor":11,"turns":6},{"damage":1,"enemies":"3 Louse","floor":12,"turns":2},{"damage":3,"enemies":"2 Fungi Beasts","floor":13,"turns":3},{"damage":2,"enemies":"Large Slime","floor":14,"turns":3},{"damage":38,"enemies":"Slime Boss","floor":16,"turns":9}],"seed_played":"2612656469272746069","potions_obtained":[{"floor":8,"key":"FearPotion"},{"floor":12,"key":"SpeedPotion"},{"floor":13,"key":"SpeedPotion"}],"is_trial":false,"path_per_floor":["M","$","?","M","?","E","R","M","T","E","M","M","M","M","R","B"],"character_chosen":"IRONCLAD","items_purchased":[],"campfire_rested":0,"item_purchase_floors":[],"current_hp_per_floor":[59,59,64,70,53,22,22,28,28,15,21,26,29,33,33,0],"gold":217,"neow_bonus":"REMOVE_TWO","is_prod":false,"is_daily":false,"chose_seed":false,"campfire_upgraded":2,"win_rate":0.0,"timestamp":1565037715,"path_taken":["M","$","?","M","?","E","R","M","T","E","M","M","M","?","R","BOSS"],"build_version":"2019-07-17","purchased_purges":1,"victory":false,"max_hp_per_floor":[80,80,85,85,85,85,85,85,85,85,85,85,85,85,85,85],"card_choices":[{"not_picked":["Thunderclap","Armaments"],"picked":"Flame Barrier","floor":1},{"not_picked":["Fire Breathing","Entrench"],"picked":"Pommel Strike","floor":4},{"not_picked":["Clothesline","Thunderclap"],"picked":"Combust","floor":6},{"not_picked":["Heavy Blade","Anger","Flex"],"picked":"SKIP","floor":8},{"not_picked":["True Grit","Clash"],"picked":"Whirlwind","floor":10},{"not_picked":["Flex","Cleave"],"picked":"Infernal Blade","floor":11},{"not_picked":["Warcry","Pummel","Dual Wield"],"picked":"SKIP","floor":12},{"not_picked":["Flex","Twin Strike","Cleave"],"picked":"SKIP","floor":13},{"not_picked":["Spot Weakness","True Grit"],"picked":"Burning Pact","floor":14}],"player_experience":16814,"relics_obtained":[{"floor":6,"key":"Centennial Puzzle"},{"floor":9,"key":"Whetstone"},{"floor":10,"key":"Bag of Marbles"}],"event_choices":[{"damage_healed":0,"gold_gain":0,"player_choice":"Donut","damage_taken":0,"max_hp_gain":5,"max_hp_loss":0,"event_name":"Big Fish","floor":3,"gold_loss":0},{"damage_healed":0,"gold_gain":0,"player_choice":"Entered Light","damage_taken":17,"max_hp_gain":0,"max_hp_loss":0,"event_name":"Shining Light","floor":5,"gold_loss":0,"cards_upgraded":["Defend_R","Strike_R"]}],"is_beta":false,"boss_relics":[],"items_purged_floors":[2],"is_endless":false,"potions_floor_spawned":[8,12,13,14],"killed_by":"Slime Boss","ascension_level":0}