{"gold_per_floor":[118,136,148,11,26,26,36,36,36,48,48,83,83,110,110,187,187,204,204,204,217,231,231,247,247,247,247,297,56,71,71,71,145,145,159,174,201,213,213,213,244,244],"floor_reached":42,"playtime":1791,"items_purged":["Pain"],"score":857,"play_id":"8470d4c4-9db5-4636-98ab-eebdb34c7064","local_time":"20181118130828","is_ascension_mode":true,"campfire_choices":[{"data":"Glass Knife","floor":6.0,"key":"SMITH"},{"data":"Deadly Poison","floor":8.0,"key":"SMITH"},{"data":"Bane","floor":13.0,"key":"SMITH"},{"data":"Dagger Spray","floor":15.0,"key":"SMITH"},{"floor":23.0,"key":"REST"},{"data":"Malaise","floor":25.0,"key":"SMITH"},{"data":"Crippling Poison","floor":27.0,"key":"SMITH"},{"floor":32.0,"key":"REST"},{"floor":40.0,"key":"REST"}],"neow_cost":"NONE","seed_source_timestamp":4316267454639,"circlet_count":0,"master_deck":["AscendersBane","Defend_G+1","Defend_G","Defend_G","Defend_G","Strike_G","Strike_G","Strike_G","Survivor","Neutralize","Glass Knife+1","Deadly Poison+1","Backflip+1","Crippling Poison+1","Bane+1","Dagger Spray+1","Masterful Stab","Malaise+1","Terror+1","Infinite Blades+1","Sucker Punch+1","Backflip+1","Corpse Explosion","Noxious Fumes","Clumsy"],"special_seed":0,"relics":["Ring of the Snake","Ornamental Fan","Singing Bowl","Darkstone Periapt","Astrolabe","WarpedTongs","War Paint","Cursed Key","Pen Nib","Meat on the Bone"],"potions_floor_usage":[42,42],"damage_taken":[{"damage":3.0,"enemies":"Jaw Worm","floor":1.0,"turns":4.0},{"damage":1.0,"enemies":"Small Slimes","floor":2.0,"turns":4.0},{"damage":0.0,"enemies":"Cultist","floor":3.0,"turns":3.0},{"damage":4.0,"enemies":"Blue Slaver","floor":5.0,"turns":4.0},{"damage":0.0,"enemies":"Red Slaver","floor":7.0,"turns":3.0},{"damage":2.0,"enemies":"Exordium Wildlife","floor":10.0,"turns":3.0},{"damage":26.0,"enemies":"3 Sentries","floor":12.0,"turns":11.0},{"damage":8.0,"enemies":"Gremlin Nob","floor":14.0,"turns":3.0},{"damage":17.0,"enemies":"Slime Boss","floor":16.0,"turns":9.0},{"damage":14.0,"enemies":"2 Thieves","floor":18.0,"turns":4.0},{"damage":13.0,"enemies":"Chosen","floor":21.0,"turns":3.0},{"damage":26.0,"enemies":"Sentry and Sphere","floor":22.0,"turns":8.0},{"damage":9.0,"enemies":"Centurion and Healer","floor":24.0,"turns":6.0},{"damage":11.0,"enemies":"Snake Plant","floor":30.0,"turns":5.0},{"damage":55.0,"enemies":"Automaton","floor":33.0,"turns":10.0},{"damage":17.0,"enemies":"3 Darklings","floor":35.0,"turns":5.0},{"damage":0.0,"enemies":"3 Shapes","floor":36.0,"turns":1.0},{"damage":18.0,"enemies":"Sphere and 2 Shapes","floor":38.0,"turns":6.0},{"damage":66.0,"enemies":"Giant Head","floor":41.0,"turns":7.0},{"damage":12,"enemies":"Jaw Worm Horde","floor":42,"turns":1}],"seed_played":"1358792657231106586","potions_obtained":[{"floor":1.0,"key":"Explosive Potion"},{"floor":2.0,"key":"Energy Potion"},{"floor":14.0,"key":"Strength Potion"},{"floor":16.0,"key":"Strength Potion"},{"floor":22.0,"key":"PowerPotion"},{"floor":33.0,"key":"AttackPotion"},{"floor":41.0,"key":"Strength Potion"}],"is_trial":false,"path_per_floor":["M","M","M","$","M","R","M","R","T","M","$","E","R","E","R","B",null,"M","?","?","M","M","R","M","R","T","R","?","$","M","$","R","B","B",null,"M","M","T","M","?","R","E","M"],"character_chosen":"THE_SILENT","items_purchased":["Crippling Poison","Bane","War Paint"],"campfire_rested":3,"item_purchase_floors":[4,4,29],"current_hp_per_floor":[56,55,55,55,51,51,51,51,51,49,49,25,25,19,19,2,53,41,55,61,50,24,48,41,41,41,41,41,41,32,32,57,2,64,49,49,55,39,39,67,3,0],"gold":244,"neow_bonus":"ONE_RANDOM_RARE_CARD","is_prod":false,"is_daily":false,"chose_seed":false,"campfire_upgraded":6,"win_rate":0,"timestamp":1542517708,"path_taken":["M","M","M","$","M","R","M","R","T","M","$","E","R","E","R","BOSS","M","?","?","M","?","R","M","R","T","R","?","$","M","$","R","BOSS","BOSS","M","M","?","M","?","R","E","M"],"build_version":"2018-11-15","purchased_purges":1,"victory":false,"max_hp_per_floor":[66,66,66,66,66,66,66,66,66,66,66,68,68,70,70,70,70,72,72,78,80,80,80,82,82,82,82,82,82,84,84,84,84,84,86,86,92,94,94,94,96,96],"card_choices":[{"not_picked":["Infinite Blades","Quick Slash"],"picked":"Deadly Poison","floor":1.0},{"not_picked":["Underhanded Strike","Deflect"],"picked":"Backflip","floor":2.0},{"not_picked":["Reflex","Acrobatics","Cloak And Dagger"],"picked":"SKIP","floor":3.0},{"not_picked":["Masterful Stab","Blur"],"picked":"Dagger Spray","floor":5.0},{"not_picked":["Backstab","Backflip"],"picked":"Masterful Stab","floor":7.0},{"not_picked":["Sucker Punch","PiercingWail","Dodge and Roll"],"picked":"SKIP","floor":10.0},{"not_picked":["Escape Plan","Quick Slash","Caltrops"],"picked":"Singing Bowl","floor":12.0},{"not_picked":["Phantasmal Killer","Slice","Expertise"],"picked":"Singing Bowl","floor":14.0},{"not_picked":["Wraith Form v2","Unload"],"picked":"Malaise","floor":16.0},{"not_picked":["Blade Dance","Underhanded Strike","Deadly Poison"],"picked":"Singing Bowl","floor":18.0},{"not_picked":["Endless Agony","Dodge and Roll","Setup"],"picked":"Singing Bowl","floor":21.0},{"not_picked":["Blade Dance","Underhanded Strike"],"picked":"Backflip+1","floor":22.0},{"not_picked":["Quick Slash","Dagger Spray","PiercingWail"],"picked":"Singing Bowl","floor":24.0},{"not_picked":["Eviscerate","Endless Agony","Crippling Poison"],"picked":"Singing Bowl","floor":30.0},{"not_picked":["Envenom","Storm of Steel"],"picked":"Corpse Explosion","floor":33.0},{"not_picked":["Deflect","Prepared","Dodge and Roll"],"picked":"Singing Bowl","floor":35.0},{"not_picked":["Calculated Gamble","Crippling Poison"],"picked":"Noxious Fumes","floor":36.0},{"not_picked":["Deflect","Accuracy","Flying Knee"],"picked":"Singing Bowl","floor":38.0},{"not_picked":["Cloak And Dagger","Acrobatics","Reflex"],"picked":"Singing Bowl","floor":41.0}],"player_experience":549946,"relics_obtained":[{"floor":9.0,"key":"Ornamental Fan"},{"floor":12.0,"key":"Singing Bowl"},{"floor":14.0,"key":"Darkstone Periapt"},{"floor":37.0,"key":"Pen Nib"},{"floor":41.0,"key":"Meat on the Bone"}],"event_choices":[{"damage_healed":14.0,"max_hp_gain":0.0,"max_hp_loss":0.0,"gold_gain":0.0,"event_name":"The Library","player_choice":"Heal","floor":19.0,"gold_loss":0.0,"damage_taken":0.0},{"damage_healed":0.0,"max_hp_gain":0.0,"max_hp_loss":0.0,"gold_gain":0.0,"event_name":"Accursed Blacksmith","player_choice":"Rummage","floor":20.0,"gold_loss":0.0,"damage_taken":0.0,"relics_obtained":["WarpedTongs"],"cards_obtained":["Pain"]},{"damage_healed":0.0,"max_hp_gain":0.0,"max_hp_loss":0.0,"gold_gain":100.0,"event_name":"The Joust","player_choice":"Bet on Murderer","floor":28.0,"gold_loss":50.0,"damage_taken":0.0},{"damage_healed":0.0,"max_hp_gain":0.0,"max_hp_loss":0.0,"gold_gain":0.0,"event_name":"Match and Keep!","player_choice":"0 cards matched","floor":39.0,"gold_loss":0.0,"damage_taken":0.0,"cards_obtained":[]}],"is_beta":true,"boss_relics":[{"not_picked":["Tiny House","Empty Cage"],"picked":"Astrolabe"},{"not_picked":["Lizard Tail","Calling Bell"],"picked":"Cursed Key"}],"items_purged_floors":[29],"is_endless":false,"potions_floor_spawned":[1,2,5,10,14,16,22,30,33,35,38,41],"killed_by":"Jaw Worm Horde","ascension_level":18}