{"gold_per_floor":[116,135,11,29,79,79,89,99,148,148,168,186,201,229,229,229],"floor_reached":16,"playtime":497,"items_purged":[],"score":186,"play_id":"6e349124-7e28-4730-a0bd-74ead5bfdac5","local_time":"20190302074035","is_ascension_mode":true,"campfire_choices":[{"data":"Mind Blast","floor":6.0,"key":"SMITH"},{"data":"Limit Break","floor":10.0,"key":"SMITH"},{"data":"Evolve","floor":15,"key":"SMITH"}],"neow_cost":"TEN_PERCENT_HP_LOSS","seed_source_timestamp":446650759202,"circlet_count":0,"master_deck":["AscendersBane","Strike_R","Strike_R","Strike_R","Strike_R","Strike_R","Defend_R","Defend_R","Defend_R","Defend_R","Bash","Mind Blast+1","Dramatic Entrance","Evolve+1","Limit Break+1","Thunderclap","Shrug It Off","Heavy Blade","Power Through","Reaper"],"special_seed":0,"relics":["Burning Blood","Lantern","Kunai"],"potions_floor_usage":[16],"damage_taken":[{"damage":10.0,"enemies":"2 Louse","floor":1.0,"turns":3.0},{"damage":6.0,"enemies":"Cultist","floor":2.0,"turns":3.0},{"damage":5.0,"enemies":"Small Slimes","floor":4.0,"turns":4.0},{"damage":21.0,"enemies":"Blue Slaver","floor":7.0,"turns":4.0},{"damage":0.0,"enemies":"Lots of Slimes","floor":8.0,"turns":1.0},{"damage":0.0,"enemies":"2 Fungi Beasts","floor":11.0,"turns":2.0},{"damage":3,"enemies":"Blue Slaver","floor":12,"turns":2},{"damage":1,"enemies":"Gremlin Gang","floor":13,"turns":3},{"damage":36,"enemies":"Gremlin Nob","floor":14,"turns":5},{"damage":55,"enemies":"Slime Boss","floor":16,"turns":12}],"seed_played":"8561442010757923998","potions_obtained":[{"floor":2.0,"key":"GamblersBrew"},{"floor":4.0,"key":"SkillPotion"}],"is_trial":false,"path_per_floor":["M","M","$","M","?","R","M","M","T","R","M","M","M","E","R","B"],"character_chosen":"IRONCLAD","items_purchased":["Limit Break","Thunderclap"],"campfire_rested":0,"item_purchase_floors":[3,3],"current_hp_per_floor":[64,64,64,65,59,59,44,50,50,50,56,59,64,34,34,0],"gold":229,"neow_bonus":"RANDOM_COLORLESS_2","is_prod":false,"is_daily":false,"chose_seed":false,"campfire_upgraded":3,"win_rate":0,"timestamp":1551483635,"path_taken":["M","M","$","M","?","R","M","?","T","R","M","M","M","E","R","BOSS"],"build_version":"2019-02-06","purchased_purges":0,"victory":false,"max_hp_per_floor":[68,68,68,68,68,68,68,68,68,68,68,68,68,68,68,68],"card_choices":[{"not_picked":["Armaments","Havoc"],"picked":"Evolve","floor":1.0},{"not_picked":["Disarm","Iron Wave","Cleave"],"picked":"SKIP","floor":2.0},{"not_picked":["Headbutt","Uppercut","Warcry"],"picked":"SKIP","floor":4.0},{"not_picked":["Havoc","Combust"],"picked":"Shrug It Off","floor":7.0},{"not_picked":["Anger","Iron Wave","Cleave"],"picked":"SKIP","floor":8.0},{"not_picked":["Hemokinesis","Wild Strike"],"picked":"Heavy Blade","floor":11},{"not_picked":["Twin Strike","Perfected Strike","Headbutt"],"picked":"SKIP","floor":12},{"not_picked":["Power Through","Thunderclap","Sever Soul"],"picked":"SKIP","floor":13},{"not_picked":["Thunderclap","Sever Soul"],"picked":"Power Through","floor":13},{"not_picked":["Armaments","Seeing Red"],"picked":"Reaper","floor":14}],"player_experience":808758,"relics_obtained":[{"floor":9.0,"key":"Lantern"},{"floor":14,"key":"Kunai"}],"event_choices":[{"damage_healed":0.0,"max_hp_gain":0.0,"max_hp_loss":0.0,"gold_gain":50.0,"event_name":"FaceTrader","player_choice":"Touch","floor":5.0,"gold_loss":0.0,"damage_taken":6.0}],"is_beta":true,"boss_relics":[],"items_purged_floors":[],"is_endless":false,"potions_floor_spawned":[2,4,11,12],"killed_by":"Slime Boss","ascension_level":15}