{"gold_per_floor":[112,131,145,320,118,149,26,26,49,49,59,59,99,99,99,223,223,238,216,91,111,111,111,135,135],"floor_reached":25,"playtime":34603,"items_purged":["Strike_R","Strike_R","Strike_R"],"score":211,"play_id":"52a5f876-c3a2-40fe-850d-75f310261181","local_time":"20190809125101","is_ascension_mode":false,"campfire_choices":[{"floor":8,"key":"REST"},{"data":"Armaments","floor":10,"key":"SMITH"},{"floor":15,"key":"REST"},{"floor":23,"key":"REST"}],"neow_cost":"NONE","seed_source_timestamp":1503511525212500,"circlet_count":0,"master_deck":["Defend_R","Defend_R+1","Defend_R","Defend_R","Bash","Twin Strike","Shrug It Off+1","Flex","Inflame","Spot Weakness","Armaments+1","Shrug It Off","Battle Trance","Bludgeon","True Grit","Headbutt+1","Iron Wave+1","Dual Wield+1"],"relics":["Burning Blood","Omamori","Bag of Marbles","Ancient Tea Set","Golden Idol","War Paint","Empty Cage"],"potions_floor_usage":[],"damage_taken":[{"damage":11,"enemies":"Cultist","floor":1,"turns":5},{"damage":7,"enemies":"Small Slimes","floor":2,"turns":5},{"damage":15,"enemies":"Jaw Worm","floor":3,"turns":4},{"damage":48,"enemies":"3 Sentries","floor":6,"turns":15},{"damage":11,"enemies":"Lots of Slimes","floor":11,"turns":4},{"damage":19,"enemies":"Gremlin Nob","floor":13,"turns":4},{"damage":17,"enemies":"Hexaghost","floor":16,"turns":13},{"damage":32,"enemies":"Spheric Guardian","floor":18,"turns":14},{"damage":12,"enemies":"2 Thieves","floor":19,"turns":5},{"damage":42,"enemies":"Sentry and Sphere","floor":21,"turns":21},{"damage":2,"enemies":"Snecko","floor":24,"turns":3},{"damage":32,"enemies":"Chosen and Byrds","floor":25,"turns":6}],"seed_played":"1647474338947095426","potions_obtained":[{"floor":2,"key":"PowerPotion"},{"floor":13,"key":"Weak Potion"},{"floor":18,"key":"EssenceOfSteel"}],"is_trial":false,"path_per_floor":["M","M","M","?","$","E","$","R","T","R","M","?","E","?","R","B",null,"M","M","$","M","?","R","M","M"],"character_chosen":"IRONCLAD","items_purchased":["Flex","Inflame","Armaments"],"campfire_rested":3,"item_purchase_floors":[5,5,7],"current_hp_per_floor":[75,74,65,65,65,23,23,47,47,47,42,42,29,29,53,42,80,54,48,48,12,3,27,31,0],"gold":135,"neow_bonus":"RANDOM_COMMON_RELIC","is_prod":false,"is_daily":false,"chose_seed":false,"campfire_upgraded":1,"win_rate":0.0,"timestamp":1565347861,"path_taken":["M","M","?","?","$","E","?","R","T","R","?","?","E","?","R","BOSS","M","M","$","M","?","R","M","M"],"build_version":"2019-07-17","purchased_purges":3,"victory":false,"max_hp_per_floor":[80,80,80,80,80,80,80,80,80,80,80,80,80,80,80,80,80,80,80,80,80,80,80,80,80],"card_choices":[{"not_picked":["Fire Breathing","Entrench","Disarm"],"picked":"SKIP","floor":1},{"not_picked":["Flame Barrier","Heavy Blade"],"picked":"Twin Strike","floor":2},{"not_picked":["Flex","Dual Wield"],"picked":"Shrug It Off","floor":3},{"not_picked":["Intimidate","Sword Boomerang"],"picked":"Spot Weakness","floor":6},{"not_picked":["Anger","Whirlwind"],"picked":"Shrug It Off","floor":11},{"not_picked":["Berserk","Evolve"],"picked":"Battle Trance","floor":13},{"not_picked":["Impervious","Feed"],"picked":"Bludgeon","floor":16},{"not_picked":["Anger","Thunderclap"],"picked":"True Grit","floor":18},{"not_picked":["True Grit","Perfected Strike"],"picked":"Headbutt+1","floor":19},{"not_picked":["Carnage","Thunderclap"],"picked":"Iron Wave+1","floor":21},{"not_picked":["Shockwave","Sever Soul+1"],"picked":"Dual Wield+1","floor":24}],"player_experience":306953,"relics_obtained":[{"floor":6,"key":"Bag of Marbles"},{"floor":9,"key":"Ancient Tea Set"},{"floor":13,"key":"War Paint"}],"event_choices":[{"damage_healed":0,"gold_gain":175,"player_choice":"AGREE","damage_taken":0,"max_hp_gain":0,"max_hp_loss":0,"event_name":"Liars Game","floor":4,"gold_loss":0,"cards_obtained":["Doubt"]},{"damage_healed":0,"gold_gain":0,"player_choice":"Take Wound","damage_taken":0,"relics_obtained":["Golden Idol"],"max_hp_gain":0,"max_hp_loss":0,"event_name":"Golden Idol","floor":12,"gold_loss":0,"cards_obtained":["Injury"]},{"cards_removed":["Strike_R"],"damage_healed":0,"gold_gain":0,"player_choice":"Took Card","damage_taken":0,"max_hp_gain":0,"max_hp_loss":0,"event_name":"NoteForYourself","floor":14,"gold_loss":0,"cards_obtained":["Strike_R"]},{"damage_healed":0,"gold_gain":0,"player_choice":"Stopped","damage_taken":9,"max_hp_gain":0,"max_hp_loss":0,"event_name":"Cursed Tome","floor":22,"gold_loss":0}],"is_beta":false,"boss_relics":[{"not_picked":["Runic Cube","Eternal Feather"],"picked":"Empty Cage"}],"items_purged_floors":[5,7,20],"is_endless":false,"potions_floor_spawned":[1,2,13,18],"killed_by":"Chosen and Byrds","ascension_level":0}