{"gold_per_floor":[109,40,50,60,80,105,105,136,136,168,18,18,33,45,45,45],"floor_reached":16,"playtime":703,"items_purged":[],"score":171,"play_id":"758990dc-9916-4998-ab30-409e7e2b5d80","local_time":"20181020174815","is_ascension_mode":true,"campfire_choices":[{"data":"Limit Break","floor":7,"key":"SMITH"},{"data":"Infernal Blade","floor":12,"key":"SMITH"},{"data":"Rampage","floor":15,"key":"SMITH"}],"neow_cost":"TEN_PERCENT_HP_LOSS","seed_source_timestamp":2192209475703,"circlet_count":0,"master_deck":["Strike_R","Strike_R","Strike_R","Defend_R+1","Defend_R","Defend_R","Defend_R","Bash","Battle Trance","Infernal Blade+1","Berserk","Rampage+1","Anger","True Grit+1","Pommel Strike","Limit Break+1","Flex","Thunderclap","Dark Embrace"],"special_seed":0,"relics":["Burning Blood","Centennial Puzzle","Nunchaku","Dead Branch","Sundial","War Paint"],"potions_floor_usage":[10,16],"damage_taken":[{"damage":6.0,"enemies":"Cultist","floor":1.0,"turns":3.0},{"damage":0,"enemies":"Small Slimes","floor":3,"turns":4},{"damage":3,"enemies":"2 Louse","floor":4,"turns":3},{"damage":7,"enemies":"Blue Slaver","floor":5,"turns":4},{"damage":30,"enemies":"3 Sentries","floor":6,"turns":6},{"damage":34,"enemies":"Gremlin Nob","floor":8,"turns":4},{"damage":13,"enemies":"Lagavulin","floor":10,"turns":7},{"damage":7,"enemies":"2 Fungi Beasts","floor":13,"turns":2},{"damage":7,"enemies":"Gremlin Gang","floor":14,"turns":3},{"damage":14,"enemies":"The Guardian","floor":16,"turns":8}],"seed_played":"-7863781983078560210","potions_obtained":[{"floor":3,"key":"GamblersBrew"},{"floor":5,"key":"FearPotion"},{"floor":6,"key":"Explosive Potion"},{"floor":10,"key":"GamblersBrew"}],"is_trial":false,"path_per_floor":["M","$","M","M","M","E","R","E","T","E","$","R","M","M","R"],"character_chosen":"IRONCLAD","items_purchased":["Rampage","War Paint"],"campfire_rested":0,"item_purchase_floors":[2,11],"current_hp_per_floor":[72,72,72,72,71,47,47,19,19,12,12,12,11,10,10,0],"gold":45,"neow_bonus":"TRANSFORM_TWO_CARDS","is_prod":false,"is_daily":false,"chose_seed":false,"campfire_upgraded":3,"win_rate":0,"timestamp":1540028895,"path_taken":["M","?","M","M","M","E","R","E","T","E","$","R","?","M","R","BOSS"],"build_version":"2018-10-18","purchased_purges":0,"victory":false,"max_hp_per_floor":[72,72,72,72,72,72,72,72,72,72,72,72,72,72,72,72],"card_choices":[{"not_picked":["Thunderclap","True Grit"],"picked":"Berserk","floor":1},{"not_picked":["Dual Wield","Body Slam"],"picked":"Anger","floor":3},{"not_picked":["Havoc","Clothesline"],"picked":"True Grit","floor":4},{"not_picked":["Rage","Warcry"],"picked":"Pommel Strike","floor":5},{"not_picked":["Infernal Blade","Second Wind"],"picked":"Limit Break","floor":6},{"not_picked":["Power Through","Pommel Strike"],"picked":"Flex","floor":8},{"not_picked":["Evolve","Pommel Strike","Dropkick"],"picked":"SKIP","floor":10},{"not_picked":["Pommel Strike","Bloodletting"],"picked":"Thunderclap","floor":13},{"not_picked":["Cleave","Pommel Strike"],"picked":"Dark Embrace","floor":14}],"player_experience":451038,"relics_obtained":[{"floor":6,"key":"Centennial Puzzle"},{"floor":8,"key":"Nunchaku"},{"floor":9,"key":"Dead Branch"},{"floor":10,"key":"Sundial"}],"event_choices":[],"is_beta":true,"boss_relics":[],"items_purged_floors":[],"is_endless":false,"potions_floor_spawned":[3,5,6,10],"killed_by":"The Guardian","ascension_level":8}