{"gold_per_floor":[219,68,79,93,108,108,122,122,122,149,163,188,207,53,53,130,130,149,179,79,79,91,118,118,118,167,167,42,42,53,65,65,140,140,151,1,223,323,337,368,368,368,368,422,435,466,466,118,118,118,118,118,37,62,62],"floor_reached":56,"playtime":2347,"items_purged":["Strike_R","Strike_R","Regret","Strike_R","Strike_R"],"score":2189,"play_id":"1242b4ba-acf8-48f6-a663-d10c7f14cab1","local_time":"20190322213843","is_ascension_mode":true,"campfire_choices":[{"data":"Whirlwind","floor":6.0,"key":"SMITH"},{"data":"Flex","floor":8.0,"key":"SMITH"},{"data":"True Grit","floor":15.0,"key":"SMITH"},{"data":"Body Slam","floor":24,"key":"SMITH"},{"data":"Evolve","floor":29,"key":"SMITH"},{"floor":32,"key":"REST"},{"data":"Pommel Strike","floor":42,"key":"SMITH"},{"data":"Shrug It Off","floor":47,"key":"SMITH"},{"floor":49,"key":"RECALL"},{"data":"Apotheosis","floor":52,"key":"SMITH"}],"neow_cost":"NONE","seed_source_timestamp":9653222099633,"circlet_count":0,"master_deck":["AscendersBane","Strike_R","Defend_R","Defend_R+1","Defend_R","Defend_R+1","Bash","Second Wind","Whirlwind+1","Flex+1","Shockwave","Power Through","Body Slam+1","True Grit+1","Evolve+1","Fiend Fire","Flame Barrier+1","Parasite","Offering","Pommel Strike+1","Shrug It Off+1","Apotheosis+1","Entrench"],"special_seed":0,"relics":["Burning Blood","Bag of Preparation","PreservedInsect","Boot","Sundial","Cursed Key","Red Mask","War Paint","Gremlin Horn","Runic Pyramid","Ice Cream","Oddly Smooth Stone","Prayer Wheel","Charon\u0027s Ashes","Lantern"],"potions_floor_usage":[23,33,46,55,55],"damage_taken":[{"damage":6.0,"enemies":"Cultist","floor":1.0,"turns":4.0},{"damage":0.0,"enemies":"Jaw Worm","floor":3.0,"turns":3.0},{"damage":3.0,"enemies":"2 Louse","floor":4.0,"turns":3.0},{"damage":15.0,"enemies":"Gremlin Gang","floor":5.0,"turns":3.0},{"damage":6.0,"enemies":"Exordium Wildlife","floor":7.0,"turns":2.0},{"damage":15.0,"enemies":"Lagavulin","floor":10.0,"turns":5.0},{"damage":5.0,"enemies":"Blue Slaver","floor":11.0,"turns":5.0},{"damage":0.0,"enemies":"3 Sentries","floor":12.0,"turns":1.0},{"damage":6.0,"enemies":"Looter","floor":13.0,"turns":4.0},{"damage":24.0,"enemies":"The Guardian","floor":16.0,"turns":17.0},{"damage":18.0,"enemies":"Spheric Guardian","floor":18.0,"turns":4.0},{"damage":29.0,"enemies":"Masked Bandits","floor":19.0,"turns":4.0},{"damage":8.0,"enemies":"2 Thieves","floor":22.0,"turns":4.0},{"damage":16,"enemies":"Slavers","floor":23,"turns":2},{"damage":3,"enemies":"Snake Plant","floor":30,"turns":6},{"damage":18,"enemies":"Snecko","floor":31,"turns":4},{"damage":33,"enemies":"Champ","floor":33,"turns":12},{"damage":6,"enemies":"3 Darklings","floor":35,"turns":3},{"damage":0,"enemies":"Mind Bloom Boss Battle","floor":38,"turns":6},{"damage":6,"enemies":"Orb Walker","floor":39,"turns":2},{"damage":0,"enemies":"Reptomancer","floor":40,"turns":2},{"damage":9,"enemies":"2 Orb Walkers","floor":44,"turns":3},{"damage":6,"enemies":"4 Shapes","floor":45,"turns":3},{"damage":35,"enemies":"Nemesis","floor":46,"turns":4},{"damage":26,"enemies":"Time Eater","floor":50,"turns":8},{"damage":16,"enemies":"Shield and Spear","floor":54,"turns":3},{"damage":44,"enemies":"The Heart","floor":55,"turns":7}],"seed_played":"7497576409894369544","potions_obtained":[{"floor":1.0,"key":"Strength Potion"},{"floor":4.0,"key":"Block Potion"},{"floor":11.0,"key":"EssenceOfSteel"},{"floor":16.0,"key":"Dexterity Potion"},{"floor":33,"key":"SkillPotion"},{"floor":38,"key":"Weak Potion"},{"floor":46,"key":"BloodPotion"}],"is_trial":false,"path_per_floor":["M","$","M","M","M","R","M","R","T","E","M","E","M","$","R","B",null,"M","?","$","?","M","E","R","?","T","T","$","R","M","M","R","B",null,"M","$","?","?","M","E","?","R","T","?","M","E","R","$","R","B",null,"R","$","E","B",null],"character_chosen":"IRONCLAD","items_purchased":["Bag of Preparation","Evolve","Apotheosis","Entrench"],"campfire_rested":1,"item_purchase_floors":[2,14,48,53],"current_hp_per_floor":[68,68,74,75,66,66,66,66,66,57,58,64,64,64,64,46,68,56,33,33,33,31,21,21,21,21,21,21,21,24,12,34,7,58,58,58,58,64,64,70,70,70,70,67,67,38,38,38,38,18,58,58,58,48,17],"gold":62,"neow_bonus":"HUNDRED_GOLD","is_prod":false,"is_daily":false,"chose_seed":false,"campfire_upgraded":8,"win_rate":0,"timestamp":1553261923,"path_taken":["M","$","?","M","M","R","M","R","T","E","?","E","M","?","R","BOSS","M","?","$","?","?","E","R","?","T","?","?","R","M","M","R","BOSS","M","$","?","?","M","E","?","R","T","?","M","E","R","?","R","BOSS","R","$","E","BOSS"],"build_version":"2019-01-23","purchased_purges":5,"victory":true,"max_hp_per_floor":[75,75,75,75,75,75,75,75,75,75,75,75,75,75,75,75,75,75,75,75,75,75,75,75,75,75,75,75,75,75,75,75,75,75,75,75,75,75,75,75,71,71,71,71,71,71,71,71,71,71,71,71,71,71,71],"card_choices":[{"not_picked":["Evolve","Fire Breathing"],"picked":"Second Wind","floor":1.0},{"not_picked":["Shrug It Off","Clothesline","Searing Blow"],"picked":"SKIP","floor":3.0},{"not_picked":["Iron Wave","Reckless Charge"],"picked":"Whirlwind","floor":4.0},{"not_picked":["Twin Strike","Cleave"],"picked":"Flex","floor":5.0},{"not_picked":["Heavy Blade","Carnage"],"picked":"Shockwave","floor":7.0},{"not_picked":["Metallicize","Pommel Strike"],"picked":"Power Through","floor":10.0},{"not_picked":["Thunderclap","Intimidate"],"picked":"Body Slam","floor":11.0},{"not_picked":["Heavy Blade","Hemokinesis"],"picked":"True Grit","floor":12.0},{"not_picked":["Sentinel","Armaments","Flex"],"picked":"SKIP","floor":13.0},{"not_picked":["Feed","Limit Break"],"picked":"Fiend Fire","floor":16.0},{"not_picked":["Flex","Havoc+1","Flame Barrier"],"picked":"SKIP","floor":18.0},{"not_picked":["Flame Barrier+1","Ghostly Armor","Evolve"],"picked":"SKIP","floor":22.0},{"not_picked":["Ghostly Armor","Evolve"],"picked":"Flame Barrier+1","floor":22.0},{"not_picked":["Iron Wave","Cleave","Rupture"],"picked":"SKIP","floor":23},{"not_picked":["Pummel","Sword Boomerang","Combust"],"picked":"SKIP","floor":30},{"not_picked":["Headbutt","Heavy Blade"],"picked":"Offering","floor":31},{"not_picked":["Thunderclap","Hemokinesis","Armaments"],"picked":"SKIP","floor":35},{"not_picked":["Cleave","Double Tap"],"picked":"Pommel Strike","floor":38},{"not_picked":["Heavy Blade","Ghostly Armor+1","Spot Weakness"],"picked":"SKIP","floor":39},{"not_picked":["Intimidate","Ghostly Armor","Whirlwind+1"],"picked":"SKIP","floor":40},{"not_picked":["Intimidate","Fire Breathing"],"picked":"Shrug It Off","floor":45},{"not_picked":["Wild Strike+1","Disarm","Armaments"],"picked":"SKIP","floor":45},{"not_picked":["Reaper","Intimidate","Bloodletting+1"],"picked":"SKIP","floor":46},{"not_picked":["Reaper","Intimidate","Bloodletting+1"],"picked":"SKIP","floor":46},{"not_picked":["Twin Strike","Body Slam+1","Heavy Blade+1"],"picked":"SKIP","floor":54}],"player_experience":866794,"relics_obtained":[{"floor":9.0,"key":"PreservedInsect"},{"floor":10.0,"key":"Boot"},{"floor":12.0,"key":"Sundial"},{"floor":19.0,"key":"Red Mask"},{"floor":23,"key":"War Paint"},{"floor":27,"key":"Gremlin Horn"},{"floor":38,"key":"Ice Cream"},{"floor":40,"key":"Oddly Smooth Stone"},{"floor":44,"key":"Prayer Wheel"},{"floor":46,"key":"Charon\u0027s Ashes"},{"floor":54,"key":"Lantern"}],"event_choices":[{"damage_healed":0.0,"max_hp_gain":0.0,"max_hp_loss":0.0,"gold_gain":0.0,"event_name":"Masked Bandits","player_choice":"Fought Bandits","floor":19.0,"gold_loss":0.0,"damage_taken":0.0},{"damage_healed":0.0,"max_hp_gain":0.0,"max_hp_loss":0.0,"gold_gain":0.0,"event_name":"Duplicator","player_choice":"Ignored","floor":21.0,"gold_loss":0.0,"damage_taken":0.0},{"damage_healed":0,"gold_gain":0,"player_choice":"Ignored","damage_taken":0,"max_hp_gain":0,"max_hp_loss":0,"event_name":"Cursed Tome","floor":25,"gold_loss":0},{"damage_healed":0,"gold_gain":222,"player_choice":"Wore Mask","damage_taken":0,"max_hp_gain":0,"max_hp_loss":0,"event_name":"Tomb of Lord Red Mask","floor":37,"gold_loss":0},{"damage_healed":0,"gold_gain":0,"player_choice":"Fight","damage_taken":0,"max_hp_gain":0,"max_hp_loss":0,"event_name":"MindBloom","floor":38,"gold_loss":0},{"damage_healed":0,"gold_gain":0,"player_choice":"Max HP","damage_taken":0,"max_hp_gain":0,"max_hp_loss":4,"event_name":"Winding Halls","floor":41,"gold_loss":0},{"damage_healed":0,"gold_gain":0,"player_choice":"Fight","damage_taken":0,"max_hp_gain":0,"max_hp_loss":0,"event_name":"Mysterious Sphere","floor":44,"gold_loss":0}],"is_beta":false,"boss_relics":[{"not_picked":["Snecko Eye","Sozu"],"picked":"Cursed Key"},{"not_picked":["Busted Crown","Tiny House"],"picked":"Runic Pyramid"}],"items_purged_floors":[14,20,28,36,48],"is_endless":false,"potions_floor_spawned":[1,4,11,12,13,16,19,22,33,38,40,46],"ascension_level":15}