{"gold_per_floor":[118,118,141,166,191,191,210,230,230,271,290,45,45,81,81,207,207,223,239,257,41,57,91,7,30,53,53,89,89,123,169,169,169],"floor_reached":33,"playtime":2017,"items_purged":[],"score":378,"play_id":"58b1c260-2ceb-4d2f-9ea7-833663de76fc","local_time":"20190809060856","is_ascension_mode":true,"campfire_choices":[{"data":"Heavy Blade","floor":6,"key":"SMITH"},{"floor":15,"key":"REST"},{"floor":29,"key":"REST"},{"floor":32,"key":"REST"}],"neow_cost":"NONE","seed_source_timestamp":1457954193870122,"circlet_count":0,"master_deck":["Strike_R","Strike_R","Strike_R","Strike_R","Strike_R","Defend_R","Defend_R","Defend_R","Defend_R","Bash","Heavy Blade+1","Injury","Pommel Strike","Perfected Strike","Shrug It Off","Infernal Blade","Impervious","Battle Trance","Ghostly Armor+1","Juggernaut","Twin Strike+1","Wild Strike+1","Havoc+1","Rampage+1","Armaments+1","Exhume+1","Fire Breathing+1","Shame","Flex+1"],"relics":["Burning Blood","Golden Idol","Molten Egg 2","Lantern","Pantograph","Toxic Egg 2","Fusion Hammer","Anchor","Mummified Hand","Ginger","Smiling Mask","Calipers","Bottled Lightning","Question Card","Juzu Bracelet"],"potions_floor_usage":[10,16,16,18,20,22,33],"damage_taken":[{"damage":4,"enemies":"Jaw Worm","floor":1,"turns":7},{"damage":5,"enemies":"Cultist","floor":3,"turns":4},{"damage":5,"enemies":"2 Louse","floor":4,"turns":3},{"damage":13,"enemies":"Exordium Wildlife","floor":5,"turns":4},{"damage":16,"enemies":"2 Fungi Beasts","floor":7,"turns":4},{"damage":6,"enemies":"Looter","floor":8,"turns":3},{"damage":14,"enemies":"3 Sentries","floor":10,"turns":8},{"damage":8,"enemies":"Blue Slaver","floor":11,"turns":3},{"damage":28,"enemies":"Gremlin Nob","floor":14,"turns":5},{"damage":66,"enemies":"The Guardian","floor":16,"turns":15},{"damage":4,"enemies":"Shell Parasite","floor":18,"turns":5},{"damage":0,"enemies":"Spheric Guardian","floor":19,"turns":3},{"damage":19,"enemies":"Snake Plant","floor":20,"turns":4},{"damage":0,"enemies":"Centurion and Healer","floor":22,"turns":5},{"damage":3,"enemies":"Gremlin Leader","floor":23,"turns":8},{"damage":0,"enemies":"Cultist and Chosen","floor":25,"turns":5},{"damage":46,"enemies":"Slavers","floor":28,"turns":7},{"damage":36,"enemies":"Gremlin Leader","floor":30,"turns":8},{"damage":93,"enemies":"Collector","floor":33,"turns":9}],"seed_played":"-7097752196448876562","potions_obtained":[{"floor":4,"key":"Dexterity Potion"},{"floor":5,"key":"SpeedPotion"},{"floor":14,"key":"Explosive Potion"},{"floor":16,"key":"SkillPotion"},{"floor":19,"key":"PowerPotion"},{"floor":20,"key":"AttackPotion"},{"floor":30,"key":"AttackPotion"}],"is_trial":false,"path_per_floor":["M","?","M","M","M","R","M","M","T","E","M","$","?","E","R","B",null,"M","M","M","$","M","E","?","M","T","?","E","R","E","T","R","B"],"character_chosen":"IRONCLAD","items_purchased":["Pantograph","Anchor","Rampage+1"],"campfire_rested":3,"item_purchase_floors":[12,21,21],"current_hp_per_floor":[88,88,88,88,81,81,71,71,71,63,61,61,61,39,65,28,88,88,88,75,75,81,84,84,88,88,88,48,74,44,44,70,0],"gold":169,"neow_bonus":"TEN_PERCENT_HP_BONUS","is_prod":false,"is_daily":false,"chose_seed":false,"campfire_upgraded":1,"win_rate":0,"timestamp":1565345336,"path_taken":["M","?","M","M","M","R","M","M","T","E","M","$","?","E","R","BOSS","M","M","M","$","M","E","?","?","T","?","E","R","E","?","R","BOSS"],"build_version":"2019-06-28","purchased_purges":0,"victory":false,"max_hp_per_floor":[88,88,88,88,88,88,88,88,88,88,88,88,88,88,88,88,88,88,88,88,88,88,88,88,88,88,88,88,88,88,88,88,88],"card_choices":[{"not_picked":["Warcry","Disarm"],"picked":"Heavy Blade","floor":1},{"not_picked":["Twin Strike","Warcry","Iron Wave"],"picked":"SKIP","floor":3},{"not_picked":["Bloodletting","Clothesline"],"picked":"Pommel Strike","floor":4},{"not_picked":["Twin Strike","Rage"],"picked":"Perfected Strike","floor":5},{"not_picked":["Searing Blow","Reckless Charge"],"picked":"Shrug It Off","floor":7},{"not_picked":["Corruption","True Grit"],"picked":"Infernal Blade","floor":8},{"not_picked":["Wild Strike+1","Cleave+1"],"picked":"Impervious","floor":10},{"not_picked":["Feel No Pain","Entrench"],"picked":"Battle Trance","floor":11},{"not_picked":["Wild Strike+1","Headbutt+1"],"picked":"Ghostly Armor","floor":14},{"not_picked":["Demon Form","Berserk"],"picked":"Juggernaut","floor":16},{"not_picked":["Sword Boomerang+1","Battle Trance+1"],"picked":"Twin Strike+1","floor":18},{"not_picked":["Sentinel+1","Havoc+1"],"picked":"Wild Strike+1","floor":19},{"not_picked":["Dual Wield+1","Searing Blow+1"],"picked":"Havoc+1","floor":20},{"not_picked":["Pommel Strike+1","Thunderclap+1"],"picked":"Armaments+1","floor":22},{"not_picked":["Havoc+1","Sword Boomerang+1"],"picked":"Exhume+1","floor":23},{"not_picked":["Clothesline+1","Thunderclap+1"],"picked":"Fire Breathing+1","floor":25},{"not_picked":["Dropkick+1","True Grit+1","Feel No Pain"],"picked":"SKIP","floor":28},{"not_picked":["Dropkick+1","True Grit+1","Feel No Pain"],"picked":"SKIP","floor":28},{"not_picked":["Reckless Charge+1","Anger+1"],"picked":"Flex+1","floor":30}],"player_experience":58255,"relics_obtained":[{"floor":9,"key":"Molten Egg 2"},{"floor":10,"key":"Lantern"},{"floor":14,"key":"Toxic Egg 2"},{"floor":23,"key":"Mummified Hand"},{"floor":26,"key":"Smiling Mask"},{"floor":28,"key":"Bottled Lightning"},{"floor":30,"key":"Question Card"},{"floor":31,"key":"Juzu Bracelet"}],"event_choices":[{"damage_healed":0,"gold_gain":0,"player_choice":"Take Wound","damage_taken":0,"relics_obtained":["Golden Idol"],"max_hp_gain":0,"max_hp_loss":0,"event_name":"Golden Idol","floor":2,"gold_loss":0,"cards_obtained":["Injury"]},{"damage_healed":0,"gold_gain":0,"player_choice":"Ignored","damage_taken":0,"max_hp_gain":0,"max_hp_loss":0,"event_name":"Shining Light","floor":13,"gold_loss":0},{"damage_healed":0,"gold_gain":0,"player_choice":"Paid Gold","damage_taken":0,"relics_obtained":["Ginger"],"max_hp_gain":0,"max_hp_loss":0,"event_name":"WeMeetAgain","floor":24,"gold_loss":84},{"damage_healed":0,"gold_gain":0,"player_choice":"Stole Relic","damage_taken":0,"relics_obtained":["Calipers"],"max_hp_gain":0,"max_hp_loss":0,"event_name":"Addict","floor":27,"gold_loss":0,"cards_obtained":["Shame"]}],"is_beta":true,"boss_relics":[{"not_picked":["Runic Dome","Philosopher\u0027s Stone"],"picked":"Fusion Hammer"}],"items_purged_floors":[],"is_endless":false,"potions_floor_spawned":[4,5,14,16,19,20,30],"killed_by":"Collector","ascension_level":2}