{"gold_per_floor":[119,119,119,136,136,161,161,190,190,190,206,206,238,258,258,330,330,347,347,361,411,166,200,200,216,216,32,32,46,46,57,57,131,131,149,149,49,0,19,51,51,86,86,104,104,104,104,104,104,104,104,104,104,5,38,38],"floor_reached":56,"playtime":2405,"items_purged":["Strike_B","Strike_B"],"score":2178,"play_id":"5c8bd26d-4201-428d-a99b-796117d57d99","local_time":"20190622022616","is_ascension_mode":true,"campfire_choices":[{"data":"Dualcast","floor":7.0,"key":"SMITH"},{"floor":10.0,"key":"REST"},{"data":"Recycle","floor":12.0,"key":"SMITH"},{"data":"Consume","floor":15.0,"key":"SMITH"},{"data":"Electrodynamics","floor":24.0,"key":"SMITH"},{"data":"Capacitor","floor":32.0,"key":"SMITH"},{"data":"Self Repair","floor":41.0,"key":"SMITH"},{"data":"Biased Cognition","floor":45.0,"key":"SMITH"},{"floor":49.0,"key":"RECALL"},{"data":"Zap","floor":53.0,"key":"SMITH"}],"neow_cost":"NONE","seed_source_timestamp":24379689865038,"circlet_count":0,"master_deck":["AscendersBane","Strike_B+1","Strike_B+1","Defend_B","Defend_B","Defend_B","Zap+1","Dualcast+1","Recycle+1","Consume+1","Coolheaded+1","Leap+1","Ball Lightning","Electrodynamics+1","Ghostly+1","Ghostly+1","Ghostly+1","Double Energy+1","Capacitor+1","Chaos+1","Core Surge","Coolheaded+1","Skim+1","Biased Cognition+1","Hologram+1","Self Repair+1","Turbo+1","Panacea+1","Darkness+1","PanicButton+1"],"special_seed":0,"relics":["Cracked Core","NeowsBlessing","Darkstone Periapt","Omamori","Happy Flower","Toxic Egg 2","FossilizedHelix","Cursed Key","Oddly Smooth Stone","FaceOfCleric","Inserter","Red Mask","Anchor","Turnip","Gremlin Horn","Bag of Preparation"],"potions_floor_usage":[],"damage_taken":[{"damage":0.0,"enemies":"Small Slimes","floor":1.0,"turns":1.0},{"damage":0.0,"enemies":"2 Louse","floor":4.0,"turns":1.0},{"damage":0.0,"enemies":"3 Sentries","floor":6.0,"turns":1.0},{"damage":25.0,"enemies":"Lagavulin","floor":8.0,"turns":6.0},{"damage":4.0,"enemies":"Jaw Worm","floor":11.0,"turns":3.0},{"damage":11.0,"enemies":"Gremlin Nob","floor":13.0,"turns":3.0},{"damage":0.0,"enemies":"Red Slaver","floor":14.0,"turns":3.0},{"damage":11.0,"enemies":"Slime Boss","floor":16.0,"turns":10.0},{"damage":0.0,"enemies":"Chosen","floor":18.0,"turns":3.0},{"damage":0.0,"enemies":"2 Thieves","floor":20.0,"turns":3.0},{"damage":0.0,"enemies":"Slavers","floor":23.0,"turns":3.0},{"damage":0.0,"enemies":"3 Cultists","floor":25.0,"turns":4.0},{"damage":15.0,"enemies":"Chosen and Byrds","floor":29.0,"turns":6.0},{"damage":0.0,"enemies":"Centurion and Healer","floor":31.0,"turns":6.0},{"damage":0.0,"enemies":"Champ","floor":33.0,"turns":11.0},{"damage":0.0,"enemies":"3 Shapes","floor":35.0,"turns":4.0},{"damage":15.0,"enemies":"3 Darklings","floor":39.0,"turns":6.0},{"damage":20.0,"enemies":"Reptomancer","floor":40.0,"turns":7.0},{"damage":1.0,"enemies":"Giant Head","floor":42.0,"turns":11.0},{"damage":0.0,"enemies":"Jaw Worm Horde","floor":44.0,"turns":4.0},{"damage":0.0,"enemies":"Awakened One","floor":50.0,"turns":9.0},{"damage":18.0,"enemies":"Time Eater","floor":51.0,"turns":11.0},{"damage":18.0,"enemies":"Shield and Spear","floor":55.0,"turns":10.0},{"damage":40,"enemies":"The Heart","floor":56,"turns":8}],"seed_played":"5019659122851745971","potions_obtained":[{"floor":4.0,"key":"Poison Potion"},{"floor":11.0,"key":"Strength Potion"},{"floor":13.0,"key":"Block Potion"},{"floor":23.0,"key":"EssenceOfSteel"},{"floor":25.0,"key":"SteroidPotion"},{"floor":39.0,"key":"SneckoOil"},{"floor":42.0,"key":"FairyPotion"}],"is_trial":false,"path_per_floor":["M","?","?","M","?","E","R","E","T","R","M","R","E","M","R","B",null,"M","?","M","?","$","E","R","M","T","$","?","M","$","M","R","B",null,"M","?","$","?","M","E","R","E","T","M","R","?","$","?","R","B","B",null,"R","$","E","B"],"character_chosen":"DEFECT","items_purchased":["Capacitor","FocusPotion","Core Surge","Coolheaded+1","PanicButton+1"],"campfire_rested":1,"item_purchase_floors":[22,22,27,27,54],"current_hp_per_floor":[64,53,58,58,35,35,35,10,10,32,28,28,17,17,17,6,59,59,38,38,38,38,38,38,38,38,38,38,24,24,25,25,26,37,38,38,38,38,24,5,5,15,15,26,26,26,26,26,26,37,30,42,42,42,35,0],"gold":38,"neow_bonus":"THREE_ENEMY_KILL","is_prod":false,"is_daily":false,"chose_seed":false,"campfire_upgraded":8,"win_rate":0,"timestamp":1561141576,"path_taken":["M","?","?","M","?","E","R","E","T","R","M","R","E","M","R","BOSS","M","?","M","?","$","E","R","M","T","$","?","?","?","M","R","BOSS","M","?","$","?","M","E","R","E","T","M","R","?","?","?","R","BOSS","BOSS","R","$","E","BOSS"],"build_version":"2019-01-23","purchased_purges":2,"victory":false,"max_hp_per_floor":[71,71,76,76,76,76,76,76,76,76,76,76,76,76,76,76,76,76,38,38,38,38,38,38,38,38,38,38,39,39,40,40,41,41,42,40,40,40,41,42,42,43,43,44,44,44,44,44,44,45,46,46,46,46,47,47],"card_choices":[{"not_picked":["Rebound","Aggregate","Gash"],"picked":"SKIP","floor":1.0},{"not_picked":["Heatsinks","Rebound","Redo"],"picked":"SKIP","floor":4.0},{"not_picked":["Stack","Conserve Battery"],"picked":"Recycle","floor":6.0},{"not_picked":["FTL","Leap"],"picked":"Consume","floor":8.0},{"not_picked":["Cold Snap","Barrage"],"picked":"Coolheaded+1","floor":11.0},{"not_picked":["Sweeping Beam","Compile Driver"],"picked":"Leap+1","floor":13.0},{"not_picked":["Hologram+1","Self Repair"],"picked":"Ball Lightning","floor":14.0},{"not_picked":["Multi-Cast+1","Creative AI"],"picked":"Electrodynamics","floor":16.0},{"not_picked":["Genetic Algorithm+1","Leap+1","Sweeping Beam"],"picked":"SKIP","floor":18.0},{"not_picked":["Double Energy+1","Streamline","Leap+1"],"picked":"SKIP","floor":20.0},{"not_picked":["Streamline","Leap+1"],"picked":"Double Energy+1","floor":20.0},{"not_picked":["Leap+1","Recycle+1"],"picked":"Chaos+1","floor":23.0},{"not_picked":["Sweeping Beam","Redo+1","Lockon"],"picked":"SKIP","floor":25.0},{"not_picked":["Sweeping Beam","Redo+1","Lockon"],"picked":"SKIP","floor":25.0},{"not_picked":["Sunder","Heatsinks","Reprogram+1"],"picked":"SKIP","floor":29.0},{"not_picked":["Conserve Battery+1","Leap+1"],"picked":"Skim+1","floor":31.0},{"not_picked":["Hyperbeam","Meteor Strike"],"picked":"Biased Cognition","floor":33.0},{"not_picked":["Stack+1","FTL"],"picked":"Hologram+1","floor":35.0},{"not_picked":["Beam Cell","Static Discharge","Melter"],"picked":"SKIP","floor":39.0},{"not_picked":["Hello World+1","Reboot+1"],"picked":"Self Repair","floor":40.0},{"not_picked":["Go for the Eyes","Beam Cell","Conserve Battery+1"],"picked":"SKIP","floor":42.0},{"not_picked":["Blizzard+1","Go for the Eyes"],"picked":"Turbo+1","floor":44.0},{"not_picked":["Enlightenment+1","Secret Technique+1"],"picked":"Panacea+1","floor":46.0},{"not_picked":["Rebound","Barrage+1","Chill+1"],"picked":"SKIP","floor":55.0}],"player_experience":996472,"relics_obtained":[{"floor":6.0,"key":"Omamori"},{"floor":8.0,"key":"Happy Flower"},{"floor":9.0,"key":"Toxic Egg 2"},{"floor":13.0,"key":"FossilizedHelix"},{"floor":23.0,"key":"Oddly Smooth Stone"},{"floor":40.0,"key":"Anchor"},{"floor":42.0,"key":"Turnip"},{"floor":43.0,"key":"Gremlin Horn"},{"floor":55.0,"key":"Bag of Preparation"}],"event_choices":[{"damage_healed":0.0,"max_hp_gain":0.0,"max_hp_loss":0.0,"gold_gain":0.0,"event_name":"Scrap Ooze","player_choice":"Success","floor":2.0,"gold_loss":0.0,"damage_taken":11.0,"relics_obtained":["Darkstone Periapt"]},{"damage_healed":0.0,"max_hp_gain":5.0,"max_hp_loss":0.0,"gold_gain":0.0,"event_name":"Big Fish","player_choice":"Donut","floor":3.0,"gold_loss":0.0,"damage_taken":0.0},{"damage_healed":0.0,"max_hp_gain":0.0,"max_hp_loss":0.0,"gold_gain":0.0,"event_name":"Shining Light","player_choice":"Entered Light","floor":5.0,"gold_loss":0.0,"damage_taken":23.0,"cards_upgraded":["Strike_B","Strike_B"]},{"damage_healed":0.0,"max_hp_gain":0.0,"max_hp_loss":38.0,"gold_gain":0.0,"event_name":"Ghosts","player_choice":"Became a Ghost","floor":19.0,"gold_loss":0.0,"damage_taken":0.0,"cards_obtained":["Ghostly","Ghostly","Ghostly"]},{"damage_healed":0.0,"max_hp_gain":0.0,"max_hp_loss":0.0,"gold_gain":50.0,"event_name":"Nest","player_choice":"Stole From Cult","floor":21.0,"gold_loss":0.0,"damage_taken":0.0},{"damage_healed":0.0,"max_hp_gain":0.0,"max_hp_loss":0.0,"gold_gain":0.0,"event_name":"FaceTrader","player_choice":"Trade","floor":28.0,"gold_loss":0.0,"damage_taken":0.0,"relics_obtained":["FaceOfCleric"]},{"damage_healed":0.0,"max_hp_gain":0.0,"max_hp_loss":2.0,"gold_gain":0.0,"event_name":"Winding Halls","player_choice":"Max HP","floor":36.0,"gold_loss":0.0,"damage_taken":0.0},{"damage_healed":0.0,"max_hp_gain":0.0,"max_hp_loss":0.0,"gold_gain":0.0,"event_name":"Tomb of Lord Red Mask","player_choice":"Paid","floor":38.0,"gold_loss":49.0,"damage_taken":0.0,"relics_obtained":["Red Mask"]},{"damage_healed":0.0,"max_hp_gain":0.0,"max_hp_loss":0.0,"gold_gain":0.0,"event_name":"SensoryStone","player_choice":"Memory 1","floor":46.0,"gold_loss":0.0,"damage_taken":0.0},{"damage_healed":0.0,"max_hp_gain":0.0,"max_hp_loss":0.0,"gold_gain":0.0,"cards_transformed":["Defend_B"],"event_name":"Transmorgrifier","player_choice":"Transformed","floor":48.0,"gold_loss":0.0,"damage_taken":0.0,"cards_obtained":["Darkness"]}],"is_beta":false,"boss_relics":[{"not_picked":["Black Star","Orrery"],"picked":"Cursed Key"},{"not_picked":["Coffee Dripper","Snecko Eye"],"picked":"Inserter"}],"items_purged_floors":[22,37],"is_endless":false,"potions_floor_spawned":[4,11,13,23,25,39,42],"killed_by":"The Heart","ascension_level":20}