{"gold_per_floor":[115,190,20,20,20,45,45,76,76,86,105,105,120,131,131,204,204,220,135,135,85,46,46,56,56,56,56,68,68,81,109,109,185,185,201,201,8,8,8,37,0,0,23,49,63,34,34,54,54,54,54],"floor_reached":52,"playtime":2448,"items_purged":["Strike_B","Strike_B","Defend_B"],"score":1968,"play_id":"4d732317-19e8-4e0f-81c0-7403574e342d","local_time":"20181107115001","is_ascension_mode":true,"campfire_choices":[{"data":"Barrage","floor":7.0,"key":"SMITH"},{"floor":12.0,"key":"REST"},{"data":"Buffer","floor":15.0,"key":"SMITH"},{"data":"Fission","floor":23.0,"key":"SMITH"},{"data":"Reinforced Body","floor":25.0,"key":"SMITH"},{"data":"Self Repair","floor":27.0,"key":"SMITH"},{"data":"Go for the Eyes","floor":32.0,"key":"SMITH"},{"data":"Biased Cognition","floor":42.0,"key":"SMITH"},{"data":"Coolheaded","floor":47.0,"key":"SMITH"},{"data":"Capacitor","floor":49.0,"key":"SMITH"}],"neow_cost":"NONE","seed_source_timestamp":0,"circlet_count":0,"master_deck":["AscendersBane","Defend_B+1","Zap+1","Dualcast+1","Ball Lightning+1","Barrage+1","Skim+1","Go for the Eyes+1","Reinforced Body+1","Buffer+1","Electrodynamics+1","Doom and Gloom+1","All For One+1","Streamline+1","Fission+1","Self Repair+1","Glacier+1","Compile Driver+1","Beam Cell+1","Turbo+1","Loop+1","Rainbow+1","Coolheaded+1","Defragment+1","Stack+1","Biased Cognition+1","Capacitor+1","White Noise+1","Coolheaded+1","Gash+1"],"special_seed":0,"relics":["Cracked Core","Strawberry","Smiling Mask","Ancient Tea Set","Coffee Dripper","StoneCalendar","Cables","Torii","Runic Pyramid","Mark of the Bloom","PreservedInsect","Red Mask","Orichalcum","Regal Pillow"],"potions_floor_usage":[51],"damage_taken":[{"damage":4.0,"enemies":"Small Slimes","floor":1.0,"turns":3.0},{"damage":36.0,"enemies":"Gremlin Nob","floor":6.0,"turns":4.0},{"damage":15.0,"enemies":"Lagavulin","floor":8.0,"turns":5.0},{"damage":2.0,"enemies":"Jaw Worm","floor":10.0,"turns":3.0},{"damage":0.0,"enemies":"Cultist","floor":11.0,"turns":3.0},{"damage":0.0,"enemies":"Large Slime","floor":13.0,"turns":4.0},{"damage":3.0,"enemies":"Looter","floor":14.0,"turns":2.0},{"damage":14.0,"enemies":"The Guardian","floor":16.0,"turns":13.0},{"damage":0.0,"enemies":"Chosen","floor":18.0,"turns":4.0},{"damage":5.0,"enemies":"Shell Parasite","floor":24.0,"turns":5.0},{"damage":7.0,"enemies":"Snecko","floor":28.0,"turns":3.0},{"damage":0.0,"enemies":"Cultist and Chosen","floor":30.0,"turns":4.0},{"damage":33.0,"enemies":"Gremlin Leader","floor":31.0,"turns":4.0},{"damage":20.0,"enemies":"Champ","floor":33.0,"turns":8.0},{"damage":11.0,"enemies":"3 Darklings","floor":35.0,"turns":4.0},{"damage":0.0,"enemies":"Giant Head","floor":40.0,"turns":6.0},{"damage":0.0,"enemies":"Reptomancer","floor":44.0,"turns":2.0},{"damage":0.0,"enemies":"Orb Walker","floor":45.0,"turns":3.0},{"damage":1.0,"enemies":"Sphere and 2 Shapes","floor":48.0,"turns":4.0},{"damage":13.0,"enemies":"Donu and Deca","floor":50.0,"turns":7.0},{"damage":7,"enemies":"Awakened One","floor":51,"turns":11}],"seed_played":"8516513157226358884","potions_obtained":[{"floor":8.0,"key":"Explosive Potion"},{"floor":11.0,"key":"EssenceOfSteel"},{"floor":16.0,"key":"PowerPotion"},{"floor":40.0,"key":"Energy Potion"},{"floor":48.0,"key":"PowerPotion"}],"is_trial":false,"path_per_floor":["M","?","$","?","?","E","R","E","T","M","M","R","M","M","R","B",null,"M","?","?","$","$","R","M","R","T","R","M","?","M","E","R","B",null,"M","?","$","?","$","E","?","R","T","E","M","$","R","M","R","B","B",null],"character_chosen":"DEFECT","items_purchased":["Barrage","Skim","Glacier","Defragment","Stack","Coolheaded"],"campfire_rested":1,"item_purchase_floors":[3,3,22,37,37,46],"current_hp_per_floor":[60,49,49,49,49,20,20,5,5,3,3,26,26,23,23,9,61,61,61,61,61,61,61,63,63,63,63,66,66,76,53,53,33,67,66,66,66,66,66,66,66,66,66,66,66,66,66,65,65,52,45],"gold":54,"neow_bonus":"UPGRADE_CARD","is_prod":false,"is_daily":false,"chose_seed":false,"campfire_upgraded":9,"win_rate":0,"timestamp":1541562601,"path_taken":["M","?","$","?","?","E","R","E","T","M","M","R","?","M","R","BOSS","M","?","?","?","$","R","M","R","T","R","?","?","M","E","R","BOSS","M","?","$","?","$","E","?","R","T","E","M","?","R","M","R","BOSS","BOSS"],"build_version":"2018-11-02","purchased_purges":3,"victory":true,"max_hp_per_floor":[71,71,71,71,71,78,78,78,78,78,78,78,78,78,78,78,78,78,78,78,78,78,78,78,78,78,78,78,78,78,78,78,78,78,78,78,78,78,78,78,78,78,78,78,78,78,78,78,78,78,78],"card_choices":[{"not_picked":["Go for the Eyes","Loop"],"picked":"Ball Lightning","floor":1.0},{"not_picked":["Rebound","Ball Lightning"],"picked":"Go for the Eyes","floor":6.0},{"not_picked":["Coolheaded","Tempest"],"picked":"Reinforced Body","floor":8.0},{"not_picked":["Steam Power","Rebound"],"picked":"Buffer","floor":10.0},{"not_picked":["Scrape","Rebound","Turbo"],"picked":"SKIP","floor":11.0},{"not_picked":["Conserve Battery","Skim"],"picked":"Electrodynamics","floor":13.0},{"not_picked":["FTL","Steam"],"picked":"Doom and Gloom","floor":14.0},{"not_picked":["Multi-Cast","Thunder Strike"],"picked":"All For One","floor":16.0},{"not_picked":["Cold Snap","Barrage"],"picked":"Streamline+1","floor":18.0},{"not_picked":["Go for the Eyes","Turbo"],"picked":"Compile Driver","floor":24.0},{"not_picked":["Go for the Eyes","Storm"],"picked":"Beam Cell","floor":28.0},{"not_picked":["Beam Cell","Buffer"],"picked":"Turbo","floor":30.0},{"not_picked":["Steam","Recycle"],"picked":"Loop","floor":31.0},{"not_picked":["Machine Learning","Seek"],"picked":"Rainbow","floor":33.0},{"not_picked":["Gash","Beam Cell"],"picked":"Coolheaded+1","floor":35.0},{"not_picked":["Hologram","Steam Power"],"picked":"Biased Cognition","floor":40.0},{"not_picked":["Reprogram+1","Tempest+1"],"picked":"Capacitor","floor":44.0},{"not_picked":["Compile Driver","Sunder"],"picked":"White Noise+1","floor":45.0},{"not_picked":["Static Discharge","Cold Snap+1"],"picked":"Gash+1","floor":48.0}],"player_experience":504150,"relics_obtained":[{"floor":6.0,"key":"Strawberry"},{"floor":8.0,"key":"Smiling Mask"},{"floor":9.0,"key":"Ancient Tea Set"},{"floor":26.0,"key":"Cables"},{"floor":31.0,"key":"Torii"},{"floor":40.0,"key":"PreservedInsect"},{"floor":43.0,"key":"Orichalcum"},{"floor":44.0,"key":"Regal Pillow"}],"event_choices":[{"damage_healed":0.0,"max_hp_gain":0.0,"max_hp_loss":0.0,"gold_gain":75.0,"event_name":"World of Goop","player_choice":"Gather Gold","floor":2.0,"gold_loss":0.0,"damage_taken":11.0},{"damage_healed":0.0,"max_hp_gain":0.0,"max_hp_loss":0.0,"gold_gain":0.0,"event_name":"The Cleric","player_choice":"Leave","floor":4.0,"gold_loss":0.0,"damage_taken":0.0},{"cards_removed":["Strike_B"],"damage_healed":0.0,"max_hp_gain":0.0,"max_hp_loss":0.0,"gold_gain":0.0,"event_name":"Wheel of Change","player_choice":"Card Removal","floor":5.0,"gold_loss":0.0,"damage_taken":0.0},{"damage_healed":0.0,"max_hp_gain":0.0,"max_hp_loss":0.0,"gold_gain":0.0,"event_name":"Addict","player_choice":"Obtained Relic","floor":19.0,"gold_loss":85.0,"damage_taken":0.0,"relics_obtained":["StoneCalendar"]},{"damage_healed":0.0,"max_hp_gain":0.0,"max_hp_loss":0.0,"gold_gain":0.0,"cards_transformed":["Defend_B","Strike_B"],"event_name":"Drug Dealer","player_choice":"Became Test Subject","floor":20.0,"gold_loss":0.0,"damage_taken":0.0,"cards_obtained":["Fission","Self Repair"]},{"cards_removed":["Defend_B"],"damage_healed":0.0,"max_hp_gain":0.0,"max_hp_loss":0.0,"gold_gain":0.0,"event_name":"Back to Basics","player_choice":"Elegance","floor":29.0,"gold_loss":0.0,"damage_taken":0.0},{"damage_healed":0.0,"max_hp_gain":0.0,"max_hp_loss":0.0,"gold_gain":0.0,"event_name":"Mysterious Sphere","player_choice":"Ignored","floor":36.0,"gold_loss":0.0,"damage_taken":0.0},{"damage_healed":0.0,"max_hp_gain":0.0,"max_hp_loss":0.0,"gold_gain":0.0,"event_name":"MindBloom","player_choice":"Upgrade","floor":38.0,"gold_loss":0.0,"damage_taken":0.0,"cards_upgraded":["Defend_B","Dualcast","Ball Lightning","Skim","Electrodynamics","Doom and Gloom","All For One","Glacier","Compile Driver","Beam Cell","Turbo","Loop","Rainbow","Defragment","Stack"],"relics_obtained":["Mark of the Bloom"]},{"damage_healed":0.0,"max_hp_gain":0.0,"max_hp_loss":0.0,"gold_gain":0.0,"event_name":"Tomb of Lord Red Mask","player_choice":"Paid","floor":41.0,"gold_loss":37.0,"damage_taken":0.0,"relics_obtained":["Red Mask"]}],"is_beta":true,"boss_relics":[{"not_picked":["Snecko Eye","Calling Bell"],"picked":"Coffee Dripper"},{"not_picked":["Lizard Tail","Fusion Hammer"],"picked":"Runic Pyramid"}],"items_purged_floors":[3,21,37],"is_endless":false,"potions_floor_spawned":[8,11,13,16,18,28,30,31,40,48],"ascension_level":20}