{"gold_per_floor":[110,160,175,100,175,175,92,92,115,26,45,45,58,77,77,77],"floor_reached":16,"playtime":568,"items_purged":["Strike_B"],"score":180,"play_id":"cbf234ea-30f9-4ca0-8a2d-d643ebfeb090","local_time":"20190131150413","is_ascension_mode":true,"campfire_choices":[{"data":"Beam Cell","floor":6.0,"key":"SMITH"},{"data":"Streamline","floor":8.0,"key":"SMITH"},{"data":"Hologram","floor":12.0,"key":"SMITH"},{"data":"Zap","floor":15.0,"key":"SMITH"}],"neow_cost":"TEN_PERCENT_HP_LOSS","seed_source_timestamp":0,"circlet_count":0,"master_deck":["AscendersBane","Strike_B","Strike_B","Strike_B","Defend_B","Defend_B","Defend_B","Defend_B","Zap+1","Dualcast","Multi-Cast","Streamline+1","Beam Cell+1","Self Repair","Hologram+1"],"special_seed":0,"relics":["Cracked Core","Oddly Smooth Stone","Vajra"],"potions_floor_usage":[],"damage_taken":[{"damage":0.0,"enemies":"Small Slimes","floor":1.0,"turns":3.0},{"damage":1.0,"enemies":"Cultist","floor":3.0,"turns":3.0},{"damage":7.0,"enemies":"Jaw Worm","floor":11.0,"turns":3.0},{"damage":2.0,"enemies":"Large Slime","floor":13.0,"turns":4.0},{"damage":16.0,"enemies":"Lots of Slimes","floor":14.0,"turns":4.0},{"damage":26,"enemies":"The Guardian","floor":16,"turns":7}],"seed_played":"-1661914015440464171","potions_obtained":[{"floor":11.0,"key":"Energy Potion"},{"floor":14.0,"key":"EntropicBrew"}],"is_trial":false,"path_per_floor":["M","?","M","$","?","R","?","R","T","$","M","R","M","M","R","B"],"character_chosen":"DEFECT","items_purchased":["Self Repair"],"campfire_rested":0,"item_purchase_floors":[10],"current_hp_per_floor":[64,58,57,57,46,46,46,46,46,46,39,39,37,28,28,2],"gold":77,"neow_bonus":"THREE_RARE_CARDS","is_prod":false,"is_daily":false,"chose_seed":false,"campfire_upgraded":4,"win_rate":0,"timestamp":1548918253,"path_taken":["M","?","?","$","?","R","?","R","T","$","M","R","?","M","R","BOSS"],"build_version":"2019-01-23","purchased_purges":1,"victory":false,"max_hp_per_floor":[64,64,64,64,64,64,64,64,64,64,64,64,64,64,64,64],"card_choices":[{"not_picked":["Fission","Core Surge"],"picked":"Multi-Cast","floor":0.0},{"not_picked":["Steam","Conserve Battery"],"picked":"Streamline","floor":1.0},{"not_picked":["Ball Lightning","Double Energy"],"picked":"Beam Cell","floor":3.0},{"not_picked":["Ball Lightning","Turbo"],"picked":"Hologram","floor":11.0},{"not_picked":["Hologram","Cold Snap","Recycle"],"picked":"SKIP","floor":13.0},{"not_picked":["Turbo","Compile Driver","Hello World"],"picked":"SKIP","floor":14.0}],"player_experience":743347,"relics_obtained":[{"floor":9.0,"key":"Vajra"}],"event_choices":[{"damage_healed":0.0,"max_hp_gain":0.0,"max_hp_loss":0.0,"gold_gain":50.0,"event_name":"FaceTrader","player_choice":"Touch","floor":2.0,"gold_loss":0.0,"damage_taken":6.0},{"damage_healed":0.0,"max_hp_gain":0.0,"max_hp_loss":0.0,"gold_gain":75.0,"event_name":"World of Goop","player_choice":"Gather Gold","floor":5.0,"gold_loss":0.0,"damage_taken":11.0},{"damage_healed":0.0,"max_hp_gain":0.0,"max_hp_loss":0.0,"gold_gain":0.0,"event_name":"WeMeetAgain","player_choice":"Paid Gold","floor":7.0,"gold_loss":83.0,"damage_taken":0.0,"relics_obtained":["Oddly Smooth Stone"]}],"is_beta":true,"boss_relics":[],"items_purged_floors":[4],"is_endless":false,"potions_floor_spawned":[11,14],"killed_by":"The Guardian","ascension_level":20}