{"gold_per_floor":[117,134,284,284,6,41,58,74,74,91,166,186,186,197,197,274,274,284,184,196,121,138,138,138,150,150,170,170,185,185,202,202,279,279,299,174,184,109,120,120,131,131,131,142,142,0,0,18,18,18],"floor_reached":51,"playtime":3935,"items_purged":["Doubt","Strike_R","Hemokinesis"],"score":1302,"play_id":"4c6caeb3-afef-44d1-a922-2b5da0039146","local_time":"20190216111545","is_ascension_mode":true,"campfire_choices":[{"data":"Evolve","floor":13.0,"key":"SMITH"},{"data":"Fiend Fire","floor":15.0,"key":"SMITH"},{"data":"Dark Embrace","floor":23.0,"key":"SMITH"},{"data":"Feel No Pain","floor":28.0,"key":"SMITH"},{"floor":30.0,"key":"REST"},{"floor":32.0,"key":"REST"},{"data":"Feel No Pain","floor":40.0,"key":"SMITH"},{"floor":42,"key":"REST"},{"floor":45,"key":"REST"},{"floor":49,"key":"REST"}],"neow_cost":"NONE","seed_source_timestamp":0,"circlet_count":0,"master_deck":["AscendersBane","Defend_R","Defend_R","Defend_R","Defend_R","Bash","Feed","Shrug It Off","Fiend Fire+1","Feel No Pain+1","Evolve+1","Dark Embrace+1","Pommel Strike+1","True Grit+1","Warcry+1","Ghostly Armor","Second Wind+1","Feel No Pain+1","Body Slam+1","Sentinel+1"],"special_seed":0,"relics":["Burning Blood","NeowsBlessing","Sundial","Shuriken","Charon\u0027s Ashes","Astrolabe","Unceasing Top","Runic Cube","Frozen Egg 2","Red Mask"],"potions_floor_usage":[41,50,50],"damage_taken":[{"damage":0.0,"enemies":"Cultist","floor":1.0,"turns":1.0},{"damage":0.0,"enemies":"Jaw Worm","floor":2.0,"turns":1.0},{"damage":0.0,"enemies":"3 Sentries","floor":6.0,"turns":2.0},{"damage":6.0,"enemies":"2 Louse","floor":7.0,"turns":2.0},{"damage":6.0,"enemies":"2 Fungi Beasts","floor":8.0,"turns":3.0},{"damage":5.0,"enemies":"Lots of Slimes","floor":10.0,"turns":2.0},{"damage":13.0,"enemies":"Gremlin Gang","floor":12.0,"turns":3.0},{"damage":13.0,"enemies":"Blue Slaver","floor":14.0,"turns":3.0},{"damage":28.0,"enemies":"Slime Boss","floor":16.0,"turns":5.0},{"damage":33.0,"enemies":"2 Thieves","floor":18.0,"turns":4.0},{"damage":29.0,"enemies":"Shell Parasite","floor":20.0,"turns":11.0},{"damage":11.0,"enemies":"Centurion and Healer","floor":22.0,"turns":4.0},{"damage":15.0,"enemies":"3 Cultists","floor":25.0,"turns":4.0},{"damage":1.0,"enemies":"Sentry and Sphere","floor":27.0,"turns":3.0},{"damage":3.0,"enemies":"Chosen and Byrds","floor":29.0,"turns":8.0},{"damage":13.0,"enemies":"Cultist and Chosen","floor":31.0,"turns":6.0},{"damage":24.0,"enemies":"Collector","floor":33.0,"turns":7.0},{"damage":11.0,"enemies":"3 Darklings","floor":35.0,"turns":4.0},{"damage":29.0,"enemies":"3 Shapes","floor":37.0,"turns":6.0},{"damage":55.0,"enemies":"Transient","floor":39.0,"turns":4.0},{"damage":0,"enemies":"Writhing Mass","floor":41,"turns":4},{"damage":13,"enemies":"Jaw Worm Horde","floor":44,"turns":3},{"damage":14,"enemies":"Maw","floor":48,"turns":4},{"damage":83,"enemies":"Time Eater","floor":50,"turns":11}],"seed_played":"-3720615601686748707","potions_obtained":[{"floor":2.0,"key":"BloodPotion"},{"floor":7.0,"key":"FearPotion"},{"floor":41,"key":"Fire Potion"}],"is_trial":false,"path_per_floor":["M","M","?","T","$","E","M","M","T","M","?","M","R","M","R","B",null,"M","$","M","?","M","R","?","M","T","M","R","M","R","M","R","B",null,"M","$","M","$","M","R","M","R","T","M","R","?","?","M","R","B",null],"character_chosen":"IRONCLAD","items_purchased":["Feed","Shrug It Off","Feel No Pain"],"campfire_rested":5,"item_purchase_floors":[5,5,38],"current_hp_per_floor":[74,75,75,75,75,78,81,84,84,84,73,66,66,59,59,37,72,48,48,25,25,23,23,23,17,17,22,22,28,56,49,77,59,87,85,85,65,65,16,16,32,62,62,55,85,85,85,77,97,20],"gold":18,"neow_bonus":"THREE_ENEMY_KILL","is_prod":false,"is_daily":false,"chose_seed":false,"campfire_upgraded":5,"win_rate":0,"timestamp":1550286945,"path_taken":["M","?","?","?","?","E","M","M","T","M","?","M","R","M","R","BOSS","M","$","M","?","M","R","?","M","T","M","R","?","R","M","R","BOSS","M","$","M","$","?","R","M","R","T","M","R","?","?","M","R","BOSS"],"build_version":"2019-02-06","purchased_purges":3,"victory":true,"max_hp_per_floor":[75,75,75,75,75,78,81,84,84,84,84,84,84,84,84,84,84,87,87,87,87,90,90,90,93,93,93,93,96,96,96,96,96,96,99,99,102,102,102,102,102,102,102,102,102,102,97,97,97,97],"card_choices":[{"not_picked":["Clothesline","Havoc","Sword Boomerang"],"picked":"SKIP","floor":1.0},{"not_picked":["Corruption","Blood for Blood"],"picked":"Hemokinesis","floor":2.0},{"not_picked":["Clash","Rampage"],"picked":"Fiend Fire","floor":6.0},{"not_picked":["Perfected Strike","Twin Strike","Body Slam"],"picked":"SKIP","floor":7.0},{"not_picked":["Cleave","Metallicize","Twin Strike"],"picked":"SKIP","floor":8.0},{"not_picked":["Cleave","Sword Boomerang"],"picked":"Feel No Pain","floor":10.0},{"not_picked":["Shrug It Off","Clothesline"],"picked":"Evolve","floor":12.0},{"not_picked":["Searing Blow","Sword Boomerang","Combust"],"picked":"SKIP","floor":14.0},{"not_picked":["Reaper","Fiend Fire"],"picked":"Dark Embrace","floor":16.0},{"not_picked":["True Grit","Pommel Strike","Disarm"],"picked":"SKIP","floor":18.0},{"not_picked":["Disarm","Anger","Heavy Blade"],"picked":"SKIP","floor":20.0},{"not_picked":["Armaments+1","Shockwave"],"picked":"Ghostly Armor","floor":22.0},{"not_picked":["Sword Boomerang","Heavy Blade","Flex"],"picked":"SKIP","floor":25.0},{"not_picked":["Twin Strike","Anger","Pommel Strike"],"picked":"SKIP","floor":27.0},{"not_picked":["Searing Blow","Havoc","Thunderclap"],"picked":"SKIP","floor":29.0},{"not_picked":["Perfected Strike","Reaper","Clash"],"picked":"SKIP","floor":31.0},{"not_picked":["Flex+1","Shockwave","Sever Soul"],"picked":"SKIP","floor":35.0},{"not_picked":["Disarm","Entrench+1"],"picked":"Second Wind+1","floor":37.0},{"not_picked":["Perfected Strike","Blood for Blood+1","Disarm"],"picked":"SKIP","floor":39.0},{"not_picked":["Shockwave","Infernal Blade"],"picked":"Body Slam+1","floor":41},{"not_picked":["Twin Strike","Battle Trance"],"picked":"Sentinel+1","floor":44},{"not_picked":["Evolve+1","Clash","Wild Strike"],"picked":"SKIP","floor":48}],"player_experience":796600,"relics_obtained":[{"floor":4.0,"key":"Sundial"},{"floor":6.0,"key":"Shuriken"},{"floor":9.0,"key":"Charon\u0027s Ashes"},{"floor":26.0,"key":"Unceasing Top"},{"floor":43,"key":"Frozen Egg 2"}],"event_choices":[{"damage_healed":0.0,"max_hp_gain":0.0,"max_hp_loss":0.0,"gold_gain":150.0,"event_name":"Liars Game","player_choice":"AGREE","floor":3.0,"gold_loss":0.0,"damage_taken":0.0,"cards_obtained":["Doubt"]},{"damage_healed":0.0,"max_hp_gain":0.0,"max_hp_loss":0.0,"gold_gain":75.0,"event_name":"World of Goop","player_choice":"Gather Gold","floor":11.0,"gold_loss":0.0,"damage_taken":11.0},{"cards_removed":["Strike_R"],"damage_healed":0.0,"max_hp_gain":0.0,"max_hp_loss":0.0,"gold_gain":0.0,"event_name":"Beggar","player_choice":"Gave Gold","floor":21.0,"gold_loss":75.0,"damage_taken":0.0},{"damage_healed":0.0,"max_hp_gain":0.0,"max_hp_loss":0.0,"gold_gain":0.0,"event_name":"N\u0027loth","player_choice":"Ignored","floor":24.0,"gold_loss":0.0,"damage_taken":0.0},{"damage_healed":0,"gold_gain":0,"player_choice":"Paid","damage_taken":0,"relics_obtained":["Red Mask"],"max_hp_gain":0,"max_hp_loss":0,"event_name":"Tomb of Lord Red Mask","floor":46,"gold_loss":142},{"damage_healed":0,"gold_gain":0,"player_choice":"Max HP","damage_taken":0,"max_hp_gain":0,"max_hp_loss":5,"event_name":"Winding Halls","floor":47,"gold_loss":0}],"is_beta":true,"boss_relics":[{"not_picked":["Ectoplasm","White Beast Statue"],"picked":"Astrolabe"},{"not_picked":["Lizard Tail","Eternal Feather"],"picked":"Runic Cube"}],"items_purged_floors":[5,19,36],"is_endless":false,"potions_floor_spawned":[2,7,12,20,25,33,41,44,48],"ascension_level":19}