{"gold_per_floor":[359,376,376,395,406,406,20,20,20,20,30,30,30,48,48,125,125,136,148,167,267,281,281,308,308,332,382,382,382,392,392,392,408,408,483,483,496,506,506,506,506,521,521,521],"floor_reached":44,"playtime":1728,"items_purged":[],"score":890,"play_id":"cc5c07ea-7239-4835-b3d1-30ec31f89268","local_time":"20190414141202","is_ascension_mode":true,"campfire_choices":[{"data":"Defragment","floor":6.0,"key":"SMITH"},{"data":"Beam Cell","floor":8.0,"key":"SMITH"},{"data":"Redo","floor":10.0,"key":"SMITH"},{"data":"Whirlwind","floor":12.0,"key":"SMITH"},{"floor":15.0,"key":"REST"},{"floor":23.0,"key":"REST"},{"data":"Hologram","floor":25.0,"key":"SMITH"},{"data":"Reboot","floor":31.0,"key":"SMITH"},{"data":"Double Energy","floor":34.0,"key":"SMITH"}],"neow_cost":"TEN_PERCENT_HP_LOSS","seed_source_timestamp":9306177630813,"circlet_count":0,"master_deck":["AscendersBane","Strike_B+1","Strike_B","Strike_B","Defend_B+1","Defend_B","Defend_B","Defend_B","Zap","Defragment+1","Undo","Bash","Redo+1","Offering","Whirlwind+1","Seeing Red","Beam Cell+1","Hologram+1","Cold Snap","Mirror Shield","Hyperbeam","Glacier","Recycle+1","Reboot+1","Double Energy+1","Double Tap","Consume+1","Crystallizer+1","ReplaySolidLightProjector+1"],"special_seed":0,"relics":["Iron Core","Simple Rune","Geode","Philosopher\u0027s Stone","Incense Burner","Pantograph","Darkstone Periapt","DataDisk","Sozu"],"potions_floor_usage":[],"damage_taken":[{"damage":2.0,"enemies":"Cultist","floor":1.0,"turns":4.0},{"damage":2.0,"enemies":"Jaw Worm","floor":2.0,"turns":3.0},{"damage":10.0,"enemies":"Small Slimes","floor":4.0,"turns":3.0},{"damage":13.0,"enemies":"2 Fungi Beasts","floor":5.0,"turns":6.0},{"damage":7.0,"enemies":"Large Slime","floor":11.0,"turns":5.0},{"damage":0.0,"enemies":"Exordium Wildlife","floor":14.0,"turns":1.0},{"damage":27.0,"enemies":"Fading Forest","floor":16.0,"turns":13.0},{"damage":0.0,"enemies":"Chosen","floor":18.0,"turns":2.0},{"damage":0.0,"enemies":"Spheric Guardian","floor":19.0,"turns":4.0},{"damage":33.0,"enemies":"Cultist and Chosen","floor":20.0,"turns":6.0},{"damage":11.0,"enemies":"Colosseum Slavers","floor":21.0,"turns":2.0},{"damage":0.0,"enemies":"Colosseum Nobs","floor":21.0,"turns":3.0},{"damage":0.0,"enemies":"3 Cultists","floor":22.0,"turns":1.0},{"damage":6.0,"enemies":"Slavers","floor":24.0,"turns":1.0},{"damage":5.0,"enemies":"Centurion and Healer","floor":30.0,"turns":2.0},{"damage":6.0,"enemies":"Shelled Parasite and Fungi","floor":33.0,"turns":1.0},{"damage":40.0,"enemies":"Collector","floor":35.0,"turns":11.0},{"damage":0.0,"enemies":"Orb Walker","floor":37.0,"turns":3.0},{"damage":14,"enemies":"3 Darklings","floor":38,"turns":5},{"damage":22,"enemies":"Sphere and 2 Shapes","floor":42,"turns":6},{"damage":51,"enemies":"Nemesis","floor":44,"turns":4}],"seed_played":"7625186273544690800","potions_obtained":[{"floor":4.0,"key":"Swift Potion"},{"floor":11.0,"key":"SkillPotion"},{"floor":22.0,"key":"EssenceOfSteel"},{"floor":33.0,"key":"Milkshake"}],"is_trial":false,"path_per_floor":["M","M","?","M","M","R","$","R","T","R","M","R","?","M","R","B",null,"M","M","M","?","M","R","E","R","T","?","PTL","PTL","M","R","?","M","R","B",null,"M","M","?","PTL","PTL","M","?","E"],"character_chosen":"DEFECT","items_purchased":["Whirlwind","Seeing Red","Simple Rune","Beam Cell"],"campfire_rested":2,"item_purchase_floors":[7,7,7,7],"current_hp_per_floor":[62,60,60,50,37,37,37,37,37,37,30,30,23,23,42,15,52,52,52,19,8,8,27,21,21,21,21,21,21,16,16,29,23,23,8,50,50,36,36,36,36,14,50,0],"gold":521,"neow_bonus":"TWO_FIFTY_GOLD","is_prod":false,"is_daily":false,"chose_seed":false,"campfire_upgraded":7,"win_rate":0,"timestamp":1555222322,"path_taken":["M","M","?","M","M","R","$","R","T","R","M","R","?","M","R","BOSS","M","M","M","?","M","R","E","R","T","?","PTL","PTL","M","R","?","?","R","BOSS","M","M","?","PTL","PTL","M","?","E"],"build_version":"2019-01-23","purchased_purges":0,"victory":false,"max_hp_per_floor":[64,64,64,64,64,64,64,64,64,64,64,64,64,64,64,64,64,64,64,64,64,64,64,64,64,64,64,64,64,64,64,64,64,64,64,64,64,64,61,61,61,61,50,50],"card_choices":[{"not_picked":["Gash","Fusion"],"picked":"Defragment","floor":1.0},{"not_picked":["Conserve Battery","Panic Button"],"picked":"Undo","floor":2.0},{"not_picked":["Beam Cell","Blizzard"],"picked":"Redo","floor":4.0},{"not_picked":["Gash","Rebound"],"picked":"Offering","floor":5.0},{"not_picked":["Turbo","Chill"],"picked":"Hologram","floor":11.0},{"not_picked":["Stack","Hologram"],"picked":"Cold Snap","floor":14.0},{"not_picked":["Machine Learning","Echo Form"],"picked":"Mirror Shield","floor":16.0},{"not_picked":["Compile Driver","Scrape","Barrage"],"picked":"SKIP","floor":18.0},{"not_picked":["Consume","Compile Driver","Sweeping Beam"],"picked":"SKIP","floor":19.0},{"not_picked":["Sweeping Beam+1","Streamline"],"picked":"Hyperbeam","floor":20.0},{"not_picked":["Auto Shields+1","Hologram"],"picked":"Glacier","floor":22.0},{"not_picked":["Darkness","Go for the Eyes+1"],"picked":"Recycle+1","floor":24.0},{"not_picked":["Streamline","Barrage"],"picked":"Reboot","floor":30.0},{"not_picked":["WeaponsOverheat","Whirlwind"],"picked":"Double Energy","floor":33.0},{"not_picked":["Buffer","Rainbow"],"picked":"Double Tap","floor":35.0},{"not_picked":["Barrage","Gash+1"],"picked":"Consume+1","floor":37.0},{"not_picked":["Ball Lightning","Streamline"],"picked":"Crystallizer+1","floor":38},{"not_picked":["Iron Wave","Whirlwind"],"picked":"ReplaySolidLightProjector+1","floor":42}],"player_experience":945442,"relics_obtained":[{"floor":9.0,"key":"Geode"},{"floor":21.0,"key":"Incense Burner"},{"floor":21.0,"key":"Pantograph"},{"floor":24.0,"key":"Darkstone Periapt"},{"floor":26.0,"key":"DataDisk"}],"event_choices":[{"cards_removed":["Strike_B"],"damage_healed":0.0,"max_hp_gain":0.0,"max_hp_loss":0.0,"gold_gain":0.0,"event_name":"Golden Wing","player_choice":"Card Removal","floor":13.0,"gold_loss":0.0,"damage_taken":7.0},{"damage_healed":0.0,"max_hp_gain":0.0,"max_hp_loss":0.0,"gold_gain":0.0,"event_name":"Colosseum","player_choice":"Fight","floor":21.0,"gold_loss":0.0,"damage_taken":0.0},{"damage_healed":0.0,"max_hp_gain":0.0,"max_hp_loss":0.0,"gold_gain":0.0,"event_name":"Colosseum","player_choice":"Fought Nobs","floor":21.0,"gold_loss":0.0,"damage_taken":0.0},{"damage_healed":0.0,"max_hp_gain":0.0,"max_hp_loss":0.0,"gold_gain":50.0,"event_name":"Nest","player_choice":"Stole From Cult","floor":27.0,"gold_loss":0.0,"damage_taken":0.0},{"damage_healed":13.0,"max_hp_gain":0.0,"max_hp_loss":0.0,"gold_gain":0.0,"event_name":"The Library","player_choice":"Heal","floor":32.0,"gold_loss":0.0,"damage_taken":0.0},{"damage_healed":0,"gold_gain":0,"player_choice":"Max HP","damage_taken":0,"max_hp_gain":0,"max_hp_loss":3,"event_name":"Winding Halls","floor":39,"gold_loss":0},{"damage_healed":50,"gold_gain":0,"player_choice":"Heal","damage_taken":0,"max_hp_gain":0,"max_hp_loss":11,"event_name":"The Moai Head","floor":43,"gold_loss":0}],"is_beta":false,"boss_relics":[{"not_picked":["Empty Cage","Snecko Eye"],"picked":"Philosopher\u0027s Stone"},{"not_picked":["White Beast Statue","Kintsugi"],"picked":"Sozu"}],"items_purged_floors":[],"is_endless":false,"potions_floor_spawned":[4,11,14,19,20,22,30,33,37,42],"killed_by":"Nemesis","ascension_level":20}