{"gold_per_floor":[111,111,129,2,2,2,22,22,22,72,107,107,124,137,137,211,211,228,15,15,15,25,0,13,13,13,24,44,78,78,95,95,167,167,181,197,212,212,231,231,231,257,257,257],"floor_reached":44,"playtime":1819,"items_purged":["Defend_B"],"score":920,"play_id":"944d5359-5984-4574-8fa8-c41d6f091dca","local_time":"20181102204426","is_ascension_mode":true,"campfire_choices":[{"data":"Zap","floor":6.0,"key":"SMITH"},{"data":"Barrage","floor":8.0,"key":"SMITH"},{"data":"Ball Lightning","floor":12.0,"key":"SMITH"},{"floor":15.0,"key":"REST"},{"data":"Seek","floor":25.0,"key":"SMITH"},{"data":"Ghostly","floor":30.0,"key":"SMITH"},{"data":"Darkness","floor":32.0,"key":"SMITH"},{"data":"Ghostly","floor":40.0,"key":"SMITH"}],"neow_cost":"NONE","seed_source_timestamp":5481753920560,"circlet_count":0,"master_deck":["AscendersBane","Strike_B","Strike_B","Strike_B","Defend_B","Defend_B","Defend_B","Zap+1","Dualcast","Beam Cell+1","Barrage+1","Leap+1","Stack+1","Ball Lightning+1","Cold Snap","Rip and Tear","Seek+1","Ghostly+1","Ghostly+1","Ghostly","Steam Power+1","Glacier","Streamline","Capacitor","Biased Cognition","Darkness+1","Electrodynamics","Redo+1","Turbo+1","Multi-Cast"],"special_seed":0,"relics":["Cracked Core","Pantograph","Bottled Flame","PreservedInsect","Cursed Key","Chemical X","War Paint","Eternal Feather","Emotion Chip"],"potions_floor_usage":[44],"damage_taken":[{"damage":7.0,"enemies":"2 Louse","floor":1.0,"turns":3.0},{"damage":6.0,"enemies":"Small Slimes","floor":3.0,"turns":3.0},{"damage":0.0,"enemies":"Cultist","floor":7.0,"turns":2.0},{"damage":16.0,"enemies":"Lagavulin","floor":11.0,"turns":7.0},{"damage":6.0,"enemies":"3 Louse","floor":13.0,"turns":3.0},{"damage":5.0,"enemies":"Large Slime","floor":14.0,"turns":4.0},{"damage":33.0,"enemies":"Slime Boss","floor":16.0,"turns":9.0},{"damage":2.0,"enemies":"Spheric Guardian","floor":18.0,"turns":3.0},{"damage":0.0,"enemies":"2 Thieves","floor":22.0,"turns":3.0},{"damage":0.0,"enemies":"Snecko","floor":24.0,"turns":4.0},{"damage":0.0,"enemies":"Centurion and Healer","floor":27.0,"turns":7.0},{"damage":10.0,"enemies":"Shelled Parasite and Fungi","floor":28.0,"turns":4.0},{"damage":18.0,"enemies":"Gremlin Leader","floor":29.0,"turns":6.0},{"damage":0.0,"enemies":"Sentry and Sphere","floor":31.0,"turns":7.0},{"damage":31.0,"enemies":"Champ","floor":33.0,"turns":10.0},{"damage":9.0,"enemies":"3 Shapes","floor":35.0,"turns":2.0},{"damage":1.0,"enemies":"Orb Walker","floor":36.0,"turns":4.0},{"damage":0.0,"enemies":"3 Darklings","floor":37.0,"turns":6.0},{"damage":15.0,"enemies":"Sphere and 2 Shapes","floor":39.0,"turns":6.0},{"damage":12.0,"enemies":"Nemesis","floor":42.0,"turns":7.0},{"damage":12,"enemies":"Jaw Worm Horde","floor":44,"turns":2}],"seed_played":"-6002584216779891723","potions_obtained":[{"floor":7.0,"key":"SkillPotion"},{"floor":14.0,"key":"SkillPotion"},{"floor":22.0,"key":"GamblersBrew"},{"floor":24.0,"key":"SteroidPotion"},{"floor":29.0,"key":"EntropicBrew"},{"floor":33.0,"key":"Dexterity Potion"},{"floor":36.0,"key":"EssenceOfSteel"},{"floor":42.0,"key":"GamblersBrew"}],"is_trial":false,"path_per_floor":["M","?","M","$","?","R","M","R","T","?","E","R","M","M","R","B",null,"M","$","?","?","M","?","M","R","T","M","M","E","R","M","R","B",null,"M","M","M","$","M","R","?","E","T","M"],"character_chosen":"DEFECT","items_purchased":["Leap","Chemical X"],"campfire_rested":1,"item_purchase_floors":[4,19],"current_hp_per_floor":[57,57,51,51,40,40,40,40,40,40,24,24,18,13,34,26,60,58,58,58,35,35,35,35,35,35,35,25,7,7,7,7,1,27,18,17,17,17,2,17,17,5,5,0],"gold":257,"neow_bonus":"REMOVE_CARD","is_prod":false,"is_daily":false,"chose_seed":false,"campfire_upgraded":7,"win_rate":0,"timestamp":1541162666,"path_taken":["M","?","M","$","?","R","M","R","T","?","E","R","M","?","R","BOSS","M","$","?","?","M","?","M","R","T","M","M","E","R","M","R","BOSS","M","M","M","$","M","R","?","E","T","M"],"build_version":"2018-11-01v2","purchased_purges":1,"victory":false,"max_hp_per_floor":[71,71,71,71,71,71,71,71,71,71,71,71,71,71,71,71,71,71,71,71,35,35,35,35,35,35,35,35,35,35,35,35,35,35,35,35,35,35,35,35,35,35,35,35],"card_choices":[{"not_picked":["Turbo","Rebound"],"picked":"Beam Cell","floor":1.0},{"not_picked":["Storm","Cold Snap"],"picked":"Barrage","floor":3.0},{"not_picked":["Coolheaded","Barrage"],"picked":"Stack","floor":7.0},{"not_picked":["Melter","Seek"],"picked":"Ball Lightning","floor":11.0},{"not_picked":["Blizzard","Hologram"],"picked":"Cold Snap","floor":13.0},{"not_picked":["Redo","Leap"],"picked":"Rip and Tear","floor":14.0},{"not_picked":["Thunder Strike","Meteor Strike"],"picked":"Seek","floor":16.0},{"not_picked":["Compile Driver","Rebound","Heatsinks"],"picked":"SKIP","floor":18.0},{"not_picked":["Fusion","Gash"],"picked":"Steam Power+1","floor":22.0},{"not_picked":["Coolheaded","Scrape"],"picked":"Glacier","floor":24.0},{"not_picked":["White Noise","Redo"],"picked":"Streamline","floor":27.0},{"not_picked":["Melter","Heatsinks"],"picked":"Capacitor","floor":28.0},{"not_picked":["Sunder","Conserve Battery"],"picked":"Biased Cognition","floor":29.0},{"not_picked":["Sweeping Beam","Steam"],"picked":"Darkness","floor":31.0},{"not_picked":["Buffer","Biased Cognition"],"picked":"Electrodynamics","floor":33.0},{"not_picked":["Compile Driver","Steam"],"picked":"Redo+1","floor":35.0},{"not_picked":["Reprogram","Redo","Rebound"],"picked":"SKIP","floor":36.0},{"not_picked":["Beam Cell","Redo","Barrage"],"picked":"SKIP","floor":37.0},{"not_picked":["Rebound","White Noise"],"picked":"Turbo+1","floor":39.0},{"not_picked":["Streamline","Rebound","Machine Learning"],"picked":"SKIP","floor":42.0}],"player_experience":485525,"relics_obtained":[{"floor":9.0,"key":"Bottled Flame"},{"floor":11.0,"key":"PreservedInsect"},{"floor":29.0,"key":"War Paint"},{"floor":42.0,"key":"Emotion Chip"}],"event_choices":[{"damage_healed":0.0,"max_hp_gain":0.0,"max_hp_loss":0.0,"gold_gain":0.0,"event_name":"Living Wall","player_choice":"Grow","floor":2.0,"gold_loss":0.0,"damage_taken":0.0,"cards_upgraded":["Beam Cell"]},{"damage_healed":0.0,"max_hp_gain":0.0,"max_hp_loss":0.0,"gold_gain":0.0,"event_name":"Scrap Ooze","player_choice":"Success","floor":5.0,"gold_loss":0.0,"damage_taken":11.0,"relics_obtained":["Pantograph"]},{"damage_healed":0.0,"max_hp_gain":0.0,"max_hp_loss":0.0,"gold_gain":50.0,"event_name":"Golden Shrine","player_choice":"Pray","floor":10.0,"gold_loss":0.0,"damage_taken":0.0},{"damage_healed":0.0,"max_hp_gain":0.0,"max_hp_loss":0.0,"gold_gain":0.0,"event_name":"The Mausoleum","player_choice":"Ignored","floor":20.0,"gold_loss":0.0,"damage_taken":0.0},{"damage_healed":0.0,"max_hp_gain":0.0,"max_hp_loss":36.0,"gold_gain":0.0,"event_name":"Ghosts","player_choice":"Became a Ghost","floor":21.0,"gold_loss":0.0,"damage_taken":0.0,"cards_obtained":["Ghostly","Ghostly","Ghostly"]},{"damage_healed":0.0,"max_hp_gain":0.0,"max_hp_loss":0.0,"gold_gain":0.0,"event_name":"Masked Bandits","player_choice":"Paid Fearfully","floor":23.0,"gold_loss":25.0,"damage_taken":0.0},{"damage_healed":0.0,"max_hp_gain":0.0,"max_hp_loss":0.0,"gold_gain":0.0,"event_name":"Match and Keep!","player_choice":"1 cards matched","floor":41.0,"gold_loss":0.0,"damage_taken":0.0,"cards_obtained":["Multi-Cast"]}],"is_beta":true,"boss_relics":[{"not_picked":["FrozenCore","Orrery"],"picked":"Cursed Key"},{"not_picked":["Sozu","Philosopher\u0027s Stone"],"picked":"Eternal Feather"}],"items_purged_floors":[4],"is_endless":false,"potions_floor_spawned":[7,14,22,24,29,33,36,39,42],"killed_by":"Jaw Worm Horde","ascension_level":20}