{"gold_per_floor":[115,115,131,85,95,95,95,126,152,171,132,142,159,113,113,113],"floor_reached":16,"playtime":887,"items_purged":[],"score":102,"play_id":"2349c118-d62d-4fb8-bb9e-0b7df16dafeb","local_time":"20180707220951","is_ascension_mode":false,"campfire_choices":[{"data":"Turbo","floor":7,"key":"SMITH"},{"floor":15,"key":"REST"}],"neow_cost":"","seed_source_timestamp":2818079911499,"circlet_count":0,"master_deck":["Strike_B","Strike_B","Strike_B","Strike_B","Defend_B","Defend_B","Defend_B","Defend_B","Zap","Dualcast","Conserve Battery","Beam Cell","White Noise","Conserve Battery","Turbo+1","Self Repair","Chaos","Stack","Rebound","Sweeping Beam"],"relics":["Cracked Core","Vajra","Dream Catcher"],"potions_floor_usage":[13],"damage_taken":[{"damage":1,"enemies":"Jaw Worm","floor":1,"turns":3},{"damage":1,"enemies":"Cultist","floor":3,"turns":3},{"damage":0,"enemies":"2 Louse","floor":5,"turns":3},{"damage":59,"enemies":"Lagavulin","floor":8,"turns":9},{"damage":5,"enemies":"Looter","floor":10,"turns":2},{"damage":14,"enemies":"Large Slime","floor":12,"turns":8},{"damage":7,"enemies":"Lots of Slimes","floor":13,"turns":5},{"damage":50,"enemies":"Hexaghost","floor":16,"turns":11}],"seed_played":"6092347296149346667","potions_obtained":[{"floor":8,"key":"SkillPotion"},{"floor":10,"key":"FearPotion"},{"floor":12,"key":"EssenceOfSteel"}],"is_trial":false,"path_per_floor":["M","?","M","$","M","?","R","E","T","M","?","M","M","$","R"],"character_chosen":"DEFECT","items_purchased":["Turbo","Sweeping Beam"],"campfire_rested":1,"item_purchase_floors":[4,14],"current_hp_per_floor":[74,74,73,73,73,73,73,21,21,23,23,16,23,23,45,0],"gold":113,"neow_bonus":"","is_prod":false,"is_daily":false,"chose_seed":false,"campfire_upgraded":1,"win_rate":0.0,"timestamp":1530972591,"path_taken":["M","?","M","$","M","?","R","E","T","M","?","M","M","?","R","BOSS"],"build_version":"2018-07-05","purchased_purges":0,"victory":false,"max_hp_per_floor":[75,75,75,75,75,75,75,75,75,75,75,75,75,75,75,75],"card_choices":[{"not_picked":["Coolheaded","Ball Lightning"],"picked":"Conserve Battery","floor":1},{"not_picked":["Barrage","Loop"],"picked":"Conserve Battery","floor":3},{"not_picked":["Melter","Go for the Eyes"],"picked":"Self Repair","floor":5},{"not_picked":["Buffer","Lockon"],"picked":"Chaos","floor":8},{"not_picked":["Gash","Barrage"],"picked":"Stack","floor":10},{"not_picked":["Darkness","Melter","Beam Cell"],"picked":"SKIP","floor":12},{"not_picked":["Compile Driver","Cold Snap"],"picked":"Rebound","floor":13}],"player_experience":59877,"relics_obtained":[{"floor":8,"key":"Vajra"},{"floor":9,"key":"Dream Catcher"}],"event_choices":[{"event_name":"Match and Keep!","player_choice":"2 cards matched","floor":2,"damage_taken":0},{"event_name":"The Cleric","player_choice":"Leave","floor":6,"damage_taken":0},{"event_name":"World of Goop","player_choice":"Left","floor":11,"damage_taken":0}],"boss_relics":[],"items_purged_floors":[],"is_endless":false,"potions_floor_spawned":[8,10,12],"killed_by":"Hexaghost","ascension_level":0}