{"gold_per_floor":[117,128,147,147,147,160,191,209,209,224,249,290,310,328,328,328],"floor_reached":16,"playtime":2911,"items_purged":[],"score":118,"play_id":"01d0c208-44ec-442e-9f4c-3321869dc771","local_time":"20190806205330","is_ascension_mode":false,"campfire_choices":[{"data":"Iron Wave","floor":15,"key":"SMITH"}],"neow_cost":"NONE","seed_source_timestamp":205509316018770,"circlet_count":0,"master_deck":["Strike_R","Strike_R","Strike_R","Strike_R","Strike_R","Defend_R","Defend_R","Defend_R","Defend_R","Bash","Pommel Strike","Iron Wave+1","Injury","Cleave","Iron Wave","Thunderclap","Twin Strike"],"relics":["Burning Blood","Orichalcum","Golden Idol","Blood Vial","Dodecahedron","Boot"],"potions_floor_usage":[12,12,16],"damage_taken":[{"damage":0,"enemies":"Cultist","floor":1,"turns":3},{"damage":1,"enemies":"Jaw Worm","floor":2,"turns":3},{"damage":6,"enemies":"Small Slimes","floor":3,"turns":4},{"damage":4,"enemies":"Exordium Wildlife","floor":6,"turns":4},{"damage":17,"enemies":"3 Sentries","floor":7,"turns":10},{"damage":0,"enemies":"Looter","floor":8,"turns":4},{"damage":2,"enemies":"3 Louse","floor":10,"turns":3},{"damage":4,"enemies":"Exordium Thugs","floor":11,"turns":3},{"damage":22,"enemies":"Lagavulin","floor":12,"turns":6},{"damage":0,"enemies":"Exordium Wildlife","floor":13,"turns":2},{"damage":4,"enemies":"Looter","floor":14,"turns":3},{"damage":86,"enemies":"Hexaghost","floor":16,"turns":11}],"seed_played":"8144014168954291580","potions_obtained":[{"floor":1,"key":"Poison Potion"},{"floor":2,"key":"Block Potion"},{"floor":7,"key":"PowerPotion"}],"is_trial":false,"path_per_floor":["M","M","M","?","?","M","E","M","T","M","M","E","M","M","R","B"],"character_chosen":"IRONCLAD","items_purchased":[],"campfire_rested":0,"item_purchase_floors":[],"current_hp_per_floor":[80,80,80,80,85,85,74,82,82,85,85,69,77,81,81,0],"gold":328,"neow_bonus":"RANDOM_COMMON_RELIC","is_prod":false,"is_daily":false,"chose_seed":false,"campfire_upgraded":1,"win_rate":0.0,"timestamp":1565139210,"path_taken":["M","M","M","?","?","M","E","?","T","M","M","E","M","M","R","BOSS"],"build_version":"2019-07-17","purchased_purges":0,"victory":false,"max_hp_per_floor":[80,80,80,80,85,85,85,85,85,85,85,85,85,85,85,85],"card_choices":[{"not_picked":["Armaments","Rupture"],"picked":"Pommel Strike","floor":1},{"not_picked":["Shrug It Off","Dual Wield","Bloodletting"],"picked":"SKIP","floor":2},{"not_picked":["Cleave","Armaments"],"picked":"Iron Wave","floor":3},{"not_picked":["Sword Boomerang","Iron Wave"],"picked":"Cleave","floor":6},{"not_picked":["Bloodletting","Pummel","Body Slam"],"picked":"SKIP","floor":7},{"not_picked":["Warcry","Body Slam","Rupture"],"picked":"SKIP","floor":8},{"not_picked":["Rupture","Warcry"],"picked":"Iron Wave","floor":10},{"not_picked":["Brutality","Dropkick"],"picked":"Thunderclap","floor":11},{"not_picked":["Headbutt","Flex","Battle Trance"],"picked":"SKIP","floor":12},{"not_picked":["Seeing Red","Bloodletting"],"picked":"Twin Strike","floor":13},{"not_picked":["Corruption","Perfected Strike","True Grit"],"picked":"SKIP","floor":14}],"player_experience":32339,"relics_obtained":[{"floor":7,"key":"Blood Vial"},{"floor":9,"key":"Dodecahedron"},{"floor":12,"key":"Boot"}],"event_choices":[{"damage_healed":0,"gold_gain":0,"player_choice":"Take Wound","damage_taken":0,"relics_obtained":["Golden Idol"],"max_hp_gain":0,"max_hp_loss":0,"event_name":"Golden Idol","floor":4,"gold_loss":0,"cards_obtained":["Injury"]},{"damage_healed":0,"gold_gain":0,"player_choice":"Donut","damage_taken":0,"max_hp_gain":5,"max_hp_loss":0,"event_name":"Big Fish","floor":5,"gold_loss":0}],"is_beta":false,"boss_relics":[],"items_purged_floors":[],"is_endless":false,"potions_floor_spawned":[1,2,7,10,11],"killed_by":"Hexaghost","ascension_level":0}