{"gold_per_floor":[116,41,58,76,93,113,69,69,95,95,95,37,54,68,68,140,140,157,157,176,55,55,83,83,83,83,83,133,150,150,165,165,240,240,257,273,273,16,35,35,49,49,49,49,49,49],"floor_reached":46,"playtime":1401,"items_purged":["Strike_B"],"score":860,"play_id":"9bb4604c-137d-477e-a2c3-3802e6cd83b4","local_time":"20190406113145","is_ascension_mode":true,"campfire_choices":[{"data":"Beam Cell","floor":8.0,"key":"SMITH"},{"data":"Hologram","floor":11.0,"key":"SMITH"},{"data":"Rainbow","floor":15.0,"key":"SMITH"},{"data":"Defragment","floor":24.0,"key":"SMITH"},{"data":"Fission","floor":27.0,"key":"SMITH"},{"data":"Ghostly","floor":30.0,"key":"SMITH"},{"data":"Ghostly","floor":32.0,"key":"SMITH"},{"data":"Apotheosis","floor":40.0,"key":"SMITH"}],"neow_cost":"NONE","seed_source_timestamp":432830642295,"circlet_count":0,"master_deck":["AscendersBane","Strike_B","Strike_B","Defend_B","Defend_B","Defend_B","Defend_B","Zap","Dualcast","Hologram+1","Turbo","Sunder+1","Genetic Algorithm","Beam Cell+1","Capacitor","Conserve Battery","Rainbow+1","Fission+1","Coolheaded","Ghostly+1","Ghostly","Ghostly+1","Ball Lightning","Defragment+1","Chill","Tempest","Loop+1","Turbo","Core Surge","Chaos","White Noise+1","Apotheosis+1","Defragment","Recycle"],"special_seed":0,"relics":["Cracked Core","NeowsBlessing","Ancient Tea Set","Runic Pyramid","Potion Belt","Gremlin Horn","Runic Dome"],"potions_floor_usage":[46,46,46],"damage_taken":[{"damage":0.0,"enemies":"Cultist","floor":1.0,"turns":1.0},{"damage":0.0,"enemies":"Small Slimes","floor":3.0,"turns":1.0},{"damage":0.0,"enemies":"2 Louse","floor":4.0,"turns":1.0},{"damage":13.0,"enemies":"Exordium Wildlife","floor":5.0,"turns":3.0},{"damage":13.0,"enemies":"Looter","floor":6.0,"turns":3.0},{"damage":9.0,"enemies":"Large Slime","floor":13.0,"turns":3.0},{"damage":13.0,"enemies":"3 Louse","floor":14.0,"turns":4.0},{"damage":9.0,"enemies":"Hexaghost","floor":16.0,"turns":7.0},{"damage":3.0,"enemies":"Chosen","floor":18.0,"turns":3.0},{"damage":0.0,"enemies":"Spheric Guardian","floor":20.0,"turns":5.0},{"damage":2.0,"enemies":"Gremlin Leader","floor":23.0,"turns":8.0},{"damage":7.0,"enemies":"Snecko","floor":29.0,"turns":5.0},{"damage":5.0,"enemies":"Chosen and Byrds","floor":31.0,"turns":3.0},{"damage":20.0,"enemies":"Collector","floor":33.0,"turns":13.0},{"damage":3.0,"enemies":"Orb Walker","floor":35.0,"turns":4.0},{"damage":0.0,"enemies":"3 Shapes","floor":36.0,"turns":2.0},{"damage":8.0,"enemies":"Spire Growth","floor":39.0,"turns":5.0},{"damage":0.0,"enemies":"3 Darklings","floor":41.0,"turns":2.0},{"damage":16,"enemies":"Nemesis","floor":46,"turns":2}],"seed_played":"-4331900357152536148","potions_obtained":[{"floor":4.0,"key":"EssenceOfSteel"},{"floor":5.0,"key":"SpeedPotion"},{"floor":16.0,"key":"FocusPotion"},{"floor":20.0,"key":"Dexterity Potion"},{"floor":35.0,"key":"AttackPotion"},{"floor":36.0,"key":"GamblersBrew"},{"floor":41.0,"key":"Dexterity Potion"}],"is_trial":false,"path_per_floor":["M","$","M","M","M","M","$","R","T","?","R","$","M","M","R","B",null,"M","?","M","$","?","E","R","$","T","R","?","M","R","M","R","B",null,"M","M","?","$","M","R","M","?","T","?","?","E"],"character_chosen":"DEFECT","items_purchased":["Capacitor","Conserve Battery","Defragment","Chill","Apotheosis","Defragment"],"campfire_rested":0,"item_purchase_floors":[7,12,21,21,38,38],"current_hp_per_floor":[64,64,64,64,51,38,38,38,38,38,38,38,29,16,16,7,55,52,35,35,35,35,33,33,33,33,33,33,26,26,21,21,1,27,24,24,24,24,16,16,16,16,16,16,16,0],"gold":49,"neow_bonus":"THREE_ENEMY_KILL","is_prod":false,"is_daily":false,"chose_seed":false,"campfire_upgraded":8,"win_rate":0,"timestamp":1554521505,"path_taken":["M","$","M","?","M","M","$","R","T","?","R","$","M","M","R","BOSS","M","?","M","$","?","E","R","?","T","R","?","M","R","M","R","BOSS","M","M","?","$","M","R","M","?","T","?","?","E"],"build_version":"2019-01-23","purchased_purges":1,"victory":false,"max_hp_per_floor":[71,71,71,71,71,71,71,71,71,71,71,71,71,71,71,71,71,71,35,35,35,35,35,35,35,35,35,35,35,35,35,35,35,35,35,35,35,35,35,35,35,35,35,35,35,35],"card_choices":[{"not_picked":["Go for the Eyes","Stack"],"picked":"Hologram","floor":1.0},{"not_picked":["Sweeping Beam","FTL"],"picked":"Turbo","floor":3.0},{"not_picked":["Scrape","Aggregate"],"picked":"Sunder","floor":4.0},{"not_picked":["Stack","Storm"],"picked":"Genetic Algorithm","floor":5.0},{"not_picked":["Sweeping Beam","Loop"],"picked":"Beam Cell","floor":6.0},{"not_picked":["Conserve Battery","Compile Driver"],"picked":"Rainbow","floor":13.0},{"not_picked":["Gash","Steam","Sweeping Beam"],"picked":"SKIP","floor":14.0},{"not_picked":["Buffer","Meteor Strike"],"picked":"Fission","floor":16.0},{"not_picked":["Capacitor+1","Conserve Battery"],"picked":"Coolheaded","floor":18.0},{"not_picked":["Capacitor","Leap+1"],"picked":"Ball Lightning","floor":20.0},{"not_picked":["Hello World","Fusion"],"picked":"Tempest","floor":23.0},{"not_picked":["Streamline","Turbo"],"picked":"Loop+1","floor":29.0},{"not_picked":["Static Discharge","Steam"],"picked":"Turbo","floor":31.0},{"not_picked":["Reboot","Rainbow"],"picked":"Core Surge","floor":33.0},{"not_picked":["Steam","Sweeping Beam"],"picked":"Chaos","floor":35.0},{"not_picked":["Doom and Gloom","Darkness"],"picked":"White Noise+1","floor":36.0},{"not_picked":["Genetic Algorithm+1","Leap","Rebound"],"picked":"SKIP","floor":39.0},{"not_picked":["Rebound","Turbo+1"],"picked":"Recycle","floor":41.0}],"player_experience":920525,"relics_obtained":[{"floor":9.0,"key":"Ancient Tea Set"},{"floor":23.0,"key":"Potion Belt"},{"floor":26.0,"key":"Gremlin Horn"}],"event_choices":[{"damage_healed":0.0,"max_hp_gain":0.0,"max_hp_loss":0.0,"gold_gain":0.0,"event_name":"Living Wall","player_choice":"Grow","floor":10.0,"gold_loss":0.0,"damage_taken":0.0,"cards_upgraded":["Sunder"]},{"damage_healed":0.0,"max_hp_gain":0.0,"max_hp_loss":36.0,"gold_gain":0.0,"event_name":"Ghosts","player_choice":"Became a Ghost","floor":19.0,"gold_loss":0.0,"damage_taken":0.0,"cards_obtained":["Ghostly","Ghostly","Ghostly"]},{"damage_healed":0.0,"max_hp_gain":0.0,"max_hp_loss":0.0,"gold_gain":50.0,"event_name":"Nest","player_choice":"Stole From Cult","floor":28.0,"gold_loss":0.0,"damage_taken":0.0},{"damage_healed":0.0,"max_hp_gain":0.0,"max_hp_loss":0.0,"gold_gain":0.0,"event_name":"Mysterious Sphere","player_choice":"Ignored","floor":37.0,"gold_loss":0.0,"damage_taken":0.0},{"cards_removed":["Strike_B"],"damage_healed":0.0,"max_hp_gain":0.0,"max_hp_loss":0.0,"gold_gain":0.0,"event_name":"Falling","player_choice":"Removed Attack","floor":42.0,"gold_loss":0.0,"damage_taken":0.0},{"damage_healed":0.0,"max_hp_gain":0.0,"max_hp_loss":0.0,"gold_gain":0.0,"event_name":"The Moai Head","player_choice":"Ignored","floor":44.0,"gold_loss":0.0,"damage_taken":0.0},{"damage_healed":0.0,"max_hp_gain":0.0,"max_hp_loss":0.0,"gold_gain":0.0,"event_name":"SecretPortal","player_choice":"Ignored","floor":45.0,"gold_loss":0.0,"damage_taken":0.0}],"is_beta":false,"boss_relics":[{"not_picked":["Ectoplasm","Cursed Key"],"picked":"Runic Pyramid"},{"not_picked":["Eternal Feather","Velvet Choker"],"picked":"Runic Dome"}],"items_purged_floors":[2],"is_endless":false,"potions_floor_spawned":[4,5,13,16,18,20,35,36,41],"killed_by":"Nemesis","ascension_level":20}