{"gold_per_floor":[99,9,9,9,9,9,9,9,9,9,9,9,9,0,0,0],"floor_reached":16,"playtime":657,"items_purged":[],"score":140,"play_id":"bdf3e626-d484-46b9-82cd-510fdb77d4ea","local_time":"20180813114117","is_ascension_mode":true,"campfire_choices":[{"data":"Redo","floor":6.0,"key":"SMITH"},{"data":"Hologram","floor":8.0,"key":"SMITH"},{"data":"Bandage Up","floor":11,"key":"SMITH"},{"data":"Jack Of All Trades","floor":15,"key":"SMITH"}],"neow_cost":"NONE","seed_source_timestamp":0,"circlet_count":0,"master_deck":["Strike_B","Strike_B","Strike_B","Strike_B","Defend_B","Defend_B","Defend_B","Defend_B","Zap","Dualcast","AscendersBane","Loop","Bandage Up+1","Redo+1","Hologram+1","Jack Of All Trades+1","Double Energy","Conserve Battery"],"special_seed":0,"relics":["Ectoplasm","Golden Idol","Pantograph"],"potions_floor_usage":[16],"damage_taken":[{"damage":1.0,"enemies":"Cultist","floor":1.0,"turns":3.0},{"damage":4.0,"enemies":"Small Slimes","floor":4.0,"turns":4.0},{"damage":7.0,"enemies":"Jaw Worm","floor":7.0,"turns":2.0},{"damage":2,"enemies":"Large Slime","floor":13,"turns":4},{"damage":22,"enemies":"Exordium Thugs","floor":14,"turns":4},{"damage":83,"enemies":"Hexaghost","floor":16,"turns":9}],"seed_played":"-509758919613633373","potions_obtained":[{"floor":1.0,"key":"Dexterity Potion"},{"floor":7.0,"key":"Explosive Potion"},{"floor":14,"key":"PowerPotion"}],"is_trial":false,"path_per_floor":["M","$","?","M","$","R","M","R","T","?","R","?","M","M","R"],"character_chosen":"DEFECT","items_purchased":["Bandage Up"],"campfire_rested":0,"item_purchase_floors":[2],"current_hp_per_floor":[67,67,49,49,49,49,46,46,46,46,46,75,75,59,59,0],"gold":0,"neow_bonus":"BOSS_RELIC","is_prod":false,"is_daily":false,"chose_seed":false,"campfire_upgraded":4,"win_rate":0,"timestamp":1534131677,"path_taken":["M","$","?","?","$","R","M","R","T","?","R","?","M","?","R","BOSS"],"build_version":"2018-08-09","purchased_purges":0,"victory":false,"max_hp_per_floor":[75,75,75,75,75,75,75,75,75,75,75,75,75,75,75,75],"card_choices":[{"not_picked":["Gash","Streamline"],"picked":"Loop","floor":1.0},{"not_picked":["Leap","Gash"],"picked":"Redo","floor":4.0},{"not_picked":["Rebound","Heatsinks"],"picked":"Hologram","floor":7.0},{"not_picked":["Stack","Lockon"],"picked":"Double Energy","floor":13},{"not_picked":["Sweeping Beam","Beam Cell"],"picked":"Conserve Battery","floor":14}],"player_experience":234995,"relics_obtained":[{"floor":9.0,"key":"Pantograph"}],"event_choices":[{"event_name":"Golden Idol","player_choice":"Take Damage","floor":3.0,"damage_taken":0.0},{"event_name":"Match and Keep!","player_choice":"2 cards matched","floor":10,"damage_taken":0},{"event_name":"Bonfire Elementals","player_choice":"UNCOMMON","floor":12,"damage_taken":0}],"is_beta":false,"boss_relics":[],"items_purged_floors":[],"is_endless":false,"potions_floor_spawned":[1,7,14],"killed_by":"Hexaghost","ascension_level":11}