{"gold_per_floor":[116,116,32,32,44,44,100,131,155,155,169,169,246,280,280,357,357,377,396,410,42,57,57,69,69,95,127,145,145,145,156,156,235,235,255,255,270,270,27,59,59,86,98,139,151,183,195,222,234,246,258,270,282,26,57,57],"floor_reached":57,"playtime":3924,"items_purged":["Self Repair"],"score":2836,"play_id":"85611f3b-10d5-41c4-a8d5-0483d53d9d25","local_time":"20190504195216","is_ascension_mode":true,"campfire_choices":[{"data":"Defragment","floor":6.0,"key":"SMITH"},{"data":"Electrodynamics","floor":10.0,"key":"SMITH"},{"data":"Dualcast","floor":12.0,"key":"SMITH"},{"data":"Darkness","floor":15.0,"key":"SMITH"},{"data":"Coolheaded","floor":23.0,"key":"SMITH"},{"data":"Hologram","floor":25.0,"key":"SMITH"},{"data":"Coolheaded","floor":29.0,"key":"SMITH"},{"data":"Consume","floor":32.0,"key":"SMITH"},{"data":"Amplify","floor":41.0,"key":"SMITH"},{"data":"Seek","floor":47.0,"key":"SMITH"},{"floor":49.0,"key":"RECALL"},{"data":"Turbo","floor":53.0,"key":"SMITH"}],"neow_cost":"PERCENT_DAMAGE","seed_source_timestamp":26282437999370,"circlet_count":0,"master_deck":["AscendersBane","Zap","Dualcast+1","Electrodynamics+1","Undo","Defragment+1","Ball Lightning+1","Darkness+1","Thunder Strike","Multi-Cast","Amplify+1","Self Repair+1","Capacitor+1","Consume+1","Coolheaded+1","Hologram+1","Turbo+1","Coolheaded+1","Core Surge","Seek+1","Buffer+1","Skim","Echo Form+1","Biased Cognition+1","Coolheaded+1","Glacier","Loop+1","Blizzard","Core Surge"],"special_seed":0,"relics":["Cracked Core","Tiny Chest","Juzu Bracelet","Frozen Egg 2","Whetstone","Pandora\u0027s Box","Gambling Chip","Bronze Scales","Ancient Tea Set","Nloth\u0027s Gift","Philosopher\u0027s Stone","Question Card","DataDisk","Boot","MawBank","Emotion Chip","Anchor"],"potions_floor_usage":[56,56],"damage_taken":[{"damage":6.0,"enemies":"Jaw Worm","floor":1.0,"turns":4.0},{"damage":0.0,"enemies":"Cultist","floor":5.0,"turns":4.0},{"damage":20.0,"enemies":"3 Sentries","floor":8.0,"turns":3.0},{"damage":0.0,"enemies":"2 Louse","floor":11.0,"turns":2.0},{"damage":31.0,"enemies":"Gremlin Nob","floor":14.0,"turns":4.0},{"damage":11.0,"enemies":"The Guardian","floor":16.0,"turns":8.0},{"damage":0.0,"enemies":"3 Byrds","floor":18.0,"turns":2.0},{"damage":33.0,"enemies":"Shell Parasite","floor":19.0,"turns":6.0},{"damage":29.0,"enemies":"Shelled Parasite and Fungi","floor":20.0,"turns":8.0},{"damage":13.0,"enemies":"Snake Plant","floor":22.0,"turns":11.0},{"damage":28.0,"enemies":"Cultist and Chosen","floor":24.0,"turns":7.0},{"damage":7.0,"enemies":"Slavers","floor":27.0,"turns":2.0},{"damage":9.0,"enemies":"3 Cultists","floor":28.0,"turns":3.0},{"damage":28.0,"enemies":"Shelled Parasite and Fungi","floor":31.0,"turns":5.0},{"damage":31.0,"enemies":"Collector","floor":33.0,"turns":7.0},{"damage":9.0,"enemies":"3 Shapes","floor":35.0,"turns":3.0},{"damage":7.0,"enemies":"Orb Walker","floor":37.0,"turns":4.0},{"damage":7.0,"enemies":"Giant Head","floor":40.0,"turns":8.0},{"damage":16.0,"enemies":"Reptomancer","floor":42.0,"turns":5.0},{"damage":0.0,"enemies":"Nemesis","floor":44.0,"turns":9.0},{"damage":0.0,"enemies":"Writhing Mass","floor":46.0,"turns":6.0},{"damage":0.0,"enemies":"3 Darklings","floor":48.0,"turns":1.0},{"damage":53.0,"enemies":"Awakened One","floor":50.0,"turns":13.0},{"damage":0.0,"enemies":"Donu and Deca","floor":51.0,"turns":10.0},{"damage":52.0,"enemies":"Shield and Spear","floor":55.0,"turns":13.0},{"damage":33,"enemies":"The Heart","floor":56,"turns":13}],"seed_played":"-2686629530880630934","potions_obtained":[{"floor":1.0,"key":"Block Potion"},{"floor":8.0,"key":"LiquidBronze"},{"floor":18.0,"key":"LiquidBronze"}],"is_trial":false,"path_per_floor":["M","?","$","?","M","R","T","E","T","R","M","R","T","E","R","B",null,"M","M","M","$","M","R","M","R","T","E","M","R","?","M","R","B",null,"M","T","M","?","$","E","R","E","T","E","?","M","R","M","R","B","B",null,"R","$","E","B",null],"character_chosen":"DEFECT","items_purchased":["Self Repair","Turbo","Gambling Chip","DataDisk","Skim","Glacier","Loop+1","Blizzard"],"campfire_rested":0,"item_purchase_floors":[3,21,21,39,39,54,54,54],"current_hp_per_floor":[40,71,71,71,71,71,71,58,58,58,58,58,58,34,34,30,61,61,45,36,36,50,50,56,56,56,49,57,57,57,46,46,15,57,71,71,71,71,71,71,71,71,71,71,67,67,67,67,67,41,67,67,67,67,35,12],"gold":57,"neow_bonus":"TRANSFORM_TWO_CARDS","is_prod":false,"is_daily":false,"chose_seed":false,"campfire_upgraded":11,"win_rate":0,"timestamp":1556970736,"path_taken":["M","?","?","?","M","R","?","E","T","R","M","R","?","E","R","BOSS","M","M","M","$","M","R","M","R","T","E","M","R","?","M","R","BOSS","M","?","M","?","$","E","R","E","T","E","?","M","R","M","R","BOSS","BOSS","R","$","E","BOSS"],"build_version":"2019-01-23","purchased_purges":1,"victory":true,"max_hp_per_floor":[71,71,71,71,71,71,71,71,71,71,71,71,71,71,71,71,71,71,71,71,71,71,71,71,71,71,71,71,71,71,71,71,71,71,71,71,71,71,71,71,71,71,71,71,67,67,67,67,67,67,67,67,67,67,67,67],"card_choices":[{"not_picked":["Rip and Tear","Steam"],"picked":"Undo","floor":1.0},{"not_picked":["Redo","Leap"],"picked":"Ball Lightning","floor":5.0},{"not_picked":["Scrape","Beam Cell","Electrodynamics"],"picked":"SKIP","floor":8.0},{"not_picked":["Stack","Compile Driver","BootSequence"],"picked":"SKIP","floor":11.0},{"not_picked":["Stack","Compile Driver","BootSequence"],"picked":"SKIP","floor":11.0},{"not_picked":["Go for the Eyes","Stack"],"picked":"Darkness","floor":14.0},{"not_picked":["Machine Learning+1","Core Surge"],"picked":"Thunder Strike","floor":16.0},{"not_picked":["Blizzard","Force Field","Coolheaded"],"picked":"SKIP","floor":18.0},{"not_picked":["Blizzard","Force Field"],"picked":"Coolheaded","floor":18.0},{"not_picked":["Steam+1","Go for the Eyes"],"picked":"Hologram","floor":19.0},{"not_picked":["Compile Driver","Steam","Force Field+1"],"picked":"SKIP","floor":20.0},{"not_picked":["Sweeping Beam","Rip and Tear","Compile Driver"],"picked":"SKIP","floor":22.0},{"not_picked":["Hyperbeam","Gash"],"picked":"Coolheaded","floor":24.0},{"not_picked":["Aggregate","Streamline","Cold Snap"],"picked":"SKIP","floor":27.0},{"not_picked":["Aggregate","Streamline","Cold Snap"],"picked":"SKIP","floor":27.0},{"not_picked":["Core Surge","Sweeping Beam","Reinforced Body"],"picked":"SKIP","floor":28.0},{"not_picked":["Sweeping Beam","Reinforced Body"],"picked":"Core Surge","floor":28.0},{"not_picked":["Rip and Tear","Steam Power","Lockon"],"picked":"SKIP","floor":31.0},{"not_picked":["Rip and Tear","Steam Power","Lockon"],"picked":"SKIP","floor":31.0},{"not_picked":["All For One","Meteor Strike"],"picked":"Seek","floor":33.0},{"not_picked":["Defragment+1","Meteor Strike"],"picked":"Buffer+1","floor":35.0},{"not_picked":["Steam","Conserve Battery","Barrage","Gash"],"picked":"SKIP","floor":37.0},{"not_picked":["Cold Snap","Rebound+1","Electrodynamics+1","Doom and Gloom"],"picked":"SKIP","floor":40.0},{"not_picked":["Leap+1","Steam+1","Rebound"],"picked":"Echo Form+1","floor":42.0},{"not_picked":["Steam+1","Core Surge","Go for the Eyes"],"picked":"Biased Cognition+1","floor":44.0},{"not_picked":["Steam Power","Steam+1","Conserve Battery+1"],"picked":"Coolheaded+1","floor":46.0},{"not_picked":["Redo","Sunder","Steam Power","Coolheaded"],"picked":"SKIP","floor":48.0},{"not_picked":["Aggregate","Lockon+1","Streamline"],"picked":"Core Surge","floor":55.0}],"player_experience":969454,"relics_obtained":[{"floor":7.0,"key":"Tiny Chest"},{"floor":8.0,"key":"Juzu Bracelet"},{"floor":9.0,"key":"Regal Pillow"},{"floor":13.0,"key":"Frozen Egg 2"},{"floor":14.0,"key":"Whetstone"},{"floor":26.0,"key":"Bronze Scales"},{"floor":27.0,"key":"Ancient Tea Set"},{"floor":36.0,"key":"Question Card"},{"floor":40.0,"key":"Boot"},{"floor":42.0,"key":"MawBank"},{"floor":44.0,"key":"Emotion Chip"},{"floor":55.0,"key":"Anchor"}],"event_choices":[{"cards_removed":["Steam Power"],"damage_healed":31.0,"max_hp_gain":0.0,"max_hp_loss":0.0,"gold_gain":0.0,"event_name":"Bonfire Elementals","player_choice":"Offered Uncommon","floor":2.0,"gold_loss":0.0,"damage_taken":0.0},{"damage_healed":0.0,"max_hp_gain":0.0,"max_hp_loss":0.0,"gold_gain":0.0,"cards_transformed":["Strike_B"],"event_name":"Living Wall","player_choice":"Change","floor":4.0,"gold_loss":0.0,"damage_taken":0.0,"cards_obtained":["Defragment"]},{"damage_healed":0.0,"max_hp_gain":0.0,"max_hp_loss":0.0,"gold_gain":0.0,"event_name":"N\u0027loth","player_choice":"Traded Relic","floor":30.0,"relics_lost":["Regal Pillow"],"gold_loss":0.0,"damage_taken":0.0,"relics_obtained":["Nloth\u0027s Gift"]},{"damage_healed":0.0,"max_hp_gain":0.0,"max_hp_loss":0.0,"gold_gain":0.0,"event_name":"Mysterious Sphere","player_choice":"Ignored","floor":38.0,"gold_loss":0.0,"damage_taken":0.0},{"damage_healed":0.0,"max_hp_gain":0.0,"max_hp_loss":4.0,"gold_gain":0.0,"event_name":"Winding Halls","player_choice":"Max HP","floor":45.0,"gold_loss":0.0,"damage_taken":0.0}],"is_beta":false,"boss_relics":[{"not_picked":["Sozu","Ectoplasm"],"picked":"Pandora\u0027s Box"},{"not_picked":["Black Star","Velvet Choker"],"picked":"Philosopher\u0027s Stone"}],"items_purged_floors":[54],"is_endless":false,"potions_floor_spawned":[1,8,11,18,27,28,31,33,40,46],"ascension_level":20}