{"gold_per_floor":[116,116,141,33,46,46,66,66,90,90,126,201,201,222,222,222],"floor_reached":16,"playtime":477,"items_purged":[],"score":246,"play_id":"d4cced5f-ed11-4cc1-94d7-863f447fbe00","local_time":"20190518203436","is_ascension_mode":true,"campfire_choices":[{"data":"Cloak And Dagger","floor":6.0,"key":"SMITH"},{"data":"Blade Dance","floor":8.0,"key":"SMITH"},{"data":"Accuracy","floor":10.0,"key":"SMITH"},{"data":"Night Terror","floor":15,"key":"SMITH"}],"neow_cost":"NONE","seed_source_timestamp":30162573524600,"circlet_count":0,"master_deck":["AscendersBane","Defend_G","Defend_G","Defend_G","Defend_G","Defend_G","Strike_G","Strike_G","Strike_G","Strike_G","Strike_G","Survivor","Neutralize","Wraith Form v2","Cloak And Dagger+1","Accuracy+1","Blade Dance+1","Night Terror+1"],"special_seed":0,"relics":["Ring of the Snake","Golden Idol","vexMod:HappyDrink","Anchor","vexMod:ShiftingSkin","PreservedInsect"],"potions_floor_usage":[16,16],"damage_taken":[{"damage":0.0,"enemies":"Jaw Worm","floor":1.0,"turns":5.0},{"damage":6.0,"enemies":"Cultist","floor":5.0,"turns":6.0},{"damage":2.0,"enemies":"2 Louse","floor":7.0,"turns":3.0},{"damage":0.0,"enemies":"Gremlin Nob","floor":11.0,"turns":3.0},{"damage":0,"enemies":"Looter","floor":14,"turns":2},{"damage":33,"enemies":"vexMod:DaggerThrower","floor":16,"turns":13}],"seed_played":"-9144783922378932560","potions_obtained":[{"floor":1.0,"key":"SteroidPotion"},{"floor":7.0,"key":"SteroidPotion"},{"floor":14,"key":"Fire Potion"}],"is_trial":false,"path_per_floor":["M","?","T","$","M","R","M","R","T","R","E","?","?","M","R","B"],"character_chosen":"THE_SILENT","items_purchased":["Cloak And Dagger","Accuracy"],"campfire_rested":0,"item_purchase_floors":[4,4],"current_hp_per_floor":[59,59,61,63,57,57,55,55,55,55,55,44,44,44,44,11],"gold":222,"neow_bonus":"ONE_RANDOM_RARE_CARD","is_prod":false,"is_daily":false,"chose_seed":false,"campfire_upgraded":4,"win_rate":0,"timestamp":1558182876,"path_taken":["M","?","?","$","M","R","?","R","T","R","E","?","?","M","R","BOSS"],"build_version":"2019-01-23","purchased_purges":0,"victory":false,"max_hp_per_floor":[66,60,62,64,64,64,64,64,64,64,64,64,57,57,57,57],"card_choices":[{"not_picked":["ReplayTheSpireMod:Tripwire","vexMod:BandageWhip","Cloak And Dagger"],"picked":"SKIP","floor":1.0},{"not_picked":["Dodge and Roll","Backflip"],"picked":"Blade Dance","floor":5.0},{"not_picked":["All Out Attack","Blur","Accuracy"],"picked":"SKIP","floor":7.0},{"not_picked":["Blur","Blade Dance"],"picked":"Night Terror","floor":11.0},{"not_picked":["Underhanded Strike","PiercingWail","Prepared"],"picked":"SKIP","floor":14}],"player_experience":980406,"relics_obtained":[{"floor":3.0,"key":"vexMod:HappyDrink"},{"floor":9.0,"key":"Anchor"},{"floor":11.0,"key":"vexMod:ShiftingSkin"}],"event_choices":[{"damage_healed":0.0,"max_hp_gain":0.0,"max_hp_loss":6.0,"gold_gain":0.0,"event_name":"Golden Idol","player_choice":"Lose Max HP","floor":2.0,"gold_loss":0.0,"damage_taken":0.0,"relics_obtained":["Golden Idol"]},{"damage_healed":0.0,"max_hp_gain":0.0,"max_hp_loss":0.0,"gold_gain":75.0,"event_name":"World of Goop","player_choice":"Gather Gold","floor":12.0,"gold_loss":0.0,"damage_taken":11.0}],"is_beta":false,"boss_relics":[],"items_purged_floors":[],"is_endless":false,"potions_floor_spawned":[1,7,14],"killed_by":"vexMod:DaggerThrower","ascension_level":20}