{"gold_per_floor":[112,124,136,197,197,232,232,266,266,279,313,313,313,340,340,438,438,452,377,377,377,377,377,409,409,409,439,439,82,95,56,56,154,154,171,111,111,111],"floor_reached":39,"playtime":961,"items_purged":["Defend_R"],"score":1034,"play_id":"fc357d88-a6ab-48cb-afc0-607d49d684a3","local_time":"20181111082606","is_ascension_mode":true,"campfire_choices":[{"data":"Perfected Strike","floor":7.0,"key":"SMITH"},{"data":"Perfected Strike","floor":13.0,"key":"SMITH"},{"data":"Perfected Strike","floor":15.0,"key":"SMITH"},{"data":"Perfected Strike","floor":23.0,"key":"SMITH"},{"data":"Perfected Strike","floor":25.0,"key":"SMITH"},{"data":"Pommel Strike","floor":32.0,"key":"SMITH"}],"neow_cost":"NONE","seed_source_timestamp":0,"circlet_count":0,"master_deck":["AscendersBane","Strike_R","Strike_R","Strike_R","Strike_R","Strike_R","Defend_R","Defend_R","Bash+1","Perfected Strike+1","Wild Strike","Perfected Strike+1","Perfected Strike+1","Perfected Strike+1","Perfected Strike+1","Flame Barrier+1","Battle Trance","Headbutt+1","Pommel Strike+1","Immolate"],"special_seed":0,"relics":["Burning Blood","Happy Flower","The Courier","PreservedInsect","Anchor","Kunai","Snecko Eye","Enchiridion","Self Forming Clay","Shovel","Gremlin Horn","Darkstone Periapt","Regal Pillow","Prayer Wheel","Cursed Key"],"potions_floor_usage":[38],"damage_taken":[{"damage":1.0,"enemies":"Cultist","floor":1.0,"turns":4.0},{"damage":13.0,"enemies":"Jaw Worm","floor":2.0,"turns":4.0},{"damage":0.0,"enemies":"2 Louse","floor":3.0,"turns":2.0},{"damage":10.0,"enemies":"Gremlin Nob","floor":6.0,"turns":3.0},{"damage":25.0,"enemies":"Lagavulin","floor":8.0,"turns":5.0},{"damage":0.0,"enemies":"Large Slime","floor":10.0,"turns":3.0},{"damage":10.0,"enemies":"3 Sentries","floor":11.0,"turns":3.0},{"damage":0.0,"enemies":"Gremlin Nob","floor":14.0,"turns":2.0},{"damage":56.0,"enemies":"The Guardian","floor":16.0,"turns":9.0},{"damage":2.0,"enemies":"Chosen","floor":18.0,"turns":2.0},{"damage":0.0,"enemies":"Book of Stabbing","floor":24.0,"turns":1.0},{"damage":8.0,"enemies":"Gremlin Leader","floor":27.0,"turns":3.0},{"damage":0.0,"enemies":"3 Byrds","floor":30.0,"turns":2.0},{"damage":42,"enemies":"Collector","floor":33,"turns":4},{"damage":0,"enemies":"Orb Walker","floor":35,"turns":2},{"damage":57,"enemies":"Time Eater","floor":38,"turns":7}],"seed_played":"2614691588069142281","potions_obtained":[{"floor":1.0,"key":"Energy Potion"},{"floor":3.0,"key":"SkillPotion"},{"floor":6.0,"key":"SkillPotion"},{"floor":11.0,"key":"SteroidPotion"},{"floor":18.0,"key":"Dexterity Potion"}],"is_trial":false,"path_per_floor":["M","M","M","?","?","E","R","E","T","M","E","?","R","E","R","B",null,"M","?","?","?","T","R","E","R","T","E","?","$","M","$","R","B",null,"M","$","?","B",null],"character_chosen":"IRONCLAD","items_purchased":["Regal Pillow","Prayer Wheel","Pommel Strike"],"campfire_rested":0,"item_purchase_floors":[29,29,31],"current_hp_per_floor":[77,70,76,76,58,54,54,35,35,41,37,80,80,80,80,30,68,72,72,56,56,56,56,62,62,62,60,60,60,66,66,66,30,68,74,74,74,23],"gold":111,"neow_bonus":"RANDOM_COLORLESS","is_prod":false,"is_daily":false,"chose_seed":false,"campfire_upgraded":6,"win_rate":0,"timestamp":1541895966,"path_taken":["M","M","?","?","?","E","R","E","T","M","E","?","R","E","R","BOSS","M","?","?","?","?","R","E","R","T","E","?","$","?","$","R","BOSS","M","$","?","BOSS"],"build_version":"2018-11-08","purchased_purges":1,"victory":true,"max_hp_per_floor":[80,80,80,80,80,80,80,80,80,80,80,80,80,80,80,80,80,80,80,80,80,80,80,80,80,80,80,80,80,80,80,80,80,80,80,80,80,80],"card_choices":[{"not_picked":["Flame Barrier","Bloodletting"],"picked":"Perfected Strike","floor":1.0},{"not_picked":["Warcry","Havoc"],"picked":"Wild Strike","floor":2.0},{"not_picked":["Warcry","Anger"],"picked":"Perfected Strike","floor":3.0},{"not_picked":["Clothesline","Thunderclap"],"picked":"Perfected Strike","floor":6.0},{"not_picked":["Armaments","Entrench"],"picked":"Perfected Strike","floor":8.0},{"not_picked":["Clash","Body Slam","Burning Pact"],"picked":"SKIP","floor":10.0},{"not_picked":["Bludgeon","Shrug It Off"],"picked":"Perfected Strike","floor":11.0},{"not_picked":["Burning Pact","Iron Wave","Power Through"],"picked":"SKIP","floor":14.0},{"not_picked":["Seeing Red","Warcry+1"],"picked":"Flame Barrier+1","floor":18.0},{"not_picked":["Evolve","Warcry"],"picked":"Battle Trance","floor":24.0},{"not_picked":["Thunderclap","Bloodletting","Berserk"],"picked":"SKIP","floor":27.0},{"not_picked":["Clash","Feed"],"picked":"Headbutt+1","floor":30.0},{"not_picked":["Flex+1","Headbutt","Reckless Charge"],"picked":"SKIP","floor":30.0},{"not_picked":["Exhume","Impervious"],"picked":"Immolate","floor":33},{"not_picked":["Dropkick","Headbutt","Armaments+1"],"picked":"SKIP","floor":35},{"not_picked":["Armaments+1","Heavy Blade+1","True Grit+1"],"picked":"SKIP","floor":35}],"player_experience":527301,"relics_obtained":[{"floor":6.0,"key":"The Courier"},{"floor":8.0,"key":"PreservedInsect"},{"floor":11.0,"key":"Anchor"},{"floor":14.0,"key":"Kunai"},{"floor":20.0,"key":"Enchiridion"},{"floor":22.0,"key":"Self Forming Clay"},{"floor":24.0,"key":"Shovel"},{"floor":26.0,"key":"Gremlin Horn"},{"floor":27.0,"key":"Darkstone Periapt"}],"event_choices":[{"damage_healed":0.0,"max_hp_gain":0.0,"max_hp_loss":0.0,"gold_gain":61.0,"event_name":"Golden Wing","player_choice":"Gained Gold","floor":4.0,"gold_loss":0.0,"damage_taken":0.0},{"damage_healed":0.0,"max_hp_gain":0.0,"max_hp_loss":0.0,"gold_gain":0.0,"event_name":"Scrap Ooze","player_choice":"Success","floor":5.0,"gold_loss":0.0,"damage_taken":18.0,"relics_obtained":["Happy Flower"]},{"cards_removed":["Madness"],"damage_healed":43.0,"max_hp_gain":0.0,"max_hp_loss":0.0,"gold_gain":0.0,"event_name":"Bonfire Elementals","player_choice":"Offered Uncommon","floor":12.0,"gold_loss":0.0,"damage_taken":0.0},{"cards_removed":["Defend_R"],"damage_healed":0.0,"max_hp_gain":0.0,"max_hp_loss":0.0,"gold_gain":0.0,"event_name":"Beggar","player_choice":"Gave Gold","floor":19.0,"gold_loss":75.0,"damage_taken":0.0},{"damage_healed":0.0,"max_hp_gain":0.0,"max_hp_loss":0.0,"gold_gain":0.0,"event_name":"Cursed Tome","player_choice":"Obtained Book","floor":20.0,"gold_loss":0.0,"damage_taken":16.0},{"damage_healed":0.0,"max_hp_gain":0.0,"max_hp_loss":0.0,"gold_gain":0.0,"event_name":"The Mausoleum","player_choice":"Ignored","floor":21.0,"gold_loss":0.0,"damage_taken":0.0},{"damage_healed":0.0,"max_hp_gain":0.0,"max_hp_loss":0.0,"gold_gain":0.0,"event_name":"Upgrade Shrine","player_choice":"Upgraded","floor":28.0,"gold_loss":0.0,"damage_taken":0.0,"cards_upgraded":["Bash"]},{"damage_healed":0,"gold_gain":0,"player_choice":"Took Portal","damage_taken":0,"max_hp_gain":0,"max_hp_loss":0,"event_name":"SecretPortal","floor":37,"gold_loss":0}],"is_beta":true,"boss_relics":[{"not_picked":["Philosopher\u0027s Stone","Calling Bell"],"picked":"Snecko Eye"},{"not_picked":["Fusion Hammer","Lizard Tail"],"picked":"Cursed Key"}],"items_purged_floors":[36],"is_endless":false,"potions_floor_spawned":[1,3,6,11,18,30,35],"ascension_level":10}