{"gold_per_floor":[115,126,126,144,194,194,369,385,385,415,435,435,465,465,465,590,653,669,669,682,698,698,724,724,346,346,357,367,398,414,426,426,529,529,542,557,588,588,614,614,614,614,641,653,124,149,169,182,182,182],"floor_reached":50,"playtime":4480,"items_purged":["Self Repair"],"score":915,"play_id":"ef408dea-9b9b-4791-b349-8c47e5d605c2","local_time":"20180818190954","is_ascension_mode":true,"campfire_choices":[{"data":"Creative AI","floor":6.0,"key":"SMITH"},{"data":"Go for the Eyes","floor":12.0,"key":"SMITH"},{"data":"Coolheaded","floor":15.0,"key":"SMITH"},{"data":"Chill","floor":24.0,"key":"SMITH"},{"data":"Buffer","floor":32.0,"key":"SMITH"},{"data":"Rainbow","floor":40.0,"key":"SMITH"},{"data":"Sunder","floor":42.0,"key":"SMITH"},{"data":"Magnetism","floor":49.0,"key":"SMITH"}],"neow_cost":"NONE","seed_source_timestamp":0,"circlet_count":0,"master_deck":["Strike_B+1","Strike_B+1","Strike_B+1","Defend_B+1","Defend_B+1","Defend_B+1","Defend_B+1","Zap+1","Dualcast","AscendersBane","Coolheaded+1","Glacier+1","Ball Lightning","Creative AI+1","Melter","Cold Snap","Doubt","Go for the Eyes+1","BootSequence","Go for the Eyes","Amplify+1","Ball Lightning","Force Field","Sunder+1","Chill+1","Beam Cell+1","Stack","Magnetism+1","Biased Cognition","Hologram+1","FTL","Buffer+1","Rainbow+1","Coolheaded+1","Barrage+1","Rebound+1","Doom and Gloom","Buffer+1","Compile Driver","Go for the Eyes+1","Tempest+1"],"special_seed":0,"relics":["Coffee Dripper","Bag of Preparation","Gremlin Horn","Mango","Kunai","Bloody Idol","Tiny House","Dream Catcher","War Paint","Red Mask","Eternal Feather","Happy Flower","DollysMirror","Orichalcum","Toxic Egg 2"],"potions_floor_usage":[50],"damage_taken":[{"damage":0.0,"enemies":"Cultist","floor":1.0,"turns":4.0},{"damage":2.0,"enemies":"Jaw Worm","floor":2.0,"turns":4.0},{"damage":0.0,"enemies":"2 Louse","floor":4.0,"turns":3.0},{"damage":19.0,"enemies":"Exordium Wildlife","floor":8.0,"turns":8.0},{"damage":14.0,"enemies":"Lagavulin","floor":10.0,"turns":8.0},{"damage":8.0,"enemies":"3 Louse","floor":11.0,"turns":3.0},{"damage":16.0,"enemies":"Gremlin Nob","floor":13.0,"turns":6.0},{"damage":0.0,"enemies":"Hexaghost","floor":16.0,"turns":9.0},{"damage":3.0,"enemies":"Chosen","floor":18.0,"turns":7.0},{"damage":2.0,"enemies":"Shell Parasite","floor":20.0,"turns":7.0},{"damage":0.0,"enemies":"Centurion and Healer","floor":21.0,"turns":9.0},{"damage":28.0,"enemies":"Slavers","floor":23.0,"turns":6.0},{"damage":17.0,"enemies":"Snake Plant","floor":27.0,"turns":4.0},{"damage":3.0,"enemies":"Snecko","floor":28.0,"turns":7.0},{"damage":31.0,"floor":29.0,"turns":6.0},{"damage":0.0,"enemies":"Sentry and Sphere","floor":30.0,"turns":2.0},{"damage":17.0,"enemies":"3 Cultists","floor":31.0,"turns":4.0},{"damage":21.0,"enemies":"Collector","floor":33.0,"turns":16.0},{"damage":3.0,"enemies":"Flame Bruiser 1 Orb","floor":35.0,"turns":8.0},{"damage":0.0,"enemies":"3 Shapes","floor":36.0,"turns":4.0},{"damage":25.0,"enemies":"Flame Bruiser 2 Orb","floor":37.0,"turns":9.0},{"damage":62.0,"enemies":"4 Shapes","floor":39.0,"turns":15.0},{"damage":14.0,"enemies":"Maw","floor":44.0,"turns":9.0},{"damage":26.0,"enemies":"Nemesis","floor":46.0,"turns":11.0},{"damage":0.0,"enemies":"Sphere and 2 Shapes","floor":47.0,"turns":3.0},{"damage":3.0,"enemies":"Transient","floor":48.0,"turns":5.0},{"damage":104,"enemies":"Donu and Deca","floor":50,"turns":8}],"seed_played":"-5573774390437643489","potions_obtained":[{"floor":1.0,"key":"Swift Potion"},{"floor":8.0,"key":"LiquidBronze"},{"floor":13.0,"key":"SkillPotion"},{"floor":16.0,"key":"Dexterity Potion"},{"floor":18.0,"key":"SkillPotion"},{"floor":20.0,"key":"Dexterity Potion"},{"floor":28.0,"key":"Regen Potion"},{"floor":31.0,"key":"PowerPotion"},{"floor":35.0,"key":"SpeedPotion"}],"is_trial":false,"path_per_floor":["M","M","?","M","T","R","?","M","T","E","M","R","E","?","R","B",null,"M","?","M","M","?","E","R","$","T","M","M","?","M","M","R","B",null,"M","M","M","?","M","R","?","R","T","M","$","E","M","M","R"],"character_chosen":"DEFECT","items_purchased":["Stack","Magnetism","Biased Cognition","DollysMirror","Orichalcum","Compile Driver","Block Potion"],"campfire_rested":0,"item_purchase_floors":[25,25,25,45,45,45,45],"current_hp_per_floor":[68,66,66,66,66,66,66,47,47,47,39,39,23,23,23,23,72,69,69,72,77,77,54,54,54,54,42,44,32,37,25,25,16,69,78,87,87,87,87,87,87,87,87,85,85,64,69,71,87,0],"gold":182,"neow_bonus":"BOSS_RELIC","is_prod":false,"is_daily":false,"chose_seed":false,"campfire_upgraded":8,"win_rate":0,"timestamp":1534590594,"path_taken":["M","?","?","M","?","R","?","?","T","E","M","R","E","?","R","BOSS","M","?","?","M","?","E","R","?","T","M","?","?","M","M","R","BOSS","M","M","?","?","M","R","?","R","T","?","?","E","M","?","R","BOSS"],"build_version":"2018-08-16","purchased_purges":1,"victory":false,"max_hp_per_floor":[75,75,75,75,75,75,75,75,75,89,89,89,89,82,82,82,87,87,87,87,87,87,87,87,87,87,87,87,87,87,87,87,87,87,87,87,87,87,87,87,87,87,87,87,87,87,87,87,87,87],"card_choices":[{"not_picked":["Double Energy","Blizzard"],"picked":"Coolheaded","floor":1.0},{"not_picked":["Beam Cell","Rebound"],"picked":"Glacier","floor":2.0},{"not_picked":["Turbo","Darkness"],"picked":"Cold Snap","floor":4.0},{"not_picked":["Cold Snap","Double Energy"],"picked":"Go for the Eyes","floor":8.0},{"not_picked":["Streamline","Conserve Battery","Steam"],"picked":"SKIP","floor":10.0},{"not_picked":["Cold Snap","Rip and Tear"],"picked":"BootSequence","floor":11.0},{"not_picked":["Conserve Battery","Creative AI"],"picked":"Go for the Eyes","floor":13.0},{"not_picked":["Biased Cognition","Seek"],"picked":"Amplify","floor":16.0},{"not_picked":["Gash","Streamline"],"picked":"Ball Lightning","floor":17.0},{"not_picked":["Streamline","Compile Driver"],"picked":"Force Field","floor":18.0},{"not_picked":["Melter","Conserve Battery"],"picked":"Sunder","floor":20.0},{"not_picked":["Fusion","Cold Snap"],"picked":"Chill","floor":21.0},{"not_picked":["Sweeping Beam+1","Gash"],"picked":"Beam Cell+1","floor":23.0},{"not_picked":["Tempest","Auto Shields"],"picked":"Hologram+1","floor":27.0},{"not_picked":["Cold Snap","Scrape"],"picked":"FTL","floor":28.0},{"not_picked":["Gash","Hello World"],"picked":"Buffer","floor":29.0},{"not_picked":["Scrape","Consume"],"picked":"Self Repair","floor":30.0},{"not_picked":["Storm","Stack+1","Redo"],"picked":"SKIP","floor":31.0},{"not_picked":["Multi-Cast","All For One"],"picked":"Rainbow","floor":33.0},{"not_picked":["Fusion","Beam Cell+1"],"picked":"Coolheaded+1","floor":35.0},{"not_picked":["Sweeping Beam","Coolheaded","Reprogram"],"picked":"SKIP","floor":36.0},{"not_picked":["Compile Driver","Beam Cell+1"],"picked":"Barrage+1","floor":37.0},{"not_picked":["Conserve Battery","Go for the Eyes"],"picked":"Rebound+1","floor":39.0},{"not_picked":["Beam Cell","Sweeping Beam+1"],"picked":"Doom and Gloom","floor":44.0},{"not_picked":["Barrage","Coolheaded","Cold Snap"],"picked":"SKIP","floor":46.0},{"not_picked":["Barrage+1","Force Field+1"],"picked":"Go for the Eyes+1","floor":47.0},{"not_picked":["Steam+1","Self Repair+1"],"picked":"Tempest+1","floor":48.0}],"player_experience":239516,"relics_obtained":[{"floor":5.0,"key":"Bag of Preparation"},{"floor":9.0,"key":"Gremlin Horn"},{"floor":10.0,"key":"Mango"},{"floor":13.0,"key":"Kunai"},{"floor":23.0,"key":"Dream Catcher"},{"floor":26.0,"key":"War Paint"},{"floor":29.0,"key":"Red Mask"},{"floor":43.0,"key":"Happy Flower"},{"floor":46.0,"key":"Toxic Egg 2"}],"event_choices":[{"event_name":"Match and Keep!","player_choice":"3 cards matched","floor":3.0,"damage_taken":0.0},{"event_name":"Liars Game","player_choice":"agreed","floor":7.0,"damage_taken":0.0},{"event_name":"Golden Idol","player_choice":"Lose Max HP","floor":14.0,"damage_taken":0.0},{"event_name":"Forgotten Altar","player_choice":"Gave Idol","floor":19.0,"damage_taken":0.0},{"event_name":"Back to Basics","player_choice":"Simplicity","floor":22.0,"damage_taken":0.0},{"event_name":"Masked Bandits","player_choice":"Fought Bandits","floor":29.0,"damage_taken":0.0},{"event_name":"The Lab","player_choice":"Got Potions","floor":38.0,"damage_taken":0.0},{"event_name":"Wheel of Change","player_choice":"Card Removal","floor":41.0,"damage_taken":0.0}],"is_beta":false,"boss_relics":[{"not_picked":["Sozu","Empty Cage"],"picked":"Tiny House"},{"not_picked":["Fusion Hammer","Runic Pyramid"],"picked":"Eternal Feather"}],"items_purged_floors":[45],"is_endless":false,"potions_floor_spawned":[1,8,13,16,18,20,28,31,35,39,46],"killed_by":"Donu and Deca","ascension_level":11}