{"gold_per_floor":[12,24,43,43,63,98,98,98,98,98,111,127,139,159,159,264,264,284,244,257,268,288,288,301,301,327,327,345,356,356,381,381,476,476,496,514,514,530,547,547,572,572,598,618,618,618,29,42,42,42,42,42,42,76,76],"floor_reached":55,"playtime":3979,"items_purged":["Parasite"],"score":1025,"play_id":"c624f1b5-b3de-4457-a468-a6088d404d82","local_time":"20181108182353","is_ascension_mode":true,"campfire_choices":[{"data":"Perfected Strike","floor":7.0,"key":"SMITH"},{"data":"Immolate","floor":10.0,"key":"SMITH"},{"data":"True Grit","floor":15.0,"key":"SMITH"},{"data":"Shockwave","floor":23.0,"key":"SMITH"},{"data":"Metallicize","floor":25.0,"key":"SMITH"},{"data":"Shrug It Off","floor":27.0,"key":"SMITH"},{"data":"Bash","floor":32.0,"key":"SMITH"},{"data":"Double Tap","floor":40.0,"key":"SMITH"},{"floor":46,"key":"REST"},{"floor":49,"key":"RECALL"},{"data":"Exhume","floor":52,"key":"SMITH"}],"neow_cost":"NO_GOLD","seed_source_timestamp":910027941533,"circlet_count":0,"master_deck":["Strike_R","Strike_R","Strike_R","Strike_R","Strike_R","Defend_R","Defend_R","Defend_R","Defend_R","Bash+1","Metallicize+1","Perfected Strike+1","Twin Strike","Thunderclap","Immolate+1","Perfected Strike+1","True Grit+1","Shockwave+1","Exhume+1","Havoc+1","Shrug It Off+1","Twin Strike+1","Headbutt","Second Wind+1","Sword Boomerang+1","Ghostly Armor+1","Ghostly Armor+1","Double Tap+1","Warcry+1","Sword Boomerang+1","Infernal Blade+1"],"special_seed":0,"relics":["Black Blood","Turnip","Ancient Tea Set","Matryoshka","Mark of Pain","Vajra","Bag of Marbles","Red Skull","Bird Faced Urn","Bag of Preparation","Potion Belt","Lee\u0027s Waffle","Gambling Chip","Girya"],"potions_floor_usage":[50],"damage_taken":[{"damage":18.0,"enemies":"Jaw Worm","floor":1.0,"turns":4.0},{"damage":3.0,"enemies":"Small Slimes","floor":2.0,"turns":4.0},{"damage":2.0,"enemies":"Cultist","floor":3.0,"turns":4.0},{"damage":22.0,"enemies":"Large Slime","floor":5.0,"turns":6.0},{"damage":26.0,"enemies":"Gremlin Nob","floor":6.0,"turns":5.0},{"damage":11.0,"enemies":"Exordium Thugs","floor":11.0,"turns":3.0},{"damage":7.0,"enemies":"Exordium Wildlife","floor":12.0,"turns":2.0},{"damage":0.0,"enemies":"Looter","floor":13.0,"turns":1.0},{"damage":0.0,"enemies":"2 Fungi Beasts","floor":14.0,"turns":1.0},{"damage":33.0,"enemies":"The Guardian","floor":16.0,"turns":12.0},{"damage":5.0,"enemies":"Shell Parasite","floor":18.0,"turns":4.0},{"damage":12.0,"enemies":"3 Byrds","floor":20.0,"turns":5.0},{"damage":4.0,"enemies":"Centurion and Healer","floor":21.0,"turns":5.0},{"damage":0.0,"enemies":"Snake Plant","floor":22.0,"turns":2.0},{"damage":22.0,"enemies":"3 Cultists","floor":24.0,"turns":4.0},{"damage":0.0,"enemies":"Shelled Parasite and Fungi","floor":28.0,"turns":2.0},{"damage":0.0,"enemies":"Snecko","floor":29.0,"turns":2.0},{"damage":28.0,"enemies":"Slavers","floor":31.0,"turns":3.0},{"damage":29.0,"enemies":"Collector","floor":33.0,"turns":6.0},{"damage":21.0,"enemies":"3 Shapes","floor":35.0,"turns":4.0},{"damage":1.0,"enemies":"Orb Walker","floor":36.0,"turns":3.0},{"damage":15.0,"enemies":"Jaw Worm Horde","floor":38.0,"turns":5.0},{"damage":38.0,"enemies":"Transient","floor":39.0,"turns":5.0},{"damage":23.0,"enemies":"Giant Head","floor":41.0,"turns":7.0},{"damage":19,"enemies":"Writhing Mass","floor":44,"turns":6},{"damage":7,"enemies":"Maw","floor":48,"turns":7},{"damage":87,"enemies":"Donu and Deca","floor":50,"turns":9},{"damage":44,"enemies":"Shield and Spear","floor":54,"turns":5},{"damage":38,"enemies":"The Heart","floor":55,"turns":2}],"seed_played":"4316970882537882161","potions_obtained":[{"floor":1.0,"key":"BloodPotion"},{"floor":3.0,"key":"GamblersBrew"},{"floor":6.0,"key":"AttackPotion"},{"floor":12.0,"key":"FearPotion"},{"floor":13.0,"key":"SkillPotion"},{"floor":16.0,"key":"AttackPotion"},{"floor":28.0,"key":"LiquidBronze"},{"floor":31.0,"key":"GamblersBrew"},{"floor":39.0,"key":"Fruit Juice"},{"floor":41.0,"key":"Explosive Potion"},{"floor":44,"key":"FairyPotion"},{"floor":54,"key":"SteroidPotion"}],"is_trial":false,"path_per_floor":["M","M","M","$","M","E","R","?","T","R","M","M","M","M","R","B",null,"M","?","M","M","M","R","M","R","T","R","M","M","?","E","R","B",null,"M","M","?","M","M","R","E","T","T","M","?","R","$","M","R","B",null,"R","$","E","B"],"character_chosen":"IRONCLAD","items_purchased":["Lee\u0027s Waffle","Gambling Chip"],"campfire_rested":1,"item_purchase_floors":[47,47],"current_hp_per_floor":[60,63,67,67,51,31,31,31,31,31,26,25,31,37,37,10,63,64,64,58,60,66,66,50,50,50,50,56,62,62,40,40,25,66,55,64,64,59,36,36,23,23,23,16,16,40,85,85,85,18,68,68,68,36,0],"gold":76,"neow_bonus":"ONE_RARE_RELIC","is_prod":false,"is_daily":false,"chose_seed":false,"campfire_upgraded":9,"win_rate":0,"timestamp":1541672633,"path_taken":["M","M","M","$","M","E","R","?","T","R","M","M","M","M","R","BOSS","M","?","?","M","M","R","M","R","T","R","M","M","?","E","R","BOSS","M","M","?","M","M","R","E","?","T","M","?","R","$","M","R","BOSS","R","$","E","BOSS"],"build_version":"2018-11-07","purchased_purges":1,"victory":false,"max_hp_per_floor":[80,80,80,80,80,80,80,80,80,80,80,80,80,80,80,80,80,80,80,80,80,80,80,80,80,80,80,80,80,80,80,80,80,80,80,80,76,76,81,81,81,81,81,81,81,81,85,85,85,85,85,85,85,85,85],"card_choices":[{"not_picked":["Metallicize","Battle Trance","Warcry"],"picked":"SKIP","floor":1.0},{"not_picked":["Battle Trance","Warcry"],"picked":"Metallicize","floor":1.0},{"not_picked":["Ghostly Armor","Wild Strike"],"picked":"Perfected Strike","floor":2.0},{"not_picked":["Clash","Iron Wave"],"picked":"Twin Strike","floor":3.0},{"not_picked":["Sword Boomerang","Body Slam"],"picked":"Thunderclap","floor":5.0},{"not_picked":["Heavy Blade","Entrench"],"picked":"Immolate","floor":6.0},{"not_picked":["Clothesline","Shrug It Off"],"picked":"Perfected Strike","floor":11.0},{"not_picked":["Heavy Blade","Sword Boomerang","Inflame"],"picked":"SKIP","floor":12.0},{"not_picked":["Clothesline","Pommel Strike"],"picked":"True Grit","floor":13.0},{"not_picked":["Metallicize","Searing Blow"],"picked":"Shockwave","floor":14.0},{"not_picked":["Immolate","Feed"],"picked":"Exhume","floor":16.0},{"not_picked":["Body Slam","Clash"],"picked":"Havoc","floor":18.0},{"not_picked":["Combust","Corruption"],"picked":"Shrug It Off","floor":20.0},{"not_picked":["Clash+1","Clothesline"],"picked":"Twin Strike+1","floor":21.0},{"not_picked":["Bloodletting","Feed"],"picked":"Headbutt","floor":22.0},{"not_picked":["Anger","Wild Strike+1"],"picked":"Second Wind+1","floor":24.0},{"not_picked":["True Grit+1","Flame Barrier"],"picked":"Sword Boomerang+1","floor":28.0},{"not_picked":["Cleave+1","Carnage"],"picked":"Ghostly Armor+1","floor":29.0},{"not_picked":["Body Slam+1","Clash+1"],"picked":"Ghostly Armor+1","floor":31.0},{"not_picked":["Berserk","Reaper"],"picked":"Double Tap","floor":33.0},{"not_picked":["Combust+1","Hemokinesis+1"],"picked":"Warcry+1","floor":35.0},{"not_picked":["Armaments+1","Bloodletting"],"picked":"Sword Boomerang+1","floor":36.0},{"not_picked":["Thunderclap","Havoc+1","Dropkick+1"],"picked":"SKIP","floor":38.0},{"not_picked":["Feel No Pain","Shockwave+1","Armaments+1"],"picked":"SKIP","floor":39.0},{"not_picked":["Disarm","Body Slam+1","Dropkick"],"picked":"SKIP","floor":41.0},{"not_picked":["Sentinel+1","Rupture+1","Blood for Blood+1"],"picked":"SKIP","floor":44},{"not_picked":["Thunderclap","Sword Boomerang","Clash"],"picked":"SKIP","floor":48},{"not_picked":["Fiend Fire","Carnage+1"],"picked":"Infernal Blade+1","floor":54}],"player_experience":514574,"relics_obtained":[{"floor":6.0,"key":"Ancient Tea Set"},{"floor":9.0,"key":"Matryoshka"},{"floor":26.0,"key":"Vajra"},{"floor":26.0,"key":"Bag of Marbles"},{"floor":31.0,"key":"Red Skull"},{"floor":41.0,"key":"Bird Faced Urn"},{"floor":42.0,"key":"Bag of Preparation"},{"floor":43.0,"key":"Potion Belt"},{"floor":54,"key":"Girya"}],"event_choices":[{"damage_healed":0.0,"max_hp_gain":0.0,"max_hp_loss":0.0,"gold_gain":0.0,"event_name":"Scrap Ooze","player_choice":"Fled","floor":8.0,"gold_loss":0.0,"damage_taken":0.0},{"damage_healed":0.0,"max_hp_gain":0.0,"max_hp_loss":0.0,"gold_gain":0.0,"event_name":"Designer","player_choice":"Upgrade","floor":19.0,"gold_loss":40.0,"damage_taken":0.0,"cards_upgraded":["Perfected Strike"]},{"damage_healed":0.0,"max_hp_gain":0.0,"max_hp_loss":0.0,"gold_gain":0.0,"event_name":"Accursed Blacksmith","player_choice":"Forge","floor":30.0,"gold_loss":0.0,"damage_taken":0.0,"cards_upgraded":["Havoc"]},{"damage_healed":0.0,"max_hp_gain":0.0,"max_hp_loss":4.0,"gold_gain":0.0,"event_name":"Winding Halls","player_choice":"Max HP","floor":37.0,"gold_loss":0.0,"damage_taken":0.0},{"damage_healed":0,"gold_gain":0,"player_choice":"Memory 1","damage_taken":0,"max_hp_gain":0,"max_hp_loss":0,"event_name":"SensoryStone","floor":45,"gold_loss":0}],"is_beta":true,"boss_relics":[{"not_picked":["Pandora\u0027s Box","Busted Crown"],"picked":"Mark of Pain"},{"not_picked":["White Beast Statue","Coffee Dripper"],"picked":"Black Blood"}],"items_purged_floors":[47],"is_endless":false,"potions_floor_spawned":[1,3,6,12,13,16,20,28,31,39,41,44,54],"killed_by":"The Heart","ascension_level":9}