{"gold_per_floor":[109,122,141,153,168,168,168,168,168,168,178,178,178,197,197,294,294,305,32,32,32,49,49,49],"floor_reached":24,"playtime":755,"items_purged":["Strike_B"],"score":307,"play_id":"a1229fc1-322e-4c63-9a0b-b46eeb09890e","local_time":"20180808183807","is_ascension_mode":true,"campfire_choices":[{"floor":6.0,"key":"REST"},{"data":"Echo Form","floor":10.0,"key":"SMITH"},{"data":"Gash","floor":13.0,"key":"SMITH"},{"data":"Electrodynamics","floor":15.0,"key":"SMITH"},{"data":"Seek","floor":23,"key":"SMITH"}],"neow_cost":"TEN_PERCENT_HP_LOSS","seed_source_timestamp":0,"circlet_count":0,"master_deck":["Strike_B","Strike_B","Defend_B","Defend_B","Zap","Dualcast","AscendersBane","Ball Lightning","Gash+1","Echo Form+1","Parasite","Electrodynamics+1","Seek+1","Apotheosis","Rip and Tear+1"],"special_seed":0,"relics":["Cracked Core","Blue Candle","Coffee Dripper"],"potions_floor_usage":[22],"damage_taken":[{"damage":0.0,"enemies":"2 Louse","floor":1.0,"turns":2.0},{"damage":1.0,"enemies":"Cultist","floor":2.0,"turns":3.0},{"damage":5.0,"enemies":"Small Slimes","floor":3.0,"turns":3.0},{"damage":31.0,"enemies":"Gremlin Gang","floor":4.0,"turns":4.0},{"damage":0.0,"enemies":"3 Louse","floor":5.0,"turns":3.0},{"damage":0.0,"enemies":"Gremlin Nob","floor":7.0,"turns":1.0},{"damage":17.0,"enemies":"Looter","floor":11.0,"turns":3.0},{"damage":7.0,"enemies":"2 Fungi Beasts","floor":14.0,"turns":4.0},{"damage":40.0,"enemies":"Slime Boss","floor":16.0,"turns":5.0},{"damage":0.0,"enemies":"3 Byrds","floor":18.0,"turns":2.0},{"damage":24,"enemies":"2 Thieves","floor":22,"turns":3},{"damage":34,"enemies":"Slavers","floor":24,"turns":1}],"seed_played":"-713034097679983506","potions_obtained":[{"floor":1.0,"key":"FocusPotion"},{"floor":5.0,"key":"SmokeBomb"},{"floor":14.0,"key":"Dexterity Potion"}],"is_trial":false,"path_per_floor":["M","M","M","M","M","R","E","?","T","R","M","?","R","M","R","B",null,"M","$","?","?","M","R"],"character_chosen":"DEFECT","items_purchased":["Apotheosis"],"campfire_rested":1,"item_purchase_floors":[19],"current_hp_per_floor":[68,67,62,31,31,51,51,51,51,51,34,51,51,44,44,4,52,52,52,52,52,28,28,0],"gold":49,"neow_bonus":"REMOVE_TWO","is_prod":false,"is_daily":false,"chose_seed":false,"campfire_upgraded":4,"win_rate":0,"timestamp":1533724687,"path_taken":["M","M","M","M","M","R","E","?","T","R","?","?","R","M","R","BOSS","M","$","?","?","M","R","E"],"build_version":"2018-08-02","purchased_purges":1,"victory":false,"max_hp_per_floor":[68,68,68,68,68,68,68,68,68,68,68,68,68,68,68,68,68,68,68,68,68,68,68,68],"card_choices":[{"not_picked":["Chill","Self Repair","Barrage"],"picked":"SKIP","floor":1.0},{"not_picked":["Aggregate","Barrage","Steam"],"picked":"SKIP","floor":2.0},{"not_picked":["Hologram","Melter"],"picked":"Ball Lightning","floor":3.0},{"not_picked":["Steam","Coolheaded","Heatsinks"],"picked":"SKIP","floor":4.0},{"not_picked":["Beam Cell","Rebound"],"picked":"Gash","floor":5.0},{"not_picked":["Rebound","Fusion","Sweeping Beam"],"picked":"SKIP","floor":11.0},{"not_picked":["Conserve Battery","Turbo"],"picked":"Electrodynamics","floor":14.0},{"not_picked":["All For One","Electrodynamics"],"picked":"Seek","floor":16.0},{"not_picked":["Barrage+1","Steam+1","Compile Driver"],"picked":"SKIP","floor":18.0},{"not_picked":["Stack+1","Hello World"],"picked":"Rip and Tear+1","floor":22}],"player_experience":217337,"relics_obtained":[{"floor":9.0,"key":"Blue Candle"}],"event_choices":[{"event_name":"Match and Keep!","player_choice":"1 cards matched","floor":8.0,"damage_taken":0.0},{"event_name":"Mushrooms","player_choice":"Healed and dodged fight","floor":12.0,"damage_taken":0.0},{"event_name":"Beggar","player_choice":"Ignored","floor":20,"damage_taken":0},{"event_name":"Back to Basics","player_choice":"Elegance","floor":21,"damage_taken":0}],"is_beta":false,"boss_relics":[{"not_picked":["Tiny House","Philosopher\u0027s Stone"],"picked":"Coffee Dripper"}],"items_purged_floors":[19],"is_endless":false,"potions_floor_spawned":[1,5,14,18],"killed_by":"Slavers","ascension_level":11}