{"gold_per_floor":[119,119,136,149,168,168,185,185,234,261,65,65,65,84,84,84],"floor_reached":16,"playtime":1770,"items_purged":[],"score":102,"play_id":"1635e311-9bd2-4b68-b303-f43b9b05571e","local_time":"20190809220007","is_ascension_mode":false,"campfire_choices":[{"data":"Prepared","floor":6,"key":"SMITH"},{"data":"Neutralize","floor":8,"key":"SMITH"},{"floor":12,"key":"REST"},{"data":"Acrobatics","floor":15,"key":"SMITH"}],"neow_cost":"NONE","seed_source_timestamp":1580269877065300,"circlet_count":0,"master_deck":["Strike_G","Strike_G","Strike_G","Defend_G","Defend_G","Defend_G","Defend_G","Defend_G","Survivor","Neutralize+1","Prepared+1","Deflect","Escape Plan","Backflip","Acrobatics+1","Outmaneuver"],"relics":["Ring of the Snake","FaceOfCleric","Bag of Marbles","Question Card","Oddly Smooth Stone"],"potions_floor_usage":[],"damage_taken":[{"damage":0,"enemies":"Small Slimes","floor":1,"turns":4},{"damage":9,"enemies":"Cultist","floor":3,"turns":7},{"damage":4,"enemies":"Jaw Worm","floor":4,"turns":6},{"damage":1,"enemies":"Red Slaver","floor":5,"turns":7},{"damage":0,"enemies":"2 Fungi Beasts","floor":7,"turns":5},{"damage":45,"enemies":"Lagavulin","floor":10,"turns":17},{"damage":0,"enemies":"Looter","floor":14,"turns":5},{"damage":51,"enemies":"Slime Boss","floor":16,"turns":12}],"seed_played":"-3874219906533394191","potions_obtained":[{"floor":5,"key":"FearPotion"},{"floor":7,"key":"Block Potion"},{"floor":10,"key":"GamblersBrew"}],"is_trial":false,"path_per_floor":["M","?","M","M","M","R","M","R","T","E","$","R","?","M","R","B"],"character_chosen":"THE_SILENT","items_purchased":["Acrobatics","Oddly Smooth Stone"],"campfire_rested":1,"item_purchase_floors":[11,11],"current_hp_per_floor":[70,70,62,59,59,59,60,60,60,16,16,38,38,39,39,0],"gold":84,"neow_bonus":"REMOVE_CARD","is_prod":false,"is_daily":false,"chose_seed":false,"campfire_upgraded":3,"win_rate":0.0,"timestamp":1565380807,"path_taken":["M","?","M","?","M","R","M","R","T","E","$","R","?","M","R","BOSS"],"build_version":"2019-07-17","purchased_purges":0,"victory":false,"max_hp_per_floor":[70,70,71,72,73,73,74,74,74,75,75,75,75,76,76,76],"card_choices":[{"not_picked":["Poisoned Stab","Deadly Poison","Slice"],"picked":"SKIP","floor":1},{"not_picked":["Skewer","Predator"],"picked":"Prepared","floor":3},{"not_picked":["Choke","Outmaneuver"],"picked":"Deflect","floor":4},{"not_picked":["Blade Dance","PiercingWail","Dodge and Roll"],"picked":"SKIP","floor":5},{"not_picked":["Choke","Dagger Spray"],"picked":"Escape Plan","floor":7},{"not_picked":["Dagger Throw","Endless Agony"],"picked":"Backflip","floor":10},{"not_picked":["Quick Slash","Bane","Slice"],"picked":"Outmaneuver","floor":14}],"player_experience":363473,"relics_obtained":[{"floor":9,"key":"Bag of Marbles"},{"floor":10,"key":"Question Card"}],"event_choices":[{"damage_healed":0,"gold_gain":0,"player_choice":"Trade","damage_taken":0,"relics_obtained":["FaceOfCleric"],"max_hp_gain":0,"max_hp_loss":0,"event_name":"FaceTrader","floor":2,"gold_loss":0},{"cards_removed":["Strike_G"],"damage_healed":0,"gold_gain":0,"player_choice":"Forget","damage_taken":0,"max_hp_gain":0,"max_hp_loss":0,"event_name":"Living Wall","floor":13,"gold_loss":0}],"is_beta":false,"boss_relics":[],"items_purged_floors":[],"is_endless":false,"potions_floor_spawned":[5,7,10,14],"killed_by":"Slime Boss","ascension_level":0}