{"gold_per_floor":[115,115,42,42,42,42,76,87,143,155,167,181,156,171,171,275,275,285,129,115,126,126,126,126],"floor_reached":24,"playtime":1145,"items_purged":[],"score":307,"play_id":"8be94d3d-8ca3-49cf-aaa8-e21d0b18b608","local_time":"20180809180019","is_ascension_mode":true,"campfire_choices":[{"data":"Sunder","floor":6.0,"key":"SMITH"},{"data":"Defragment","floor":15.0,"key":"SMITH"},{"floor":23,"key":"REST"}],"neow_cost":"","seed_source_timestamp":0,"circlet_count":0,"master_deck":["Strike_B","Strike_B","Strike_B","Strike_B","Defend_B+1","Defend_B+1","Defend_B","Defend_B+1","Zap","Dualcast+1","AscendersBane","Defragment+1","Sunder+1","Compile Driver","Ball Lightning","Leap","Cold Snap","Defragment+1","Steam","All For One","Echo Form","Loop","Meteor Strike","Undo","Aggregate","Self Repair+1"],"special_seed":0,"relics":["FrozenCore","War Paint","Tiny Chest"],"potions_floor_usage":[24],"damage_taken":[{"damage":4.0,"enemies":"Jaw Worm","floor":1.0,"turns":3.0},{"damage":13.0,"enemies":"3 Sentries","floor":7.0,"turns":5.0},{"damage":4.0,"enemies":"2 Louse","floor":8.0,"turns":2.0},{"damage":0.0,"enemies":"Cultist","floor":10.0,"turns":2.0},{"damage":5.0,"enemies":"Blue Slaver","floor":11.0,"turns":2.0},{"damage":7.0,"enemies":"Exordium Wildlife","floor":12.0,"turns":5.0},{"damage":1.0,"enemies":"Large Slime","floor":14.0,"turns":4.0},{"damage":11.0,"enemies":"Hexaghost","floor":16.0,"turns":9.0},{"damage":12.0,"enemies":"Shell Parasite","floor":18.0,"turns":7.0},{"damage":5.0,"enemies":"2 Thieves","floor":20.0,"turns":4.0},{"damage":16.0,"enemies":"Chosen and Byrds","floor":21.0,"turns":10.0},{"damage":65,"enemies":"Slavers","floor":24,"turns":4}],"seed_played":"5216191539288472725","potions_obtained":[{"floor":1.0,"key":"AttackPotion"},{"floor":7.0,"key":"SkillPotion"},{"floor":8.0,"key":"PowerPotion"},{"floor":16.0,"key":"GamblersBrew"},{"floor":21.0,"key":"Swift Potion"},{"floor":22.0,"key":"Strength Potion"}],"is_trial":false,"path_per_floor":["M","?","$","?","?","R","E","M","T","M","M","M","$","M","R","B",null,"M","$","M","M","?","R"],"character_chosen":"DEFECT","items_purchased":["Sunder","Steam","Meteor Strike","Undo"],"campfire_rested":1,"item_purchase_floors":[3,13,19,19],"current_hp_per_floor":[64,49,49,54,54,54,41,37,37,37,32,25,25,24,24,13,63,51,51,46,30,30,54,0],"gold":126,"neow_bonus":"","is_prod":false,"is_daily":false,"chose_seed":false,"campfire_upgraded":2,"win_rate":0,"timestamp":1533808819,"path_taken":["M","?","$","?","?","R","E","M","T","M","M","?","?","M","R","BOSS","M","$","M","M","?","R","E"],"build_version":"2018-08-02","purchased_purges":0,"victory":false,"max_hp_per_floor":[75,75,75,80,80,80,80,80,80,80,80,80,80,80,80,80,80,80,80,80,80,80,80,80],"card_choices":[{"not_picked":["Steam Power","Double Energy"],"picked":"Defragment","floor":1.0},{"not_picked":["Force Field","Self Repair"],"picked":"Compile Driver","floor":7.0},{"not_picked":["Conserve Battery","Redo"],"picked":"Ball Lightning","floor":8.0},{"not_picked":["Rebound","Self Repair"],"picked":"Leap","floor":10.0},{"not_picked":["Beam Cell","Fusion"],"picked":"Cold Snap","floor":11.0},{"not_picked":["Consume","Redo"],"picked":"Defragment","floor":12.0},{"not_picked":["Rip and Tear","Stack"],"picked":"All For One","floor":14.0},{"not_picked":["Rainbow","Meteor Strike"],"picked":"Echo Form","floor":16.0},{"not_picked":["Leap","Go for the Eyes+1"],"picked":"Loop","floor":18.0},{"not_picked":["Storm","Go for the Eyes"],"picked":"Aggregate","floor":20.0},{"not_picked":["Barrage","Static Discharge"],"picked":"Self Repair+1","floor":21.0}],"player_experience":218755,"relics_obtained":[{"floor":7.0,"key":"War Paint"},{"floor":9.0,"key":"Tiny Chest"}],"event_choices":[{"event_name":"Shining Light","player_choice":"Entered Light","floor":2.0,"damage_taken":0.0},{"event_name":"Big Fish","player_choice":"Donut","floor":4.0,"damage_taken":0.0},{"event_name":"Upgrade Shrine","player_choice":"Upgraded","floor":5.0,"damage_taken":0.0},{"event_name":"The Lab","player_choice":"Got Potions","floor":22.0,"damage_taken":0.0}],"is_beta":false,"boss_relics":[{"not_picked":["Coffee Dripper","Eternal Feather"],"picked":"FrozenCore"}],"items_purged_floors":[],"is_endless":false,"potions_floor_spawned":[1,7,8,12,16,21],"killed_by":"Slavers","ascension_level":11}