{"gold_per_floor":[116,136,155,330,341,341,369,369,369,369,386,401,68,101,101,206,206,218,238,238,83,83,83,112,112,112,24,59,59,59,59,59,154,154,169,189,43,63,0,62,62,62],"floor_reached":42,"playtime":2005,"items_purged":["Doubt","Shame"],"score":544,"play_id":"6de42c59-be5e-44aa-963c-c1bb47df64c8","local_time":"20190807131054","is_ascension_mode":true,"campfire_choices":[{"data":"Infernal Blade","floor":6,"key":"SMITH"},{"data":"Juggernaut","floor":8,"key":"SMITH"},{"data":"Carnage","floor":10,"key":"SMITH"},{"floor":15,"key":"REST"},{"data":"Uppercut","floor":23,"key":"SMITH"},{"data":"Discovery","floor":30,"key":"SMITH"},{"data":"Power Through","floor":32,"key":"SMITH"},{"floor":41,"key":"REST"}],"neow_cost":"NONE","seed_source_timestamp":1310484943572919,"circlet_count":0,"master_deck":["Strike_R","Strike_R","Strike_R","Strike_R","Strike_R","Defend_R","Defend_R+1","Defend_R","Defend_R+1","Bash","Carnage+1","Infernal Blade+1","Pommel Strike","Juggernaut+1","Uppercut+1","Power Through+1","Whirlwind+1","Feed+1","Cleave+1","Sword Boomerang+1","Carnage+1","Discovery+1","Power Through+1","Reaper+1","Cleave+1","Bandage Up","Flex+1"],"relics":["Black Blood","Pen Nib","War Paint","Strawberry","Gremlin Horn","Molten Egg 2","Philosopher\u0027s Stone","MutagenicStrength","PreservedInsect","Nilry\u0027s Codex","Ornamental Fan","Matryoshka","Bird Faced Urn","Smiling Mask","Red Mask","Tiny Chest"],"potions_floor_usage":[5,14,16,19,28,33,33,38,38,42],"damage_taken":[{"damage":7,"enemies":"Small Slimes","floor":1,"turns":3},{"damage":2,"enemies":"Jaw Worm","floor":2,"turns":3},{"damage":0,"enemies":"2 Louse","floor":3,"turns":2},{"damage":0,"enemies":"Lots of Slimes","floor":5,"turns":1},{"damage":22,"enemies":"3 Sentries","floor":7,"turns":8},{"damage":4,"enemies":"Large Slime","floor":11,"turns":5},{"damage":20,"enemies":"Exordium Thugs","floor":12,"turns":5},{"damage":10,"enemies":"Lagavulin","floor":14,"turns":5},{"damage":72,"enemies":"Hexaghost","floor":16,"turns":12},{"damage":6,"enemies":"Chosen","floor":18,"turns":3},{"damage":11,"enemies":"2 Thieves","floor":19,"turns":3},{"damage":12,"enemies":"Book of Stabbing","floor":24,"turns":3},{"damage":1,"enemies":"Gremlin Leader","floor":28,"turns":2},{"damage":51,"enemies":"Collector","floor":33,"turns":7},{"damage":7,"enemies":"3 Darklings","floor":35,"turns":5},{"damage":38,"enemies":"3 Shapes","floor":36,"turns":5},{"damage":87,"enemies":"Spire Growth","floor":38,"turns":6},{"damage":37,"enemies":"Reptomancer","floor":40,"turns":5},{"damage":72,"enemies":"Giant Head","floor":42,"turns":8}],"seed_played":"3285449653367389954","potions_obtained":[{"floor":1,"key":"FearPotion"},{"floor":3,"key":"AttackPotion"},{"floor":11,"key":"BloodPotion"},{"floor":12,"key":"AttackPotion"},{"floor":16,"key":"Fire Potion"},{"floor":19,"key":"EssenceOfSteel"},{"floor":24,"key":"PowerPotion"},{"floor":28,"key":"FearPotion"},{"floor":36,"key":"PowerPotion"},{"floor":40,"key":"SkillPotion"}],"is_trial":false,"path_per_floor":["M","M","M","?","M","R","E","R","T","R","M","M","$","E","R","B",null,"M","M","?","$","?","R","E","?","T","$","E","?","R","?","R","B",null,"M","M","$","M","?","E","R","E"],"character_chosen":"IRONCLAD","items_purchased":["Gremlin Horn","PreservedInsect","Discovery","Bandage Up"],"campfire_rested":2,"item_purchase_floors":[13,21,27,37],"current_hp_per_floor":[79,80,80,80,80,80,64,64,71,71,73,59,59,55,81,15,87,91,86,86,86,70,70,64,64,64,64,73,73,73,73,73,34,99,99,75,75,40,40,19,49,0],"gold":62,"neow_bonus":"RANDOM_COMMON_RELIC","is_prod":false,"is_daily":false,"chose_seed":false,"campfire_upgraded":6,"win_rate":0,"timestamp":1565197854,"path_taken":["M","M","M","?","M","R","E","R","T","R","M","M","$","E","R","BOSS","M","M","?","$","?","R","E","?","T","$","E","?","R","?","R","BOSS","M","M","?","M","?","E","R","E"],"build_version":"2019-06-28","purchased_purges":2,"victory":false,"max_hp_per_floor":[80,80,80,80,80,80,80,80,87,87,87,87,87,87,87,87,87,91,91,91,91,91,91,91,91,91,91,95,95,95,95,95,99,99,99,103,103,103,103,103,103,103],"card_choices":[{"not_picked":["Wild Strike","Havoc"],"picked":"Carnage","floor":1},{"not_picked":["Sword Boomerang","Entrench"],"picked":"Infernal Blade","floor":2},{"not_picked":["Entrench","Warcry","Evolve"],"picked":"SKIP","floor":3},{"not_picked":["Heavy Blade","Entrench"],"picked":"Pommel Strike","floor":5},{"not_picked":["Shrug It Off","Dual Wield"],"picked":"Juggernaut","floor":7},{"not_picked":["Hemokinesis","Headbutt"],"picked":"Uppercut","floor":11},{"not_picked":["Heavy Blade","Thunderclap"],"picked":"Power Through","floor":12},{"not_picked":["Flex","Sword Boomerang"],"picked":"Whirlwind","floor":14},{"not_picked":["Limit Break","Brutality"],"picked":"Feed+1","floor":16},{"not_picked":["Body Slam+1","Disarm"],"picked":"Cleave+1","floor":18},{"not_picked":["Sentinel+1","Feel No Pain+1"],"picked":"Sword Boomerang+1","floor":19},{"not_picked":["Seeing Red","Body Slam+1"],"picked":"Carnage+1","floor":24},{"not_picked":["True Grit","Limit Break"],"picked":"Power Through","floor":28},{"not_picked":["Feed+1","Double Tap"],"picked":"Reaper+1","floor":33},{"not_picked":["Anger+1","Perfected Strike+1"],"picked":"Cleave+1","floor":35},{"not_picked":["Heavy Blade+1","Iron Wave+1","Rupture"],"picked":"SKIP","floor":36},{"not_picked":["Iron Wave+1","Hemokinesis+1","True Grit+1"],"picked":"SKIP","floor":38},{"not_picked":["Thunderclap+1","Sentinel+1"],"picked":"Flex+1","floor":40}],"player_experience":43159,"relics_obtained":[{"floor":7,"key":"War Paint"},{"floor":9,"key":"Strawberry"},{"floor":14,"key":"Molten Egg 2"},{"floor":22,"key":"Nilry\u0027s Codex"},{"floor":24,"key":"Ornamental Fan"},{"floor":26,"key":"Matryoshka"},{"floor":28,"key":"Bird Faced Urn"},{"floor":40,"key":"Tiny Chest"}],"event_choices":[{"damage_healed":0,"gold_gain":175,"player_choice":"AGREE","damage_taken":0,"max_hp_gain":0,"max_hp_loss":0,"event_name":"Liars Game","floor":4,"gold_loss":0,"cards_obtained":["Doubt"]},{"damage_healed":0,"gold_gain":0,"player_choice":"Inject Mutagens","damage_taken":0,"relics_obtained":["MutagenicStrength"],"max_hp_gain":0,"max_hp_loss":0,"event_name":"Drug Dealer","floor":20,"gold_loss":0},{"damage_healed":0,"gold_gain":0,"player_choice":"Obtained Book","damage_taken":16,"max_hp_gain":0,"max_hp_loss":0,"event_name":"Cursed Tome","floor":22,"gold_loss":0},{"damage_healed":0,"gold_gain":0,"player_choice":"Ignored","damage_taken":0,"max_hp_gain":0,"max_hp_loss":0,"event_name":"Ghosts","floor":25,"gold_loss":0},{"damage_healed":0,"gold_gain":0,"player_choice":"Stole Relic","damage_taken":0,"relics_obtained":["Smiling Mask"],"max_hp_gain":0,"max_hp_loss":0,"event_name":"Addict","floor":29,"gold_loss":0,"cards_obtained":["Shame"]},{"damage_healed":0,"gold_gain":0,"player_choice":"Forge","damage_taken":0,"max_hp_gain":0,"max_hp_loss":0,"event_name":"Accursed Blacksmith","floor":31,"gold_loss":0,"cards_upgraded":["Power Through"]},{"damage_healed":0,"gold_gain":0,"player_choice":"Paid","damage_taken":0,"relics_obtained":["Red Mask"],"max_hp_gain":0,"max_hp_loss":0,"event_name":"Tomb of Lord Red Mask","floor":39,"gold_loss":63}],"is_beta":true,"boss_relics":[{"not_picked":["Velvet Choker","White Beast Statue"],"picked":"Philosopher\u0027s Stone"},{"not_picked":["Coffee Dripper","Snecko Eye"],"picked":"Black Blood"}],"items_purged_floors":[13,37],"is_endless":false,"potions_floor_spawned":[1,3,11,12,16,19,24,28,36,40],"killed_by":"Giant Head","ascension_level":2}