{"gold_per_floor":[116,135,153,170,150,150,184,184,207,207,233,233,233,261,261,338,338,353,372,382,68,68,68,98,112,135,16,16],"floor_reached":28,"playtime":2200,"items_purged":[],"score":474,"play_id":"cc5f0652-71bc-4678-80ed-6c8a1f2a6cf4","local_time":"20180908160008","is_ascension_mode":true,"campfire_choices":[{"floor":6.0,"key":"REST"},{"data":"Defragment","floor":8.0,"key":"SMITH"},{"data":"Electrodynamics","floor":10.0,"key":"SMITH"},{"floor":13.0,"key":"REST"},{"data":"Redo","floor":15.0,"key":"SMITH"},{"floor":23,"key":"REST"}],"neow_cost":"PERCENT_DAMAGE","seed_source_timestamp":16703788883319,"circlet_count":0,"master_deck":["Strike_B","Strike_B","Strike_B","Strike_B","Defend_B","Defend_B","Defend_B","Defend_B","Zap","Dualcast","AscendersBane","Electrodynamics+1","Streamline","Core Surge","Compile Driver","Coolheaded","Defragment+1","Go for the Eyes","Redo+1","Thunder Strike","Consume+1","Defragment","BootSequence","Auto Shields","Biased Cognition","Capacitor","Scrape"],"special_seed":0,"relics":["Cracked Core","Potion Belt","Blood Vial","Oddly Smooth Stone","Dead Branch","Snecko Eye","Chemical X","Art of War","Smiling Mask"],"potions_floor_usage":[],"damage_taken":[{"damage":0.0,"enemies":"Small Slimes","floor":1.0,"turns":2.0},{"damage":1.0,"enemies":"Cultist","floor":2.0,"turns":3.0},{"damage":7.0,"enemies":"Jaw Worm","floor":3.0,"turns":2.0},{"damage":6.0,"enemies":"2 Fungi Beasts","floor":4.0,"turns":2.0},{"damage":14.0,"enemies":"Gremlin Nob","floor":7.0,"turns":4.0},{"damage":36.0,"enemies":"Lagavulin","floor":11.0,"turns":5.0},{"damage":16.0,"enemies":"Gremlin Nob","floor":14.0,"turns":3.0},{"damage":13.0,"enemies":"Hexaghost","floor":16.0,"turns":11.0},{"damage":0.0,"enemies":"3 Byrds","floor":18.0,"turns":2.0},{"damage":22.0,"enemies":"Shell Parasite","floor":19.0,"turns":6.0},{"damage":3.0,"enemies":"Snecko","floor":20.0,"turns":3.0},{"damage":23,"enemies":"Slavers","floor":24,"turns":4},{"damage":24,"enemies":"Snake Plant","floor":25,"turns":3},{"damage":32,"enemies":"Chosen and Byrds","floor":28,"turns":4}],"seed_played":"1350136500859083021","potions_obtained":[{"floor":4.0,"key":"Fire Potion"},{"floor":5.0,"key":"SpeedPotion"},{"floor":11.0,"key":"FocusPotion"},{"floor":18.0,"key":"SkillPotion"},{"floor":25,"key":"Dexterity Potion"}],"is_trial":false,"path_per_floor":["M","M","M","M","?","R","E","R","T","R","E","?","R","E","R","B",null,"M","M","M","$","?","R","E","M","T","$"],"character_chosen":"DEFECT","items_purchased":["BootSequence","Chemical X","Capacitor","Scrape"],"campfire_rested":3,"item_purchase_floors":[21,21,27,27],"current_hp_per_floor":[46,45,38,32,32,53,39,39,39,39,5,5,26,12,12,1,54,56,36,35,35,35,56,35,13,13,13,0],"gold":16,"neow_bonus":"THREE_RARE_CARDS","is_prod":false,"is_daily":false,"chose_seed":false,"campfire_upgraded":3,"win_rate":0,"timestamp":1536393608,"path_taken":["M","M","M","M","?","R","E","R","T","R","E","?","R","E","R","BOSS","M","M","M","$","?","R","E","M","T","?","?"],"build_version":"2018-09-06","purchased_purges":0,"victory":false,"max_hp_per_floor":[71,71,71,71,71,71,71,71,71,71,71,71,71,71,71,71,71,71,71,71,71,71,71,71,71,71,71,71],"card_choices":[{"not_picked":["Reboot","Creative AI"],"picked":"Electrodynamics","floor":0.0},{"not_picked":["Rebound","Barrage"],"picked":"Streamline","floor":1.0},{"not_picked":["Gash","Stack"],"picked":"Core Surge","floor":2.0},{"not_picked":["Conserve Battery","Barrage"],"picked":"Compile Driver","floor":3.0},{"not_picked":["Conserve Battery","Lockon"],"picked":"Coolheaded","floor":4.0},{"not_picked":["Meteor Strike","Sunder"],"picked":"Defragment","floor":7.0},{"not_picked":["Static Discharge","Reprogram"],"picked":"Go for the Eyes","floor":11.0},{"not_picked":["Stack","Chill"],"picked":"Redo","floor":14.0},{"not_picked":["Multi-Cast","Hyperbeam"],"picked":"Thunder Strike","floor":16.0},{"not_picked":["Sweeping Beam","Go for the Eyes"],"picked":"Consume+1","floor":18.0},{"not_picked":["Compile Driver","Sweeping Beam"],"picked":"Defragment","floor":19.0},{"not_picked":["Conserve Battery","Lockon","Beam Cell"],"picked":"SKIP","floor":20.0},{"not_picked":["Amplify","Steam","Auto Shields"],"picked":"SKIP","floor":24},{"not_picked":["Compile Driver","Coolheaded","Storm"],"picked":"SKIP","floor":25}],"player_experience":317803,"relics_obtained":[{"floor":7.0,"key":"Potion Belt"},{"floor":9.0,"key":"Blood Vial"},{"floor":11.0,"key":"Oddly Smooth Stone"},{"floor":14.0,"key":"Dead Branch"},{"floor":24,"key":"Art of War"},{"floor":26,"key":"Smiling Mask"}],"event_choices":[{"event_name":"The Woman in Blue","player_choice":"Bought 1 Potion","floor":5.0,"damage_taken":0.0},{"event_name":"Shining Light","player_choice":"Ignored","floor":12.0,"damage_taken":0.0},{"event_name":"Match and Keep!","player_choice":"2 cards matched","floor":22,"damage_taken":0}],"is_beta":true,"boss_relics":[{"not_picked":["Cursed Key","Orrery"],"picked":"Snecko Eye"}],"items_purged_floors":[],"is_endless":false,"potions_floor_spawned":[4,11,18,25],"killed_by":"Chosen and Byrds","ascension_level":17}