{"gold_per_floor":[110,110,121,121,133,133,133,133,133,133,150,175,175,190,190,262,262,275,292,292,309,309],"floor_reached":22,"playtime":846,"items_purged":[],"score":335,"play_id":"7559b442-2a7a-4040-9869-e3cf696166d1","local_time":"20190129143020","is_ascension_mode":true,"campfire_choices":[{"data":"Sunder","floor":6,"key":"SMITH"},{"data":"Go for the Eyes","floor":8,"key":"SMITH"},{"floor":10,"key":"REST"},{"data":"Genetic Algorithm","floor":13,"key":"SMITH"},{"data":"Dualcast","floor":15,"key":"SMITH"}],"neow_cost":"PERCENT_DAMAGE","seed_source_timestamp":21415556747568,"circlet_count":0,"master_deck":["AscendersBane","Strike_B","Defend_B","Defend_B","Defend_B","Zap","Dualcast+1","White Noise","Blizzard","Ball Lightning","Sunder+1","Go for the Eyes+1","Capacitor","Genetic Algorithm+1","Glacier","Rainbow","Barrage+1","Glacier","Beam Cell"],"relics":["Cracked Core","Torii","Bottled Lightning","Inserter"],"potions_floor_usage":[16,22],"damage_taken":[{"damage":1,"enemies":"2 Louse","floor":1,"turns":3},{"damage":7,"enemies":"Jaw Worm","floor":3,"turns":3},{"damage":6,"enemies":"Cultist","floor":5,"turns":3},{"damage":1,"enemies":"Looter","floor":11,"turns":3},{"damage":11,"enemies":"3 Sentries","floor":12,"turns":5},{"damage":9,"enemies":"Lots of Slimes","floor":14,"turns":3},{"damage":10,"enemies":"Slime Boss","floor":16,"turns":9},{"damage":11,"enemies":"Spheric Guardian","floor":18,"turns":4},{"damage":10,"enemies":"Shell Parasite","floor":19,"turns":5},{"damage":22,"enemies":"Chosen and Byrds","floor":21,"turns":7},{"damage":15,"enemies":"Cultist and Chosen","floor":22,"turns":5}],"seed_played":"-5654762330729487890","potions_obtained":[{"floor":3,"key":"FairyPotion"},{"floor":11,"key":"Strength Potion"},{"floor":12,"key":"Regen Potion"},{"floor":21,"key":"AttackPotion"}],"is_trial":false,"path_per_floor":["M","?","M","?","M","R","T","R","T","R","M","E","R","M","R","B",null,"M","M","?","M","M"],"character_chosen":"DEFECT","items_purchased":[],"campfire_rested":1,"item_purchase_floors":[],"current_hp_per_floor":[45,38,31,31,25,25,25,25,25,46,45,34,34,25,25,30,61,50,40,33,11,7],"gold":309,"neow_bonus":"TRANSFORM_TWO_CARDS","is_prod":false,"is_daily":false,"chose_seed":false,"campfire_upgraded":4,"win_rate":0,"timestamp":1548743420,"path_taken":["M","?","M","?","?","R","?","R","T","R","M","E","R","M","R","BOSS","M","M","?","M","?"],"build_version":"2019-01-23","purchased_purges":0,"victory":false,"max_hp_per_floor":[71,71,71,71,71,71,71,71,71,71,71,71,71,71,71,71,71,71,71,71,71,71],"card_choices":[{"not_picked":["Hologram","Scrape"],"picked":"Ball Lightning","floor":1},{"not_picked":["Cold Snap","Doom and Gloom"],"picked":"Sunder","floor":3},{"not_picked":["Go for the Eyes","Scrape"],"picked":"Capacitor","floor":5},{"not_picked":["Storm","Recycle"],"picked":"Genetic Algorithm","floor":11},{"not_picked":["Redo","Rip and Tear"],"picked":"Glacier","floor":12},{"not_picked":["Sweeping Beam","Rebound","Meteor Strike"],"picked":"SKIP","floor":14},{"not_picked":["Fission","Multi-Cast"],"picked":"Rainbow","floor":16},{"not_picked":["Beam Cell+1","Steam Power"],"picked":"Barrage+1","floor":18},{"not_picked":["Sweeping Beam","Gash"],"picked":"Glacier","floor":19},{"not_picked":["Barrage","Reboot"],"picked":"Beam Cell","floor":21}],"player_experience":722398,"relics_obtained":[{"floor":9,"key":"Torii"},{"floor":12,"key":"Bottled Lightning"}],"event_choices":[{"cards_removed":["Strike_B"],"damage_healed":0,"gold_gain":0,"player_choice":"Card Removal","damage_taken":7,"max_hp_gain":0,"max_hp_loss":0,"event_name":"Golden Wing","floor":2,"gold_loss":0},{"damage_healed":0,"gold_gain":0,"cards_transformed":["Strike_B"],"player_choice":"Change","damage_taken":0,"max_hp_gain":0,"max_hp_loss":0,"event_name":"Living Wall","floor":4,"gold_loss":0,"cards_obtained":["Go for the Eyes"]},{"damage_healed":0,"gold_gain":0,"player_choice":"","damage_taken":7,"max_hp_gain":0,"max_hp_loss":0,"event_name":"Knowing Skull","floor":20,"potions_obtained":[],"gold_loss":0,"cards_obtained":[]}],"is_beta":true,"boss_relics":[{"not_picked":["Fusion Hammer","FrozenCore"],"picked":"Inserter"}],"items_purged_floors":[],"is_endless":false,"potions_floor_spawned":[3,11,12,21],"killed_by":"Cultist and Chosen","ascension_level":16}