{"gold_per_floor":[219,219,230,230,21,21,32,58,110,137,312,312,312,7,7,106,106,122,137,8,24,24],"floor_reached":22,"playtime":975,"items_purged":["Defend_B","Doubt"],"score":230,"play_id":"c42fa145-3331-41eb-b6b9-b7e5644167db","local_time":"20180720115038","is_ascension_mode":true,"campfire_choices":[{"data":"Echo Form","floor":6.0,"key":"SMITH"},{"data":"Streamline","floor":13,"key":"SMITH"},{"data":"Defragment","floor":15,"key":"SMITH"}],"neow_cost":"NONE","seed_source_timestamp":9038595609712,"circlet_count":0,"master_deck":["Strike_B","Strike_B","Strike_B","Defend_B","Defend_B","Defend_B","Zap","Dualcast","Conserve Battery","Echo Form+1","Streamline+1","Beam Cell","Darkness","FTL","Leap","Glacier","Defragment+1","Conserve Battery","BootSequence","All For One","Steam Power","Capacitor","Leap","Coolheaded+1"],"special_seed":0,"relics":["Cracked Core","Potion Belt","Anchor","Emotion Chip","Nunchaku","Eternal Feather"],"potions_floor_usage":[10],"damage_taken":[{"damage":4.0,"enemies":"Small Slimes","floor":1.0,"turns":4.0},{"damage":4.0,"enemies":"Jaw Worm","floor":3.0,"turns":4.0},{"damage":12.0,"enemies":"2 Louse","floor":7.0,"turns":3.0},{"damage":23.0,"enemies":"Lagavulin","floor":8.0,"turns":5.0},{"damage":11,"enemies":"3 Sentries","floor":10,"turns":5},{"damage":14,"enemies":"Slime Boss","floor":16,"turns":10},{"damage":0,"enemies":"Chosen","floor":18,"turns":6},{"damage":19,"enemies":"Spheric Guardian","floor":19,"turns":4},{"damage":16,"enemies":"Snake Plant","floor":21,"turns":9},{"damage":44,"enemies":"3 Cultists","floor":22,"turns":5}],"seed_played":"4102212782262429611","potions_obtained":[{"floor":3.0,"key":"Fire Potion"},{"floor":7.0,"key":"EssenceOfSteel"},{"floor":16,"key":"EssenceOfSteel"},{"floor":21,"key":"SteroidPotion"}],"is_trial":false,"path_per_floor":["M","?","M","?","$","R","M","E","T","E","?","T","R","$","R","B",null,"M","M","$","M"],"character_chosen":"DEFECT","items_purchased":["Beam Cell","Darkness","Defragment","Conserve Battery","BootSequence","Capacitor","Leap"],"campfire_rested":0,"item_purchase_floors":[5,5,14,14,14,20,20],"current_hp_per_floor":[71,71,67,67,67,67,55,32,32,21,21,21,21,21,21,7,75,75,56,56,40,0],"gold":24,"neow_bonus":"HUNDRED_GOLD","is_prod":false,"is_daily":false,"chose_seed":false,"campfire_upgraded":3,"win_rate":0,"timestamp":1532058638,"path_taken":["M","?","M","?","$","R","M","E","T","E","?","?","R","$","R","BOSS","M","?","$","M","M"],"build_version":"2018-07-19","purchased_purges":2,"victory":false,"max_hp_per_floor":[75,75,75,75,75,75,75,75,75,75,75,75,75,75,75,75,75,75,75,75,75,75],"card_choices":[{"not_picked":["Coolheaded","Steam"],"picked":"Conserve Battery","floor":1.0},{"not_picked":["Sweeping Beam","Barrage"],"picked":"Streamline","floor":3.0},{"not_picked":["Go for the Eyes","Sweeping Beam"],"picked":"FTL","floor":7.0},{"not_picked":["Compile Driver","Barrage"],"picked":"Leap","floor":8.0},{"not_picked":["Double Energy","Echo Form"],"picked":"Glacier","floor":10},{"not_picked":["Hyperbeam","Multi-Cast"],"picked":"All For One","floor":16},{"not_picked":["Rip and Tear","Stack"],"picked":"Steam Power","floor":18},{"not_picked":["Redo+1","Conserve Battery+1","Melter"],"picked":"SKIP","floor":19},{"not_picked":["Barrage+1","Reprogram"],"picked":"Coolheaded+1","floor":21}],"player_experience":121290,"relics_obtained":[{"floor":8.0,"key":"Potion Belt"},{"floor":9.0,"key":"Anchor"},{"floor":10,"key":"Emotion Chip"},{"floor":12,"key":"Nunchaku"}],"event_choices":[{"event_name":"Living Wall","player_choice":"Change","floor":2.0,"damage_taken":0.0},{"event_name":"The Cleric","player_choice":"Leave","floor":4.0,"damage_taken":0.0},{"event_name":"Liars Game","player_choice":"agreed","floor":11,"damage_taken":0}],"is_beta":false,"boss_relics":[{"not_picked":["Coffee Dripper","White Beast Statue"],"picked":"Eternal Feather"}],"items_purged_floors":[5,14],"is_endless":false,"potions_floor_spawned":[3,7,16,21],"killed_by":"3 Cultists","ascension_level":4}