{"gold_per_floor":[112,131,148,165,165,165,165,14,14,43,43,61,78,102,102,177,177,194,194,209,48,67,101,101,101,125,40,11,61,61,87,87,87],"floor_reached":33,"playtime":811,"items_purged":[],"score":566,"play_id":"fe23011a-bdf6-4e90-b29e-8f254230faa7","local_time":"20181104183343","is_ascension_mode":true,"campfire_choices":[{"data":"Zap","floor":6.0,"key":"SMITH"},{"data":"Loop","floor":11.0,"key":"SMITH"},{"data":"Streamline","floor":15.0,"key":"SMITH"},{"floor":25.0,"key":"REST"},{"floor":32.0,"key":"REST"}],"neow_cost":"NONE","seed_source_timestamp":26104926360692,"circlet_count":0,"master_deck":["AscendersBane","Strike_B+1","Strike_B+1","Strike_B+1","Defend_B+1","Defend_B+1","Defend_B+1","Defend_B+1","Zap+1","Dualcast","Hello World","Self Repair","Go for the Eyes+1","Cold Snap","Streamline+1","Ball Lightning","Loop+1","Leap","Electrodynamics","Seek","Steam","Darkness","Loop","Chaos"],"special_seed":0,"relics":["Cracked Core","NeowsBlessing","Bag of Preparation","Symbiotic Virus","Juzu Bracelet","White Beast Statue","Lantern","Gambling Chip","Smiling Mask","The Courier","Dodecahedron"],"potions_floor_usage":[33],"damage_taken":[{"damage":0.0,"enemies":"Cultist","floor":1.0,"turns":1.0},{"damage":0.0,"enemies":"Jaw Worm","floor":2.0,"turns":1.0},{"damage":0.0,"enemies":"Small Slimes","floor":3.0,"turns":1.0},{"damage":6.0,"enemies":"Looter","floor":4.0,"turns":4.0},{"damage":18.0,"enemies":"Gremlin Nob","floor":10.0,"turns":4.0},{"damage":9.0,"enemies":"Red Slaver","floor":12.0,"turns":2.0},{"damage":7.0,"enemies":"Exordium Thugs","floor":13.0,"turns":3.0},{"damage":18.0,"enemies":"Hexaghost","floor":16.0,"turns":7.0},{"damage":2.0,"enemies":"Spheric Guardian","floor":18.0,"turns":3.0},{"damage":4.0,"enemies":"3 Byrds","floor":20.0,"turns":2.0},{"damage":18.0,"enemies":"Cultist and Chosen","floor":22.0,"turns":5.0},{"damage":27.0,"enemies":"Book of Stabbing","floor":23.0,"turns":4.0},{"damage":24.0,"enemies":"Slavers","floor":31.0,"turns":4.0},{"damage":52,"enemies":"Automaton","floor":33,"turns":10}],"seed_played":"-4203155061849620662","potions_obtained":[{"floor":10.0,"key":"LiquidBronze"},{"floor":13.0,"key":"FearPotion"},{"floor":22.0,"key":"LiquidBronze"},{"floor":23.0,"key":"LiquidBronze"},{"floor":31.0,"key":"SpeedPotion"}],"is_trial":false,"path_per_floor":["M","M","M","M","?","R","?","$","T","E","R","M","M","T","R","B",null,"M","?","M","$","M","M","E","T","R","T","?","$","?","?","E","R","B"],"character_chosen":"DEFECT","items_purchased":["Streamline","Ball Lightning","Loop","Seek","Loop"],"campfire_rested":2,"item_purchase_floors":[8,8,8,21,28],"current_hp_per_floor":[64,64,64,65,58,58,58,58,58,40,40,31,31,31,31,13,57,55,55,51,51,40,13,13,34,34,34,34,34,34,17,38,0],"gold":87,"neow_bonus":"THREE_ENEMY_KILL","is_prod":false,"is_daily":false,"chose_seed":false,"campfire_upgraded":3,"win_rate":0,"timestamp":1541327623,"path_taken":["M","?","M","M","?","R","?","$","T","E","R","?","?","?","R","BOSS","M","?","M","$","M","E","?","R","T","?","?","?","?","E","R","BOSS"],"build_version":"2018-11-02","purchased_purges":0,"victory":false,"max_hp_per_floor":[71,71,71,71,71,71,71,71,71,71,71,71,71,71,71,71,71,71,71,71,71,71,71,71,71,71,71,71,71,71,71,71,71],"card_choices":[{"not_picked":["Conserve Battery","Redo"],"picked":"Hello World","floor":1.0},{"not_picked":["Hello World","Auto Shields"],"picked":"Self Repair","floor":2.0},{"not_picked":["Aggregate","Conserve Battery"],"picked":"Go for the Eyes","floor":3.0},{"not_picked":["Steam","Coolheaded"],"picked":"Cold Snap","floor":4.0},{"not_picked":["Blizzard","Ball Lightning","Thunder Strike"],"picked":"SKIP","floor":10.0},{"not_picked":["Static Discharge","Hologram"],"picked":"Leap","floor":12.0},{"not_picked":["Storm","Sweeping Beam","Conserve Battery"],"picked":"SKIP","floor":13.0},{"not_picked":["Core Surge","Thunder Strike"],"picked":"Electrodynamics","floor":16.0},{"not_picked":["Steam","Ball Lightning+1","Skim"],"picked":"SKIP","floor":18.0},{"not_picked":["Cold Snap","Steam Power","Stack"],"picked":"SKIP","floor":20.0},{"not_picked":["Melter","Genetic Algorithm"],"picked":"Steam","floor":22.0},{"not_picked":["Thunder Strike","Redo"],"picked":"Darkness","floor":23.0},{"not_picked":["Static Discharge","Rebound"],"picked":"Chaos","floor":31.0}],"player_experience":500121,"relics_obtained":[{"floor":9.0,"key":"Bag of Preparation"},{"floor":10.0,"key":"Symbiotic Virus"},{"floor":14.0,"key":"Juzu Bracelet"},{"floor":23.0,"key":"Lantern"},{"floor":24.0,"key":"Gambling Chip"},{"floor":26.0,"key":"Smiling Mask"},{"floor":31.0,"key":"Dodecahedron"}],"event_choices":[{"cards_removed":["Strike_B"],"damage_healed":0.0,"max_hp_gain":0.0,"max_hp_loss":0.0,"gold_gain":0.0,"event_name":"Golden Wing","player_choice":"Card Removal","floor":5.0,"gold_loss":0.0,"damage_taken":7.0},{"damage_healed":0.0,"max_hp_gain":0.0,"max_hp_loss":0.0,"gold_gain":0.0,"event_name":"Accursed Blacksmith","player_choice":"Forge","floor":7.0,"gold_loss":0.0,"damage_taken":0.0,"cards_upgraded":["Go for the Eyes"]},{"damage_healed":0.0,"max_hp_gain":0.0,"max_hp_loss":0.0,"gold_gain":0.0,"event_name":"Back to Basics","player_choice":"Simplicity","floor":19.0,"gold_loss":0.0,"damage_taken":0.0,"cards_upgraded":["Strike_B","Strike_B","Strike_B","Defend_B","Defend_B","Defend_B","Defend_B"]},{"damage_healed":0.0,"max_hp_gain":0.0,"max_hp_loss":0.0,"gold_gain":0.0,"event_name":"Addict","player_choice":"Obtained Relic","floor":27.0,"gold_loss":85.0,"damage_taken":0.0,"relics_obtained":["The Courier"]},{"damage_healed":0.0,"max_hp_gain":0.0,"max_hp_loss":0.0,"gold_gain":50.0,"event_name":"Nest","player_choice":"Stole From Cult","floor":29.0,"gold_loss":0.0,"damage_taken":0.0},{"damage_healed":0.0,"max_hp_gain":0.0,"max_hp_loss":0.0,"gold_gain":0.0,"event_name":"The Mausoleum","player_choice":"Ignored","floor":30.0,"gold_loss":0.0,"damage_taken":0.0}],"is_beta":true,"boss_relics":[{"not_picked":["Ectoplasm","Empty Cage"],"picked":"White Beast Statue"}],"items_purged_floors":[],"is_endless":false,"potions_floor_spawned":[10,13,18,20,22,23,31],"killed_by":"Automaton","ascension_level":20}