{"gold_per_floor":[161,172,187,198,198,198,228,54,54,67,67,32,32,32,32,108,108,128,144,144],"floor_reached":20,"playtime":627,"items_purged":[],"score":296,"play_id":"13f7cb46-f00d-4971-ad42-d4837a6eac6d","local_time":"20180907201502","is_ascension_mode":true,"campfire_choices":[{"floor":6,"key":"REST"},{"floor":11,"key":"REST"},{"data":"Defragment","floor":13,"key":"SMITH"},{"data":"Redo","floor":15,"key":"SMITH"}],"neow_cost":"NONE","seed_source_timestamp":2780693354828,"circlet_count":0,"master_deck":["Strike_B","Strike_B","Strike_B","Strike_B","Defend_B","Defend_B","Defend_B+1","Defend_B","Zap","Dualcast","AscendersBane","Ball Lightning","Doom and Gloom","Reinforced Body","Ball Lightning","Go for the Eyes","Thunder Strike","Defragment+1","Redo+1","Compile Driver","Streamline","Pain","Reboot","Leap","Turbo"],"special_seed":0,"relics":["Tiny House","Pocketwatch","Pantograph","Girya","WarpedTongs","Eternal Feather"],"potions_floor_usage":[7,18],"damage_taken":[{"damage":7,"enemies":"Jaw Worm","floor":1,"turns":3},{"damage":9,"enemies":"2 Louse","floor":2,"turns":2},{"damage":22,"enemies":"Small Slimes","floor":3,"turns":4},{"damage":9,"enemies":"Blue Slaver","floor":4,"turns":4},{"damage":17,"enemies":"Lagavulin","floor":7,"turns":4},{"damage":6,"enemies":"Looter","floor":10,"turns":3},{"damage":43,"enemies":"Slime Boss","floor":16,"turns":4},{"damage":9,"enemies":"Spheric Guardian","floor":18,"turns":3},{"damage":38,"enemies":"2 Thieves","floor":19,"turns":4},{"damage":23,"enemies":"Colosseum Slavers","floor":20,"turns":1}],"seed_played":"-3712678852515872639","potions_obtained":[{"floor":0,"key":"Poison Potion"},{"floor":2,"key":"Strength Potion"},{"floor":16,"key":"Explosive Potion"}],"is_trial":false,"path_per_floor":["M","M","M","M","?","R","E","$","T","M","R","?","R","?","R","B",null,"M","M"],"character_chosen":"DEFECT","items_purchased":["Defragment","Redo","Compile Driver"],"campfire_rested":2,"item_purchase_floors":[8,8,8],"current_hp_per_floor":[62,53,31,22,15,37,20,20,20,14,36,55,55,55,55,33,65,56,18,0],"gold":144,"neow_bonus":"BOSS_RELIC","is_prod":false,"is_daily":false,"chose_seed":false,"campfire_upgraded":2,"win_rate":0,"timestamp":1536322502,"path_taken":["M","M","M","M","?","R","E","?","T","M","R","?","R","?","R","BOSS","M","M","?"],"build_version":"2018-09-06","purchased_purges":0,"victory":false,"max_hp_per_floor":[76,76,76,76,76,76,76,76,76,76,76,76,76,76,76,76,76,76,76,76],"card_choices":[{"not_picked":["Cold Snap","Compile Driver"],"picked":"Ball Lightning","floor":0},{"not_picked":["White Noise","Reprogram"],"picked":"Doom and Gloom","floor":1},{"not_picked":["Barrage","Beam Cell"],"picked":"Reinforced Body","floor":2},{"not_picked":["Beam Cell","Steam"],"picked":"Ball Lightning","floor":3},{"not_picked":["Amplify","Sweeping Beam"],"picked":"Go for the Eyes","floor":4},{"not_picked":["Rebound","Self Repair"],"picked":"Thunder Strike","floor":7},{"not_picked":["Gash","Hologram"],"picked":"Streamline","floor":10},{"not_picked":["Hyperbeam","All For One"],"picked":"Reboot","floor":16},{"not_picked":["Steam","Stack"],"picked":"Leap","floor":18},{"not_picked":["Conserve Battery","Beam Cell"],"picked":"Turbo","floor":19}],"player_experience":302562,"relics_obtained":[{"floor":7,"key":"Pantograph"},{"floor":9,"key":"Girya"}],"event_choices":[{"event_name":"Scrap Ooze","player_choice":"success","floor":5,"damage_taken":7},{"event_name":"The Cleric","player_choice":"Healed","floor":12,"damage_taken":0},{"event_name":"Accursed Blacksmith","player_choice":"Rummage","floor":14,"damage_taken":0},{"event_name":"Colosseum","player_choice":"Fight","floor":20,"damage_taken":0}],"is_beta":true,"boss_relics":[{"not_picked":["Busted Crown","Velvet Choker"],"picked":"Eternal Feather"}],"items_purged_floors":[],"is_endless":false,"potions_floor_spawned":[2,16],"killed_by":"Colosseum Slavers","ascension_level":14}