{"gold_per_floor":[138,183,183,240,21,126,126,159,159,159,208,208,319,384,384,641,641,703,36,36,36],"floor_reached":21,"playtime":651,"items_purged":["Normality"],"score":578,"play_id":"fec92040-98b8-4bf0-b252-bc3c1471c11b","local_time":"20190330143345","daily_mods":["DeadlyEvents","Binary","Cursed Run","Elite Swarm","Lethality","Midas","Night Terrors","Terminal","Uncertain Future","Binary"],"is_ascension_mode":true,"campfire_choices":[{"floor":10.0,"key":"REST"},{"floor":12.0,"key":"REST"},{"floor":15.0,"key":"REST"}],"neow_cost":"","seed_source_timestamp":1499558862695,"circlet_count":0,"master_deck":["AscendersBane","Strike_B","Strike_B","Strike_B","Strike_B","Defend_B","Defend_B","Defend_B","Defend_B","Zap","Dualcast","Apotheosis","Cold Snap","Coolheaded","Rip and Tear","The Bomb"],"special_seed":0,"relics":["Cursed Key","Darkstone Periapt","Du-Vu Doll","Busted Crown","Kunai","Golden Idol","Girya","Runic Dome","Oddly Smooth Stone"],"potions_floor_usage":[21],"damage_taken":[{"damage":0.0,"enemies":"2 Louse","floor":1.0,"turns":2.0},{"damage":0.0,"enemies":"Jaw Worm","floor":2.0,"turns":3.0},{"damage":0.0,"enemies":"Cultist","floor":4.0,"turns":3.0},{"damage":0.0,"enemies":"Lagavulin","floor":6.0,"turns":4.0},{"damage":0.0,"enemies":"Looter","floor":8.0,"turns":2.0},{"damage":0.0,"enemies":"Lots of Slimes","floor":11.0,"turns":4.0},{"damage":0.0,"enemies":"Gremlin Nob","floor":13.0,"turns":3.0},{"damage":0.0,"enemies":"3 Louse","floor":14.0,"turns":2.0},{"damage":0.0,"enemies":"The Guardian","floor":16.0,"turns":10.0},{"damage":3,"enemies":"Chosen","floor":18,"turns":5},{"damage":2,"enemies":"3 Byrds","floor":21,"turns":2}],"seed_played":"1924025440856574988","potions_obtained":[{"floor":2.0,"key":"Ancient Potion"},{"floor":6.0,"key":"SneckoOil"},{"floor":8.0,"key":"PowerPotion"},{"floor":13.0,"key":"AttackPotion"}],"is_trial":true,"path_per_floor":["M","M","?","M","$","E","?","M","T","R","M","R","E","M","R","B",null,"M","$","?","M"],"character_chosen":"DEFECT","items_purchased":["Apotheosis","Cold Snap","Coolheaded","Rip and Tear","Oddly Smooth Stone","The Bomb","Swift Potion","Strength Potion"],"campfire_rested":3,"item_purchase_floors":[5,5,19,19,19,19,19,19],"current_hp_per_floor":[1,1,1,1,1,1,1,1,1,1,1,1,1,1,1,6,5,2,2,2,0],"gold":36,"neow_bonus":"","is_prod":false,"is_daily":false,"chose_seed":true,"campfire_upgraded":0,"win_rate":0,"timestamp":1553927625,"path_taken":["M","M","?","M","$","E","?","M","T","R","?","R","E","M","R","BOSS","M","$","?","M"],"build_version":"2019-01-23","purchased_purges":1,"victory":false,"max_hp_per_floor":[1,1,1,1,1,1,1,1,1,1,1,1,1,1,1,6,5,4,3,2,2],"card_choices":[],"player_experience":899617,"relics_obtained":[{"floor":6.0,"key":"Kunai"},{"floor":13.0,"key":"Girya"}],"event_choices":[{"damage_healed":0.0,"max_hp_gain":0.0,"max_hp_loss":0.0,"gold_gain":0.0,"event_name":"Scrap Ooze","player_choice":"Fled","floor":3.0,"gold_loss":0.0,"damage_taken":0.0},{"damage_healed":0.0,"max_hp_gain":0.0,"max_hp_loss":0.0,"gold_gain":0.0,"event_name":"Golden Idol","player_choice":"Take Damage","floor":7.0,"gold_loss":0.0,"damage_taken":0.0,"relics_obtained":["Golden Idol"]},{"damage_healed":0,"gold_gain":0,"player_choice":"Ignored","damage_taken":0,"max_hp_gain":0,"max_hp_loss":0,"event_name":"Cursed Tome","floor":20,"gold_loss":0}],"is_beta":false,"boss_relics":[{"not_picked":["Eternal Feather","Inserter"],"picked":"Runic Dome"}],"items_purged_floors":[19],"is_endless":false,"potions_floor_spawned":[2,6,8,13],"killed_by":"3 Byrds","ascension_level":20}