{"gold_per_floor":[112,23,23,39,52,86,86,2,25,39,39,70,70,88,88,167,167,182,97,110,160,174,174,174,174,174,206,206,220,247,75,75,153,153,168,168,182,182,182,182,213,113,140,151,151,151,151,166,166,166,166],"floor_reached":52,"playtime":5158,"items_purged":["Melter","Ball Lightning"],"score":1806,"play_id":"0b1f80c5-8558-4d71-a1e7-4f047c16e161","local_time":"20190104214715","is_ascension_mode":true,"campfire_choices":[{"data":"Sunder","floor":7.0,"key":"SMITH"},{"data":"Beam Cell","floor":11.0,"key":"SMITH"},{"data":"Defragment","floor":15.0,"key":"SMITH"},{"data":"Coolheaded","floor":23.0,"key":"SMITH"},{"data":"Dualcast","floor":25.0,"key":"SMITH"},{"data":"Conserve Battery","floor":28.0,"key":"SMITH"},{"floor":32.0,"key":"RECALL"},{"data":"Magnetism","floor":40.0,"key":"SMITH"},{"data":"Self Repair","floor":45.0,"key":"SMITH"},{"data":"Core Surge","floor":47.0,"key":"SMITH"}],"neow_cost":"NONE","seed_source_timestamp":2169957141461,"circlet_count":0,"master_deck":["AscendersBane","Dualcast+1","Coolheaded+1","Sunder+1","Beam Cell+1","Self Repair+1","Core Surge+1","Defragment+1","Conserve Battery+1","Seek+1","Stack+1","Skim+1","Chaos+1","Recycle+1","Tempest+1","Steam Power+1","Hologram+1","Go for the Eyes+1","Reinforced Body+1","Coolheaded+1","Glacier+1","Discovery+1","Buffer+1","Magnetism+1","Dark Shackles+1","Turbo+1"],"special_seed":0,"relics":["Cracked Core","NeowsBlessing","StoneCalendar","Mango","Bronze Scales","Boot","Toxic Egg 2","Pandora\u0027s Box","Blood Vial","Symbiotic Virus","Happy Flower","Regal Pillow","Coffee Dripper","PreservedInsect"],"potions_floor_usage":[51],"damage_taken":[{"damage":0.0,"enemies":"Cultist","floor":1.0,"turns":1.0},{"damage":0.0,"enemies":"2 Louse","floor":4.0,"turns":1.0},{"damage":0.0,"enemies":"Small Slimes","floor":5.0,"turns":1.0},{"damage":35.0,"enemies":"3 Sentries","floor":6.0,"turns":7.0},{"damage":0.0,"enemies":"Exordium Wildlife","floor":10.0,"turns":1.0},{"damage":8.0,"enemies":"Gremlin Nob","floor":12.0,"turns":3.0},{"damage":8.0,"enemies":"Gremlin Gang","floor":14.0,"turns":4.0},{"damage":22.0,"enemies":"Hexaghost","floor":16.0,"turns":7.0},{"damage":0.0,"enemies":"2 Thieves","floor":18.0,"turns":2.0},{"damage":0.0,"enemies":"Chosen","floor":20.0,"turns":3.0},{"damage":17.0,"enemies":"Shelled Parasite and Fungi","floor":22.0,"turns":4.0},{"damage":5.0,"enemies":"Gremlin Leader","floor":27.0,"turns":6.0},{"damage":0.0,"enemies":"Snake Plant","floor":29.0,"turns":3.0},{"damage":0.0,"enemies":"Slavers","floor":30.0,"turns":4.0},{"damage":12.0,"enemies":"Champ","floor":33.0,"turns":10.0},{"damage":0.0,"enemies":"3 Darklings","floor":35.0,"turns":3.0},{"damage":0.0,"enemies":"Orb Walker","floor":37.0,"turns":4.0},{"damage":28.0,"enemies":"Giant Head","floor":41.0,"turns":13.0},{"damage":0.0,"enemies":"Transient","floor":44.0,"turns":6.0},{"damage":0.0,"enemies":"4 Shapes","floor":46.0,"turns":1.0},{"damage":4.0,"enemies":"Sphere and 2 Shapes","floor":48.0,"turns":5.0},{"damage":12.0,"enemies":"Time Eater","floor":50.0,"turns":22.0},{"damage":42,"enemies":"Donu and Deca","floor":51,"turns":21}],"seed_played":"714895012647009983","potions_obtained":[{"floor":6.0,"key":"GamblersBrew"},{"floor":10.0,"key":"SpeedPotion"},{"floor":14.0,"key":"Poison Potion"},{"floor":20.0,"key":"SmokeBomb"},{"floor":48.0,"key":"Swift Potion"}],"is_trial":false,"path_per_floor":["M","$","T","M","M","E","R","$","T","M","R","E","T","M","R","B",null,"M","?","M","?","M","R","?","R","T","E","R","M","E","$","R","B",null,"M","?","M","?","?","R","E","$","T","M","R","M","R","M","R","B","B",null],"character_chosen":"DEFECT","items_purchased":["Sunder","Beam Cell","Defragment","Discovery+1"],"campfire_rested":0,"item_purchase_floors":[2,2,8,31],"current_hp_per_floor":[64,64,64,64,64,50,50,50,50,50,50,49,49,48,48,33,72,72,72,74,74,66,66,66,66,66,70,70,79,85,85,85,73,82,84,84,85,85,75,75,56,56,56,65,65,77,77,85,85,83,53],"gold":166,"neow_bonus":"THREE_ENEMY_KILL","is_prod":false,"is_daily":false,"chose_seed":false,"campfire_upgraded":9,"win_rate":0,"timestamp":1546609635,"path_taken":["M","?","?","M","?","E","R","$","T","M","R","E","?","M","R","BOSS","M","?","M","?","M","R","?","R","T","E","R","M","E","$","R","BOSS","M","?","?","?","?","R","E","$","T","M","R","M","R","M","R","BOSS","BOSS"],"build_version":"2019-01-03v3","purchased_purges":2,"victory":true,"max_hp_per_floor":[71,71,71,71,71,85,85,85,85,85,85,85,85,85,85,85,85,85,85,85,85,85,85,85,85,85,85,85,85,85,85,85,85,85,85,85,85,85,85,85,85,85,85,85,85,85,85,85,85,85,85],"card_choices":[{"not_picked":["Barrage","Compile Driver"],"picked":"Coolheaded","floor":1.0},{"not_picked":["Coolheaded","Fusion"],"picked":"Self Repair","floor":4.0},{"not_picked":["Redo","Beam Cell","Chaos"],"picked":"SKIP","floor":5.0},{"not_picked":["Self Repair","Turbo"],"picked":"Core Surge","floor":6.0},{"not_picked":["Beam Cell","Consume","Chaos"],"picked":"SKIP","floor":10.0},{"not_picked":["Beam Cell","Rip and Tear"],"picked":"Conserve Battery","floor":12.0},{"not_picked":["Rebound","Scrape","Gash"],"picked":"SKIP","floor":14.0},{"not_picked":["Thunder Strike","Reboot+1"],"picked":"Seek+1","floor":16.0},{"not_picked":["Scrape","Barrage"],"picked":"Consume+1","floor":18.0},{"not_picked":["Beam Cell","Leap+1"],"picked":"Hologram+1","floor":20.0},{"not_picked":["Stack+1","Ball Lightning"],"picked":"Go for the Eyes+1","floor":22.0},{"not_picked":["Chill+1","Hyperbeam"],"picked":"Reinforced Body+1","floor":27.0},{"not_picked":["Sweeping Beam","Leap+1"],"picked":"Coolheaded+1","floor":29.0},{"not_picked":["Redo+1","Loop"],"picked":"Glacier+1","floor":30.0},{"not_picked":["Core Surge","All For One"],"picked":"Buffer","floor":33.0},{"not_picked":["Beam Cell","Coolheaded+1","Consume+1"],"picked":"SKIP","floor":35.0},{"not_picked":["Sweeping Beam+1","Cold Snap","Hologram+1"],"picked":"SKIP","floor":37.0},{"not_picked":["Purity+1","Violence+1"],"picked":"Magnetism","floor":39.0},{"not_picked":["Purity+1","PanicButton+1"],"picked":"Dark Shackles+1","floor":39.0},{"not_picked":["Sweeping Beam","Steam+1","Storm+1"],"picked":"SKIP","floor":41.0},{"not_picked":["Hologram+1","Rebound","Compile Driver"],"picked":"SKIP","floor":44.0},{"not_picked":["Streamline","Ball Lightning"],"picked":"Turbo+1","floor":48.0}],"player_experience":667703,"relics_obtained":[{"floor":3.0,"key":"StoneCalendar"},{"floor":6.0,"key":"Mango"},{"floor":9.0,"key":"Bronze Scales"},{"floor":12.0,"key":"Boot"},{"floor":13.0,"key":"Toxic Egg 2"},{"floor":26.0,"key":"Symbiotic Virus"},{"floor":27.0,"key":"Happy Flower"},{"floor":30.0,"key":"Regal Pillow"},{"floor":41.0,"key":"PreservedInsect"}],"event_choices":[{"damage_healed":0.0,"max_hp_gain":0.0,"max_hp_loss":0.0,"gold_gain":0.0,"event_name":"Addict","player_choice":"Obtained Relic","floor":19.0,"gold_loss":85.0,"damage_taken":0.0,"relics_obtained":["Blood Vial"]},{"damage_healed":0.0,"max_hp_gain":0.0,"max_hp_loss":0.0,"gold_gain":50.0,"event_name":"Nest","player_choice":"Stole From Cult","floor":21.0,"gold_loss":0.0,"damage_taken":0.0},{"cards_removed":["Zap"],"damage_healed":0.0,"max_hp_gain":0.0,"max_hp_loss":0.0,"gold_gain":0.0,"event_name":"Back to Basics","player_choice":"Elegance","floor":24.0,"gold_loss":0.0,"damage_taken":0.0},{"damage_healed":0.0,"max_hp_gain":0.0,"max_hp_loss":0.0,"gold_gain":0.0,"event_name":"Upgrade Shrine","player_choice":"Upgraded","floor":36.0,"gold_loss":0.0,"damage_taken":0.0,"cards_upgraded":["Buffer"]},{"cards_removed":["Consume"],"damage_healed":0.0,"max_hp_gain":0.0,"max_hp_loss":0.0,"gold_gain":0.0,"event_name":"Falling","player_choice":"Removed Skill","floor":38.0,"gold_loss":0.0,"damage_taken":0.0},{"damage_healed":0.0,"max_hp_gain":0.0,"max_hp_loss":0.0,"gold_gain":0.0,"event_name":"SensoryStone","player_choice":"Memory 3","floor":39.0,"gold_loss":0.0,"damage_taken":10.0}],"is_beta":true,"boss_relics":[{"not_picked":["Busted Crown","FrozenCore"],"picked":"Pandora\u0027s Box"},{"not_picked":["Lizard Tail","Eternal Feather"],"picked":"Coffee Dripper"}],"items_purged_floors":[31,42],"is_endless":false,"potions_floor_spawned":[6,10,14,20,27,30,33,46,48],"ascension_level":20}