{"gold_per_floor":[110,110,110,34,52,52,52,52,77,91,108,124,140,166,166,263,263,276,294,5,17,17,31,61,61,91,105,130,142,154,166,178,286,298,321,348,126,146,246,256,269,286,286,286,332,332,360,378,378,378],"floor_reached":51,"playtime":3519,"items_purged":[],"score":778,"play_id":"c813a94f-f5b6-4444-af96-5da2e68c83a0","local_time":"20190802140628","daily_mods":["Vintage","Allstar","Blue Cards","Colorless Cards","Heirloom","Time Dilation","Uncertain Future"],"is_ascension_mode":false,"campfire_choices":[{"data":"Echo Form","floor":6,"key":"SMITH"},{"data":"Mayhem","floor":8,"key":"SMITH"},{"floor":15,"key":"REST"},{"floor":25,"key":"REST"},{"floor":30,"key":"REST"},{"data":"Creative AI","floor":32,"key":"SMITH"},{"floor":44,"key":"REST"},{"floor":46,"key":"REST"},{"data":"Electrodynamics","floor":49,"key":"SMITH"}],"neow_cost":"","seed_source_timestamp":239697715739151,"circlet_count":0,"master_deck":["Demon Form","Wraith Form v2","Echo Form+1","Strike_B+1","Strike_B","Strike_B","Strike_B+1","Defend_B","Defend_B","Defend_B","Defend_B","Zap+1","Dualcast","Discovery","PanicButton+1","PanicButton","Mayhem+1","Dramatic Entrance","Storm","Ball Lightning","Creative AI+1","Capacitor","Ball Lightning","Electrodynamics+1","Parasite","Ball Lightning+1","Hello World"],"relics":["Cracked Core","Nunchaku","Peace Pipe","Kunai","Ancient Tea Set","War Paint","Ginger","Happy Flower","Oddly Smooth Stone","Mummified Hand","Blood Vial","Snecko Eye","Meat on the Bone","Pocketwatch","Question Card","Bronze Scales","Ornamental Fan","Potion Belt","Tiny Chest","MawBank","Pantograph","Nilry\u0027s Codex","Bottled Tornado","Sozu","The Courier","Blue Candle","Ice Cream","Whetstone","PreservedInsect","Cables","Dodecahedron","Smiling Mask","Du-Vu Doll","Thread and Needle","DataDisk"],"potions_floor_usage":[],"damage_taken":[{"damage":5,"enemies":"2 Louse","floor":1,"turns":2},{"damage":0,"enemies":"Small Slimes","floor":5,"turns":3},{"damage":12,"enemies":"Jaw Worm","floor":10,"turns":4},{"damage":17,"enemies":"Large Slime","floor":11,"turns":4},{"damage":12,"enemies":"Looter","floor":12,"turns":4},{"damage":0,"enemies":"Blue Slaver","floor":13,"turns":3},{"damage":9,"enemies":"3 Sentries","floor":14,"turns":5},{"damage":0,"enemies":"Slime Boss","floor":16,"turns":7},{"damage":6,"enemies":"Shell Parasite","floor":18,"turns":2},{"damage":5,"enemies":"3 Byrds","floor":19,"turns":3},{"damage":1,"enemies":"3 Cultists","floor":21,"turns":4},{"damage":5,"enemies":"Sentry and Sphere","floor":23,"turns":4},{"damage":9,"enemies":"Gremlin Leader","floor":24,"turns":4},{"damage":7,"enemies":"Chosen and Byrds","floor":27,"turns":3},{"damage":5,"enemies":"Shelled Parasite and Fungi","floor":28,"turns":3},{"damage":6,"enemies":"Champ","floor":33,"turns":5},{"damage":25,"enemies":"3 Darklings","floor":35,"turns":3},{"damage":1,"enemies":"3 Shapes","floor":36,"turns":3},{"damage":4,"enemies":"Jaw Worm Horde","floor":38,"turns":2},{"damage":0,"enemies":"4 Shapes","floor":40,"turns":4},{"damage":9,"enemies":"Writhing Mass","floor":41,"turns":3},{"damage":8,"enemies":"Transient","floor":42,"turns":5},{"damage":18,"enemies":"2 Orb Walkers","floor":45,"turns":3},{"damage":4,"enemies":"Giant Head","floor":47,"turns":5},{"damage":15,"enemies":"Jaw Worm Horde","floor":48,"turns":3},{"damage":63,"enemies":"Awakened One","floor":50,"turns":6}],"seed_played":"-7333700037988501150","potions_obtained":[{"floor":1,"key":"FocusPotion"},{"floor":5,"key":"AttackPotion"},{"floor":10,"key":"FearPotion"},{"floor":13,"key":"Explosive Potion"},{"floor":24,"key":"Regen Potion"},{"floor":28,"key":"Explosive Potion"}],"is_trial":true,"path_per_floor":["M","?","?","$","M","R","$","R","T","M","M","M","M","E","R","B",null,"M","M","$","M","?","M","E","R","T","M","M","?","R","T","R","B",null,"M","M","$","M","?","M","M","M","T","R","?","R","E","M","R","B",null],"character_chosen":"DEFECT","items_purchased":["Storm","Question Card","Capacitor","Ice Cream"],"campfire_rested":5,"item_purchase_floors":[4,20,20,37],"current_hp_per_floor":[70,70,58,58,58,58,58,58,58,46,29,17,17,8,30,32,75,69,66,66,67,53,50,43,67,67,62,59,43,67,67,67,74,80,55,56,56,54,54,56,49,43,43,67,51,75,73,60,60,29],"gold":378,"neow_bonus":"","is_prod":false,"is_daily":false,"chose_seed":false,"campfire_upgraded":4,"win_rate":0.0,"timestamp":1564772788,"path_taken":["M","?","?","?","M","R","$","R","T","M","M","M","M","E","R","BOSS","M","M","$","M","?","M","E","R","T","M","M","?","R","?","R","BOSS","M","M","$","M","?","M","M","?","T","R","?","R","E","M","R","BOSS"],"build_version":"2019-07-17","purchased_purges":0,"victory":true,"max_hp_per_floor":[75,75,75,75,75,75,75,75,75,75,75,75,75,75,75,75,75,75,75,75,75,80,80,80,80,80,80,80,80,80,80,80,80,80,80,80,80,80,80,80,80,80,80,80,80,80,80,80,80,80],"card_choices":[{"not_picked":["Steam","Streamline"],"picked":"Ball Lightning","floor":14},{"not_picked":["Machine Learning","Master of Strategy"],"picked":"Creative AI","floor":16},{"not_picked":["Beam Cell+1","Conserve Battery","Go for the Eyes"],"picked":"Ball Lightning","floor":24},{"not_picked":["Buffer","HandOfGreed","Secret Weapon"],"picked":"Electrodynamics","floor":33},{"not_picked":["Compile Driver+1","Chaos","Coolheaded+1"],"picked":"Ball Lightning+1","floor":45},{"not_picked":["Sweeping Beam","Stack","Leap+1"],"picked":"Hello World","floor":47}],"player_experience":24467,"relics_obtained":[{"floor":1,"key":"Peace Pipe"},{"floor":5,"key":"Ancient Tea Set"},{"floor":9,"key":"War Paint"},{"floor":10,"key":"Ginger"},{"floor":11,"key":"Happy Flower"},{"floor":12,"key":"Oddly Smooth Stone"},{"floor":13,"key":"Mummified Hand"},{"floor":14,"key":"Blood Vial"},{"floor":18,"key":"Meat on the Bone"},{"floor":19,"key":"Pocketwatch"},{"floor":21,"key":"Bronze Scales"},{"floor":23,"key":"Ornamental Fan"},{"floor":24,"key":"Potion Belt"},{"floor":26,"key":"Tiny Chest"},{"floor":27,"key":"MawBank"},{"floor":28,"key":"Pantograph"},{"floor":29,"key":"Nilry\u0027s Codex"},{"floor":31,"key":"Bottled Tornado"},{"floor":35,"key":"The Courier"},{"floor":36,"key":"Blue Candle"},{"floor":38,"key":"Whetstone"},{"floor":40,"key":"PreservedInsect"},{"floor":41,"key":"Cables"},{"floor":42,"key":"Dodecahedron"},{"floor":43,"key":"Smiling Mask"},{"floor":45,"key":"Du-Vu Doll"},{"floor":47,"key":"Thread and Needle"},{"floor":48,"key":"DataDisk"}],"event_choices":[{"damage_healed":0,"gold_gain":0,"player_choice":"Ignored","damage_taken":0,"max_hp_gain":0,"max_hp_loss":0,"event_name":"Golden Wing","floor":2,"gold_loss":0},{"damage_healed":0,"gold_gain":0,"player_choice":"Success","damage_taken":12,"relics_obtained":["Kunai"],"max_hp_gain":0,"max_hp_loss":0,"event_name":"Scrap Ooze","floor":3,"gold_loss":0},{"damage_healed":0,"gold_gain":0,"player_choice":"Shed Blood","damage_taken":19,"max_hp_gain":5,"max_hp_loss":0,"event_name":"Forgotten Altar","floor":22,"gold_loss":0},{"damage_healed":0,"gold_gain":0,"player_choice":"Obtained Book","damage_taken":16,"max_hp_gain":0,"max_hp_loss":0,"event_name":"Cursed Tome","floor":29,"gold_loss":0},{"damage_healed":0,"gold_gain":100,"player_choice":"Pray","damage_taken":0,"max_hp_gain":0,"max_hp_loss":0,"event_name":"Golden Shrine","floor":39,"gold_loss":0},{"damage_healed":0,"gold_gain":0,"player_choice":"Fight","damage_taken":0,"max_hp_gain":0,"max_hp_loss":0,"event_name":"Mysterious Sphere","floor":45,"gold_loss":0}],"is_beta":false,"boss_relics":[{"not_picked":["Astrolabe","Busted Crown"],"picked":"Snecko Eye"},{"not_picked":["Velvet Choker","Philosopher\u0027s Stone"],"picked":"Sozu"}],"items_purged_floors":[],"is_endless":false,"potions_floor_spawned":[1,5,10,13,18,24,28,33,35,38,45,48],"ascension_level":0}