{"gold_per_floor":[114,84,96,171,171,201,201,236,315,341,355,355,366,380,380,452,452,467,487,507,432,432,432,432,447,447,447,12,12,24,53,53,128,128,146,146,146,146,165,193,53,65,65,85,85,119,119,130,130,130,130],"floor_reached":51,"playtime":1764,"items_purged":["Strike_B"],"score":1490,"play_id":"00c4c690-bb0f-43f6-813c-9f3e0e2aa8f6","local_time":"20190430200628","is_ascension_mode":true,"campfire_choices":[{"data":"Ball Lightning","floor":7.0,"key":"SMITH"},{"data":"Darkness","floor":12.0,"key":"SMITH"},{"data":"Darkness","floor":15.0,"key":"SMITH"},{"floor":23.0,"key":"REST"},{"data":"Fission","floor":29.0,"key":"SMITH"},{"data":"Multi-Cast","floor":32.0,"key":"SMITH"},{"data":"Seek","floor":45.0,"key":"SMITH"},{"data":"Coolheaded","floor":47.0,"key":"SMITH"},{"floor":49.0,"key":"RECALL"}],"neow_cost":"NONE","seed_source_timestamp":3678102399210,"circlet_count":0,"master_deck":["AscendersBane","Strike_B","Defend_B","Defend_B","Defend_B","Defend_B","Dualcast","Self Repair","Ball Lightning+1","Genetic Algorithm","Darkness+1","Chill","Darkness+1","Multi-Cast+1","Redo+1","Fission+1","Beam Cell","Turbo","Meteor Strike","Glacier","Coolheaded+1","Skim+1","Seek+1","Hologram","Clumsy","Creative AI","Coolheaded+1"],"special_seed":0,"relics":["Cracked Core","NeowsBlessing","Lantern","Pen Nib","Letter Opener","Meat on the Bone","Nuclear Battery","Enchiridion","The Courier","DataDisk","Ice Cream","Turnip","Cursed Key","Symbiotic Virus","Dead Branch"],"potions_floor_usage":[],"damage_taken":[{"damage":0.0,"enemies":"Cultist","floor":1.0,"turns":1.0},{"damage":0.0,"enemies":"Small Slimes","floor":3.0,"turns":1.0},{"damage":0.0,"enemies":"3 Sentries","floor":6.0,"turns":1.0},{"damage":11.0,"enemies":"Gremlin Nob","floor":8.0,"turns":3.0},{"damage":19.0,"enemies":"3 Sentries","floor":10.0,"turns":5.0},{"damage":13.0,"enemies":"2 Louse","floor":11.0,"turns":5.0},{"damage":4.0,"enemies":"Looter","floor":13.0,"turns":2.0},{"damage":6.0,"enemies":"Large Slime","floor":14.0,"turns":4.0},{"damage":27.0,"enemies":"The Guardian","floor":16.0,"turns":8.0},{"damage":19.0,"enemies":"2 Thieves","floor":18.0,"turns":3.0},{"damage":25.0,"enemies":"Shell Parasite","floor":19.0,"turns":5.0},{"damage":30.0,"enemies":"Centurion and Healer","floor":20.0,"turns":6.0},{"damage":26.0,"enemies":"Snake Plant","floor":25.0,"turns":4.0},{"damage":11.0,"enemies":"3 Cultists","floor":30.0,"turns":5.0},{"damage":5.0,"enemies":"Gremlin Leader","floor":31.0,"turns":5.0},{"damage":23.0,"enemies":"Champ","floor":33.0,"turns":6.0},{"damage":8.0,"enemies":"3 Darklings","floor":35.0,"turns":3.0},{"damage":16.0,"enemies":"Orb Walker","floor":39.0,"turns":3.0},{"damage":26.0,"enemies":"Nemesis","floor":40.0,"turns":5.0},{"damage":26.0,"enemies":"Jaw Worm Horde","floor":42.0,"turns":3.0},{"damage":17.0,"enemies":"3 Darklings","floor":44.0,"turns":5.0},{"damage":0.0,"enemies":"Giant Head","floor":46.0,"turns":3.0},{"damage":0.0,"enemies":"Sphere and 2 Shapes","floor":48.0,"turns":3.0},{"damage":25.0,"enemies":"Time Eater","floor":50.0,"turns":4.0},{"damage":44,"enemies":"Awakened One","floor":51,"turns":7}],"seed_played":"-5899058537743100596","potions_obtained":[{"floor":2.0,"key":"Strength Potion"},{"floor":2.0,"key":"Weak Potion"},{"floor":8.0,"key":"Swift Potion"},{"floor":18.0,"key":"Explosive Potion"},{"floor":25.0,"key":"Strength Potion"},{"floor":35.0,"key":"PowerPotion"},{"floor":39.0,"key":"SpeedPotion"},{"floor":42.0,"key":"Dexterity Potion"}],"is_trial":false,"path_per_floor":["M","?","M","?","?","E","R","E","T","E","M","R","M","M","R","B",null,"M","M","M","$","?","R","?","M","T","?","$","R","M","E","R","B",null,"M","?","?","?","M","E","$","M","T","M","R","E","R","M","R","B","B"],"character_chosen":"DEFECT","items_purchased":["DataDisk","Ice Cream","Turbo","Seek"],"campfire_rested":1,"item_purchase_floors":[28,28,28,41],"current_hp_per_floor":[64,64,64,53,53,60,60,56,56,44,50,50,46,47,47,39,63,51,45,34,34,13,34,34,27,27,27,27,27,35,49,49,45,65,64,64,64,64,55,48,48,41,41,43,43,50,50,50,50,37,0],"gold":130,"neow_bonus":"THREE_ENEMY_KILL","is_prod":false,"is_daily":false,"chose_seed":false,"campfire_upgraded":7,"win_rate":0,"timestamp":1556625988,"path_taken":["M","?","?","?","?","E","R","E","T","E","M","R","M","M","R","BOSS","M","M","M","$","?","R","?","M","T","?","?","R","?","E","R","BOSS","M","?","?","?","M","E","$","M","T","M","R","E","R","M","R","BOSS","BOSS"],"build_version":"2019-01-23","purchased_purges":1,"victory":false,"max_hp_per_floor":[71,71,71,71,71,71,71,71,71,71,71,71,71,71,71,71,71,71,71,71,71,71,71,71,71,71,71,71,71,71,71,71,71,71,71,71,67,67,67,67,67,67,67,67,67,67,67,67,67,67,67],"card_choices":[{"not_picked":["Cold Snap","Storm","Leap"],"picked":"SKIP","floor":1.0},{"not_picked":["Hologram","Scrape"],"picked":"Self Repair","floor":3.0},{"not_picked":["Streamline","Aggregate"],"picked":"Genetic Algorithm","floor":6.0},{"not_picked":["Fusion","Lockon"],"picked":"Chaos","floor":8.0},{"not_picked":["Gash","Heatsinks"],"picked":"Darkness","floor":10.0},{"not_picked":["Force Field","Turbo"],"picked":"Chill","floor":11.0},{"not_picked":["Steam","Go for the Eyes","Auto Shields"],"picked":"SKIP","floor":13.0},{"not_picked":["Recycle","Reprogram"],"picked":"Darkness","floor":14.0},{"not_picked":["Amplify","Creative AI"],"picked":"Multi-Cast","floor":16.0},{"not_picked":["Stack","Storm","Coolheaded"],"picked":"SKIP","floor":18.0},{"not_picked":["Compile Driver","Ball Lightning+1","Multi-Cast"],"picked":"SKIP","floor":19.0},{"not_picked":["Ball Lightning","Cold Snap"],"picked":"Redo+1","floor":20.0},{"not_picked":["Rip and Tear","Steam","Steam Power+1"],"picked":"SKIP","floor":25.0},{"not_picked":["Rebound","Auto Shields","Heatsinks"],"picked":"SKIP","floor":30.0},{"not_picked":["Blizzard+1","Rainbow","Ball Lightning"],"picked":"SKIP","floor":31.0},{"not_picked":["Thunder Strike","Amplify"],"picked":"Meteor Strike","floor":33.0},{"not_picked":["Cold Snap","Sunder+1"],"picked":"Glacier","floor":35.0},{"not_picked":["Chaos","Conserve Battery"],"picked":"Coolheaded","floor":39.0},{"not_picked":["Redo+1","Fusion+1"],"picked":"Skim+1","floor":40.0},{"not_picked":["Rebound+1","Gash"],"picked":"Hologram","floor":42.0},{"not_picked":["Cold Snap","Rebound","Steam"],"picked":"SKIP","floor":44.0},{"not_picked":["Conserve Battery","Creative AI","Gash"],"picked":"SKIP","floor":46.0},{"not_picked":["Conserve Battery","Gash"],"picked":"Creative AI","floor":46.0},{"not_picked":["Static Discharge","White Noise"],"picked":"Coolheaded+1","floor":48.0}],"player_experience":964818,"relics_obtained":[{"floor":6.0,"key":"Lantern"},{"floor":8.0,"key":"Pen Nib"},{"floor":9.0,"key":"Letter Opener"},{"floor":10.0,"key":"Meat on the Bone"},{"floor":22.0,"key":"Enchiridion"},{"floor":26.0,"key":"The Courier"},{"floor":31.0,"key":"Turnip"},{"floor":40.0,"key":"Symbiotic Virus"},{"floor":46.0,"key":"Dead Branch"}],"event_choices":[{"damage_healed":0.0,"max_hp_gain":0.0,"max_hp_loss":0.0,"gold_gain":0.0,"event_name":"The Woman in Blue","player_choice":"Bought 2 Potions","floor":2.0,"gold_loss":0.0,"damage_taken":0.0},{"damage_healed":0.0,"max_hp_gain":0.0,"max_hp_loss":0.0,"gold_gain":75.0,"event_name":"World of Goop","player_choice":"Gather Gold","floor":4.0,"gold_loss":0.0,"damage_taken":11.0},{"damage_healed":0.0,"max_hp_gain":0.0,"max_hp_loss":0.0,"gold_gain":0.0,"cards_transformed":["Strike_B"],"event_name":"Living Wall","player_choice":"Change","floor":5.0,"gold_loss":0.0,"damage_taken":0.0,"cards_obtained":["Ball Lightning"]},{"damage_healed":0.0,"max_hp_gain":0.0,"max_hp_loss":0.0,"gold_gain":0.0,"event_name":"Cursed Tome","player_choice":"Obtained Book","floor":22.0,"gold_loss":0.0,"damage_taken":21.0},{"damage_healed":0.0,"max_hp_gain":0.0,"max_hp_loss":0.0,"gold_gain":0.0,"event_name":"Vampires","player_choice":"Ignored","floor":24.0,"gold_loss":0.0,"damage_taken":0.0},{"damage_healed":0.0,"max_hp_gain":0.0,"max_hp_loss":0.0,"gold_gain":0.0,"cards_transformed":["Chaos","Zap"],"event_name":"Drug Dealer","player_choice":"Became Test Subject","floor":27.0,"gold_loss":0.0,"damage_taken":0.0,"cards_obtained":["Fission","Beam Cell"]},{"damage_healed":0.0,"max_hp_gain":0.0,"max_hp_loss":0.0,"gold_gain":0.0,"event_name":"Tomb of Lord Red Mask","player_choice":"Ignored","floor":36.0,"gold_loss":0.0,"damage_taken":0.0},{"damage_healed":0.0,"max_hp_gain":0.0,"max_hp_loss":4.0,"gold_gain":0.0,"event_name":"Winding Halls","player_choice":"Max HP","floor":37.0,"gold_loss":0.0,"damage_taken":0.0},{"cards_removed":["Strike_B"],"damage_healed":0.0,"max_hp_gain":0.0,"max_hp_loss":0.0,"gold_gain":0.0,"event_name":"Falling","player_choice":"Removed Attack","floor":38.0,"gold_loss":0.0,"damage_taken":0.0}],"is_beta":false,"boss_relics":[{"not_picked":["Sozu","Lizard Tail"],"picked":"Nuclear Battery"},{"not_picked":["Pandora\u0027s Box","Black Star"],"picked":"Cursed Key"}],"items_purged_floors":[21],"is_endless":false,"potions_floor_spawned":[8,11,13,18,25,30,35,39,42],"killed_by":"Awakened One","ascension_level":20}