{"gold_per_floor":[119,135,135,33,83,83,115,224,248,298,300,331,381,398,398,494,494,509,257,277,327,377,377,406,406,429,445,456,9,59,34,34,137,137,147,197,216,118,168,199,249,249,273,287,302,352,352,371,371,371],"floor_reached":50,"playtime":5573,"items_purged":["Strike_R","Strike_R","Strike_R"],"score":569,"play_id":"80306f4f-f8bc-4896-b2b5-e02b1c300363","local_time":"20190805201520","is_ascension_mode":false,"campfire_choices":[{"data":"Fiend Fire","floor":6,"key":"SMITH"},{"data":"Offering","floor":15,"key":"SMITH"},{"floor":23,"key":"REST"},{"floor":25,"key":"REST"},{"floor":32,"key":"REST"},{"floor":42,"key":"REST"},{"floor":47,"key":"REST"},{"floor":49,"key":"REST"}],"neow_cost":"NONE","seed_source_timestamp":402428512829501,"circlet_count":0,"master_deck":["Defend_R+1","Defend_R","Defend_R+1","Bash","Headbutt","Fiend Fire+1","Offering+1","Dropkick","Clothesline","Shrug It Off","Feed","Infernal Blade","Pommel Strike","Double Tap","Metallicize","Brutality","Clothesline+1","Searing Blow+1","Power Through+1","Cleave+1","Jack Of All Trades","Offering+1","Flame Barrier","Madness","Madness","Ghostly Armor","Feel No Pain+1"],"relics":["Burning Blood","SsserpentHead","War Paint","Boot","Juzu Bracelet","Orichalcum","Ornamental Fan","Fusion Hammer","Red Skull","Nilry\u0027s Codex","Question Card","Strawberry","Sundial","Astrolabe","StoneCalendar","Vajra"],"potions_floor_usage":[16,24,45,50,50,50],"damage_taken":[{"damage":0,"enemies":"Small Slimes","floor":1,"turns":4},{"damage":1,"enemies":"Cultist","floor":2,"turns":4},{"damage":23,"enemies":"Gremlin Nob","floor":7,"turns":4},{"damage":21,"enemies":"Gremlin Nob","floor":8,"turns":4},{"damage":18,"enemies":"3 Sentries","floor":12,"turns":9},{"damage":0,"enemies":"2 Louse","floor":14,"turns":2},{"damage":49,"enemies":"The Guardian","floor":16,"turns":14},{"damage":18,"enemies":"2 Thieves","floor":18,"turns":2},{"damage":9,"enemies":"3 Byrds","floor":20,"turns":7},{"damage":60,"enemies":"Slavers","floor":24,"turns":6},{"damage":6,"enemies":"Snecko","floor":27,"turns":2},{"damage":13,"enemies":"Cultist and Chosen","floor":28,"turns":6},{"damage":57,"enemies":"Collector","floor":33,"turns":9},{"damage":6,"enemies":"Orb Walker","floor":35,"turns":2},{"damage":47,"enemies":"3 Darklings","floor":37,"turns":11},{"damage":29,"enemies":"Giant Head","floor":40,"turns":8},{"damage":49,"enemies":"4 Shapes","floor":44,"turns":6},{"damage":29,"enemies":"Maw","floor":45,"turns":8},{"damage":21,"enemies":"Sphere and 2 Shapes","floor":48,"turns":7},{"damage":100,"enemies":"Awakened One","floor":50,"turns":10}],"seed_played":"-136961823581933902","potions_obtained":[{"floor":2,"key":"PowerPotion"},{"floor":8,"key":"SpeedPotion"},{"floor":16,"key":"Poison Potion"},{"floor":24,"key":"BloodPotion"},{"floor":33,"key":"Ancient Potion"},{"floor":44,"key":"Explosive Potion"},{"floor":45,"key":"GamblersBrew"}],"is_trial":false,"path_per_floor":["M","M","?","$","?","R","E","?","T","?","?","E","?","M","R","B",null,"M","$","M","?","?","R","E","R","T","M","M","$","?","?","R","B",null,"M","?","M","$","?","E","?","R","T","M","M","?","R","M","R","B"],"character_chosen":"IRONCLAD","items_purchased":["Offering","Red Skull","Metallicize","Sundial","Jack Of All Trades"],"campfire_rested":6,"item_purchase_floors":[4,19,29,29,38],"current_hp_per_floor":[88,88,88,88,70,70,53,38,38,31,31,19,48,54,54,11,88,79,79,79,63,44,73,19,48,55,55,48,48,48,48,79,28,106,106,106,65,65,65,42,29,60,60,17,20,93,93,81,96,0],"gold":371,"neow_bonus":"TEN_PERCENT_HP_BONUS","is_prod":false,"is_daily":false,"chose_seed":false,"campfire_upgraded":2,"win_rate":0.0,"timestamp":1565028920,"path_taken":["M","M","?","?","?","R","E","?","T","?","?","E","?","M","R","BOSS","M","$","M","?","?","R","E","R","T","M","M","$","?","?","R","BOSS","M","?","M","$","?","E","?","R","T","M","M","?","R","M","R","BOSS"],"build_version":"2019-07-17","purchased_purges":3,"victory":false,"max_hp_per_floor":[88,88,88,88,88,88,88,88,88,88,88,88,88,88,88,88,88,91,91,94,94,99,99,99,99,106,106,106,106,106,106,106,106,106,106,106,106,106,106,106,106,106,106,106,106,93,93,96,96,96],"card_choices":[{"not_picked":["Anger","Corruption"],"picked":"Headbutt","floor":1},{"not_picked":["Sword Boomerang","Body Slam"],"picked":"Fiend Fire","floor":2},{"not_picked":["Dual Wield","Seeing Red"],"picked":"Dropkick","floor":7},{"not_picked":["Heavy Blade","Warcry"],"picked":"Clothesline","floor":8},{"not_picked":["Heavy Blade","Armaments"],"picked":"Dual Wield","floor":12},{"not_picked":["Anger","Blood for Blood"],"picked":"Shrug It Off","floor":14},{"not_picked":["Bludgeon","Fiend Fire"],"picked":"Feed","floor":16},{"not_picked":["Warcry","Combust","Flex"],"picked":"SKIP","floor":18},{"not_picked":["Heavy Blade","Second Wind+1"],"picked":"Pommel Strike","floor":20},{"not_picked":["Shockwave","Twin Strike"],"picked":"Infernal Blade","floor":24},{"not_picked":["Sword Boomerang","Anger","Searing Blow"],"picked":"Pommel Strike","floor":27},{"not_picked":["Warcry","Clothesline","Armaments"],"picked":"Double Tap","floor":28},{"not_picked":["Bludgeon","Juggernaut","Demon Form"],"picked":"Brutality","floor":33},{"not_picked":["Burning Pact+1","Shockwave","True Grit"],"picked":"Cleave+1","floor":35},{"not_picked":["Iron Wave+1","Cleave","Intimidate","Anger"],"picked":"SKIP","floor":37},{"not_picked":["Perfected Strike","Dropkick","Searing Blow+1"],"picked":"Flame Barrier","floor":40},{"not_picked":["Warcry+1","Twin Strike+1","Cleave"],"picked":"Ghostly Armor","floor":44},{"not_picked":["Heavy Blade+1","Second Wind+1","Shrug It Off"],"picked":"Feel No Pain+1","floor":45},{"not_picked":["Twin Strike+1","Whirlwind","Headbutt","Cleave+1"],"picked":"SKIP","floor":48}],"player_experience":11241,"relics_obtained":[{"floor":7,"key":"Boot"},{"floor":8,"key":"Juzu Bracelet"},{"floor":9,"key":"Orichalcum"},{"floor":12,"key":"Ornamental Fan"},{"floor":21,"key":"Nilry\u0027s Codex"},{"floor":24,"key":"Question Card"},{"floor":26,"key":"Strawberry"},{"floor":40,"key":"StoneCalendar"},{"floor":43,"key":"Vajra"}],"event_choices":[{"damage_healed":0,"gold_gain":0,"player_choice":"Trade","damage_taken":0,"relics_obtained":["SsserpentHead"],"max_hp_gain":0,"max_hp_loss":0,"event_name":"FaceTrader","floor":3,"gold_loss":0},{"damage_healed":0,"gold_gain":0,"player_choice":"Success","damage_taken":18,"relics_obtained":["War Paint"],"max_hp_gain":0,"max_hp_loss":0,"event_name":"Scrap Ooze","floor":5,"gold_loss":0},{"damage_healed":0,"gold_gain":0,"player_choice":"Searched \u00271\u0027 times","damage_taken":0,"max_hp_gain":0,"max_hp_loss":0,"event_name":"Dead Adventurer","floor":8,"gold_loss":0},{"cards_removed":["Strike_R"],"damage_healed":0,"gold_gain":0,"player_choice":"Card Removal","damage_taken":7,"max_hp_gain":0,"max_hp_loss":0,"event_name":"Golden Wing","floor":10,"gold_loss":0},{"damage_healed":0,"gold_gain":0,"player_choice":"Left Gold","damage_taken":0,"max_hp_gain":0,"max_hp_loss":0,"event_name":"World of Goop","floor":11,"gold_loss":48},{"damage_healed":29,"gold_gain":0,"player_choice":"Banana","damage_taken":0,"max_hp_gain":0,"max_hp_loss":0,"event_name":"Big Fish","floor":13,"gold_loss":0},{"damage_healed":0,"gold_gain":0,"player_choice":"Obtained Book","damage_taken":16,"max_hp_gain":0,"max_hp_loss":0,"event_name":"Cursed Tome","floor":21,"gold_loss":0},{"damage_healed":0,"gold_gain":0,"player_choice":"Shed Blood","damage_taken":24,"max_hp_gain":5,"max_hp_loss":0,"event_name":"Forgotten Altar","floor":22,"gold_loss":0},{"cards_removed":["Strike_R"],"damage_healed":0,"gold_gain":0,"player_choice":"Gave Gold","damage_taken":0,"max_hp_gain":0,"max_hp_loss":0,"event_name":"Beggar","floor":31,"gold_loss":75},{"damage_healed":0,"gold_gain":0,"player_choice":"Ignored","damage_taken":0,"max_hp_gain":0,"max_hp_loss":0,"event_name":"Tomb of Lord Red Mask","floor":36,"gold_loss":0},{"damage_healed":0,"gold_gain":0,"player_choice":"Copied","damage_taken":0,"max_hp_gain":0,"max_hp_loss":0,"event_name":"Duplicator","floor":39,"gold_loss":0,"cards_obtained":["Offering"]},{"damage_healed":0,"gold_gain":0,"player_choice":"Embrace Madness","damage_taken":13,"max_hp_gain":0,"max_hp_loss":0,"event_name":"Winding Halls","floor":41,"gold_loss":0,"cards_obtained":["Madness","Madness"]},{"damage_healed":93,"gold_gain":0,"player_choice":"Heal","damage_taken":0,"max_hp_gain":0,"max_hp_loss":13,"event_name":"The Moai Head","floor":46,"gold_loss":0}],"is_beta":false,"boss_relics":[{"not_picked":["Black Star","Busted Crown"],"picked":"Fusion Hammer"},{"not_picked":["Calling Bell","Snecko Eye"],"picked":"Astrolabe"}],"items_purged_floors":[4,19,29],"is_endless":false,"potions_floor_spawned":[2,8,16,24,33,35,44,45],"killed_by":"Awakened One","ascension_level":0}