{"gold_per_floor":[113,124,144,144,163,163,191,191,191,191,17,30,30,30,30,155,155,171,192,192,217,92,108,108,131,131,144,69,69,69,15,15,138,138,157,157,490,490,503,503,514,514,514,529,539,217,236,266,266,266],"floor_reached":50,"playtime":2456,"items_purged":["Defend_R","Defend_R","Parasite"],"score":837,"play_id":"4bddf239-4500-4373-8ff8-8bcbf48eb1c9","local_time":"20181130180348","is_ascension_mode":true,"campfire_choices":[{"data":"Inflame","floor":6.0,"key":"SMITH"},{"data":"Perfected Strike","floor":8.0,"key":"SMITH"},{"data":"Perfected Strike","floor":10.0,"key":"SMITH"},{"data":"Pommel Strike","floor":13.0,"key":"SMITH"},{"floor":15.0,"key":"REST"},{"floor":24.0,"key":"RECALL"},{"floor":29.0,"key":"REST"},{"floor":32.0,"key":"REST"},{"floor":40.0,"key":"REST"},{"floor":42.0,"key":"REST"},{"floor":49.0,"key":"REST"}],"neow_cost":"TEN_PERCENT_HP_LOSS","seed_source_timestamp":0,"circlet_count":0,"master_deck":["AscendersBane","Strike_R","Strike_R","Strike_R","Strike_R","Strike_R","Defend_R","Bash","Inflame+1","Perfected Strike+1","Heavy Blade","Offering","Flex","Perfected Strike+1","Ghostly Armor","Pommel Strike+1","Twin Strike","Double Tap","Armaments","Perfected Strike+1","Pummel+1","Shrug It Off","Shockwave","Pommel Strike","Perfected Strike+1","Wild Strike+1","Apotheosis","True Grit+1","Ghostly Armor+1"],"special_seed":0,"relics":["Burning Blood","Torii","Lantern","Bronze Scales","Fusion Hammer","Nilry\u0027s Codex","Snecko Eye","Gremlin Horn","Bottled Flame"],"potions_floor_usage":[],"damage_taken":[{"damage":1.0,"enemies":"Small Slimes","floor":1.0,"turns":3.0},{"damage":6.0,"enemies":"Cultist","floor":2.0,"turns":3.0},{"damage":8.0,"enemies":"2 Louse","floor":3.0,"turns":2.0},{"damage":22.0,"enemies":"2 Fungi Beasts","floor":5.0,"turns":5.0},{"damage":46.0,"enemies":"Lagavulin","floor":7.0,"turns":7.0},{"damage":1.0,"enemies":"3 Louse","floor":12.0,"turns":4.0},{"damage":6.0,"enemies":"Slime Boss","floor":16.0,"turns":3.0},{"damage":1.0,"enemies":"Chosen","floor":18.0,"turns":3.0},{"damage":0.0,"enemies":"Spheric Guardian","floor":19.0,"turns":2.0},{"damage":0.0,"enemies":"Snake Plant","floor":21.0,"turns":1.0},{"damage":15.0,"enemies":"Centurion and Healer","floor":23.0,"turns":3.0},{"damage":6.0,"enemies":"Cultist and Chosen","floor":25.0,"turns":3.0},{"damage":7.0,"enemies":"3 Cultists","floor":27.0,"turns":3.0},{"damage":40.0,"enemies":"Collector","floor":33.0,"turns":8.0},{"damage":0.0,"enemies":"3 Shapes","floor":35.0,"turns":2.0},{"damage":1.0,"enemies":"Orb Walker","floor":39.0,"turns":2.0},{"damage":0.0,"enemies":"Sphere and 2 Shapes","floor":41.0,"turns":2.0},{"damage":13.0,"enemies":"Spire Growth","floor":44.0,"turns":3.0},{"damage":24.0,"enemies":"Writhing Mass","floor":45.0,"turns":3.0},{"damage":12.0,"enemies":"Transient","floor":47.0,"turns":5.0},{"damage":14.0,"enemies":"Nemesis","floor":48.0,"turns":3.0},{"damage":53,"enemies":"Donu and Deca","floor":50,"turns":5}],"seed_played":"2540397513672628745","potions_obtained":[{"floor":1.0,"key":"SkillPotion"},{"floor":7.0,"key":"GamblersBrew"},{"floor":12.0,"key":"EssenceOfSteel"},{"floor":19.0,"key":"SpeedPotion"},{"floor":25.0,"key":"SteroidPotion"},{"floor":47.0,"key":"Fruit Juice"}],"is_trial":false,"path_per_floor":["M","M","M","?","M","R","E","R","T","R","$","M","R","?","R","B",null,"M","M","?","M","$","M","R","M","T","M","?","R","?","$","R","B",null,"M","$","?","?","M","R","M","R","T","M","M","$","M","E","R","B"],"character_chosen":"IRONCLAD","items_purchased":["Ghostly Armor","Pommel Strike","Shrug It Off","Pommel Strike","Apotheosis"],"campfire_rested":6,"item_purchase_floors":[11,11,22,31,46],"current_hp_per_floor":[72,72,70,70,54,54,14,14,14,14,14,19,19,19,39,39,60,65,67,67,67,67,58,58,58,58,57,57,67,51,51,67,33,59,65,65,65,64,64,64,64,64,64,57,39,39,38,30,49,0],"gold":266,"neow_bonus":"ONE_RARE_RELIC","is_prod":false,"is_daily":false,"chose_seed":false,"campfire_upgraded":4,"win_rate":0,"timestamp":1543572228,"path_taken":["M","M","M","?","M","R","E","R","T","R","?","M","R","?","R","BOSS","M","M","?","M","$","M","R","M","T","M","?","R","?","?","R","BOSS","M","$","?","?","M","R","?","R","T","M","M","?","?","E","R","BOSS"],"build_version":"2018-11-15","purchased_purges":3,"victory":false,"max_hp_per_floor":[72,72,72,72,72,72,72,72,72,72,72,72,72,67,67,67,67,67,67,67,67,67,67,67,67,67,67,67,67,67,67,67,67,67,67,67,67,64,64,64,64,64,64,64,64,61,66,66,66,66],"card_choices":[{"not_picked":["Rage","Body Slam"],"picked":"Inflame","floor":1.0},{"not_picked":["Armaments","Headbutt"],"picked":"Perfected Strike","floor":2.0},{"not_picked":["Rage","Armaments"],"picked":"Heavy Blade","floor":3.0},{"not_picked":["Pommel Strike","Disarm"],"picked":"Flex","floor":5.0},{"not_picked":["Shrug It Off","Dark Embrace"],"picked":"Perfected Strike","floor":7.0},{"not_picked":["Clothesline","Wild Strike"],"picked":"Twin Strike","floor":12.0},{"not_picked":["Feed","Berserk"],"picked":"Double Tap","floor":16.0},{"not_picked":["Reckless Charge","Wild Strike"],"picked":"Armaments","floor":18.0},{"not_picked":["Clothesline+1","Cleave"],"picked":"Perfected Strike+1","floor":19.0},{"not_picked":["Body Slam","Thunderclap"],"picked":"Pummel+1","floor":21.0},{"not_picked":["True Grit","Whirlwind","Cleave"],"picked":"SKIP","floor":23.0},{"not_picked":["Clothesline+1","Infernal Blade","Reckless Charge+1"],"picked":"SKIP","floor":25.0},{"not_picked":["Pummel","Double Tap"],"picked":"Shockwave","floor":27.0},{"not_picked":["Entrench","Fire Breathing","Second Wind"],"picked":"SKIP","floor":35.0},{"not_picked":["Clash","Wild Strike"],"picked":"Perfected Strike+1","floor":39.0},{"not_picked":["Havoc","Reckless Charge+1","Dropkick"],"picked":"SKIP","floor":41.0},{"not_picked":["Warcry","Hemokinesis+1"],"picked":"Wild Strike+1","floor":44.0},{"not_picked":["Iron Wave+1","Thunderclap+1","Berserk"],"picked":"SKIP","floor":45.0},{"not_picked":["Iron Wave","Heavy Blade+1"],"picked":"True Grit+1","floor":47.0},{"not_picked":["Headbutt","Uppercut+1"],"picked":"Ghostly Armor+1","floor":48.0}],"player_experience":580025,"relics_obtained":[{"floor":7.0,"key":"Lantern"},{"floor":9.0,"key":"Bronze Scales"},{"floor":30.0,"key":"Nilry\u0027s Codex"},{"floor":43.0,"key":"Gremlin Horn"},{"floor":48.0,"key":"Bottled Flame"}],"event_choices":[{"damage_healed":0.0,"max_hp_gain":0.0,"max_hp_loss":0.0,"gold_gain":0.0,"event_name":"Match and Keep!","player_choice":"1 cards matched","floor":4.0,"gold_loss":0.0,"damage_taken":0.0,"cards_obtained":["Offering"]},{"damage_healed":0.0,"max_hp_gain":0.0,"max_hp_loss":0.0,"gold_gain":0.0,"event_name":"Match and Keep!","player_choice":"1 cards matched","floor":4.0,"gold_loss":0.0,"damage_taken":0.0,"cards_obtained":["Offering"]},{"damage_healed":0.0,"max_hp_gain":0.0,"max_hp_loss":5.0,"gold_gain":0.0,"event_name":"Golden Idol","player_choice":"Lose Max HP","floor":14.0,"gold_loss":0.0,"damage_taken":0.0,"relics_obtained":["Golden Idol"]},{"damage_healed":0.0,"max_hp_gain":0.0,"max_hp_loss":0.0,"gold_gain":0.0,"event_name":"Ghosts","player_choice":"Ignored","floor":20.0,"gold_loss":0.0,"damage_taken":0.0},{"cards_removed":["Defend_R"],"damage_healed":0.0,"max_hp_gain":0.0,"max_hp_loss":0.0,"gold_gain":0.0,"event_name":"Beggar","player_choice":"Gave Gold","floor":28.0,"gold_loss":75.0,"damage_taken":0.0},{"damage_healed":0.0,"max_hp_gain":0.0,"max_hp_loss":0.0,"gold_gain":0.0,"event_name":"Cursed Tome","player_choice":"Obtained Book","floor":30.0,"gold_loss":0.0,"damage_taken":16.0},{"damage_healed":0.0,"max_hp_gain":0.0,"max_hp_loss":0.0,"gold_gain":333.0,"event_name":"The Moai Head","player_choice":"Gave Idol","floor":37.0,"relics_lost":["Golden Idol"],"gold_loss":0.0,"damage_taken":0.0},{"damage_healed":0.0,"max_hp_gain":0.0,"max_hp_loss":3.0,"gold_gain":0.0,"event_name":"Winding Halls","player_choice":"Max HP","floor":38.0,"gold_loss":0.0,"damage_taken":0.0}],"is_beta":true,"boss_relics":[{"not_picked":["Runic Cube","Eternal Feather"],"picked":"Fusion Hammer"},{"not_picked":["White Beast Statue","Empty Cage"],"picked":"Snecko Eye"}],"items_purged_floors":[11,22,46],"is_endless":false,"potions_floor_spawned":[1,7,12,18,19,25,35,41,45,47],"killed_by":"Donu and Deca","ascension_level":11}