{"gold_per_floor":[10,10,23,23,36,36,71,71,71,92,105,380,61,74,74,170,170,186,205,72,96,40,40,53,53,76,92,27,43,93,41,41,135,135,149,164,108,108,127,127,143,143,143,208,208,251,265,309,309,309],"floor_reached":51,"playtime":2168,"items_purged":["Regret"],"score":1437,"play_id":"c1f5ba2a-ae34-4e47-8636-f2afbfe12702","local_time":"20180914211202","is_ascension_mode":true,"campfire_choices":[{"data":"Buffer","floor":6.0,"key":"SMITH"},{"data":"Hyperbeam","floor":8.0,"key":"SMITH"},{"data":"Streamline","floor":15.0,"key":"SMITH"},{"data":"Aggregate","floor":23.0,"key":"SMITH"},{"data":"Reinforced Body","floor":25.0,"key":"SMITH"},{"floor":32.0,"key":"REST"},{"data":"Hologram","floor":40.0,"key":"SMITH"},{"data":"Seek","floor":42.0,"key":"SMITH"},{"data":"Steam Power","floor":49.0,"key":"SMITH"}],"neow_cost":"NO_GOLD","seed_source_timestamp":3720812894493,"circlet_count":0,"master_deck":["Zap","Dualcast","AscendersBane","Hyperbeam+1","Streamline+1","Buffer+1","Gash","Sunder+1","Beam Cell+1","Gash+1","Hyperbeam+1","Self Repair","Compile Driver+1","Echo Form","Self Repair","Coolheaded","Steam Power+1","BootSequence","Aggregate+1","Reinforced Body+1","Rebound+1","BootSequence","Stack","FTL+1","Leap","Meteor Strike+1","Melter+1","Conserve Battery","Undo","Gash+1","Gash+1","Seek+1","Hologram+1","Steam","Go for the Eyes+1","Hyperbeam+1","Hologram","Turbo","Gash+1","Reboot","Auto Shields"],"special_seed":0,"relics":["Cracked Core","Golden Idol","Molten Egg 2","Shuriken","Pandora\u0027s Box","Bag of Preparation","Gambling Chip","Cursed Key","Shovel","Kunai","Pantograph"],"potions_floor_usage":[50],"damage_taken":[{"damage":0.0,"enemies":"Small Slimes","floor":1.0,"turns":1.0},{"damage":6.0,"enemies":"Cultist","floor":3.0,"turns":3.0},{"damage":4.0,"enemies":"2 Louse","floor":5.0,"turns":2.0},{"damage":0.0,"enemies":"Gremlin Nob","floor":7.0,"turns":4.0},{"damage":0.0,"enemies":"Looter","floor":10.0,"turns":3.0},{"damage":0.0,"enemies":"Exordium Thugs","floor":11.0,"turns":3.0},{"damage":4.0,"enemies":"Gremlin Gang","floor":14.0,"turns":3.0},{"damage":38.0,"enemies":"The Guardian","floor":16.0,"turns":8.0},{"damage":0.0,"enemies":"2 Thieves","floor":18.0,"turns":2.0},{"damage":1.0,"enemies":"Shell Parasite","floor":19.0,"turns":3.0},{"damage":30.0,"enemies":"Chosen and Byrds","floor":21.0,"turns":6.0},{"damage":14.0,"enemies":"Centurion and Healer","floor":24.0,"turns":3.0},{"damage":24.0,"enemies":"Snake Plant","floor":27.0,"turns":4.0},{"damage":5.0,"enemies":"Snecko","floor":29.0,"turns":5.0},{"damage":38.0,"enemies":"Collector","floor":33.0,"turns":9.0},{"damage":0.0,"enemies":"Orb Walker","floor":35.0,"turns":2.0},{"damage":7.0,"enemies":"3 Shapes","floor":36.0,"turns":2.0},{"damage":8.0,"enemies":"Maw","floor":39.0,"turns":7.0},{"damage":0.0,"enemies":"3 Darklings","floor":41.0,"turns":1.0},{"damage":6.0,"enemies":"Mysterious Sphere","floor":44.0,"turns":4.0},{"damage":23.0,"enemies":"2 Orb Walkers","floor":46.0,"turns":3.0},{"damage":0.0,"enemies":"Sphere and 2 Shapes","floor":47.0,"turns":1.0},{"damage":0.0,"enemies":"Nemesis","floor":48.0,"turns":3.0},{"damage":58,"enemies":"Awakened One","floor":50,"turns":10}],"seed_played":"6833066285982187107","potions_obtained":[{"floor":1.0,"key":"PowerPotion"},{"floor":11.0,"key":"AttackPotion"},{"floor":16.0,"key":"Block Potion"},{"floor":19.0,"key":"AttackPotion"},{"floor":24.0,"key":"GamblersBrew"},{"floor":33.0,"key":"AttackPotion"},{"floor":44.0,"key":"GamblersBrew"}],"is_trial":false,"path_per_floor":["M","?","M","?","M","R","E","R","T","M","M","?","$","M","R","B",null,"M","M","$","M","$","R","M","R","T","M","?","M","?","$","R","B",null,"M","M","$","?","M","R","M","R","T","?","?","E","M","E","R","B"],"character_chosen":"DEFECT","items_purchased":["Hyperbeam+1","Self Repair","Leap","Meteor Strike+1","Conserve Battery","Gash+1","Go for the Eyes+1"],"campfire_rested":1,"item_purchase_floors":[13,13,20,20,22,31,37],"current_hp_per_floor":[64,64,58,58,54,54,54,54,54,54,54,54,54,57,57,26,55,55,64,64,48,48,48,48,48,48,31,31,33,33,33,52,28,55,55,48,48,48,54,54,54,54,54,55,55,46,46,60,60,20],"gold":309,"neow_bonus":"THREE_RARE_CARDS","is_prod":false,"is_daily":false,"chose_seed":false,"campfire_upgraded":8,"win_rate":0,"timestamp":1536930722,"path_taken":["M","?","M","?","M","R","E","R","T","M","M","?","$","M","R","BOSS","M","M","$","M","$","R","M","R","T","M","?","M","?","$","R","BOSS","M","?","$","?","?","R","M","R","T","?","?","E","M","E","R","BOSS"],"build_version":"2018-09-12","purchased_purges":1,"victory":true,"max_hp_per_floor":[71,71,71,64,64,64,64,64,64,64,64,64,64,64,64,64,64,64,64,64,64,64,64,64,64,64,64,64,64,64,64,64,64,64,64,64,64,64,64,64,64,64,64,64,64,64,64,64,64,64],"card_choices":[{"not_picked":["Buffer","Electrodynamics"],"picked":"Hyperbeam","floor":0.0},{"not_picked":["Force Field","Fusion"],"picked":"Streamline","floor":1.0},{"not_picked":["Blizzard","Streamline","Barrage"],"picked":"SKIP","floor":3.0},{"not_picked":["Chaos","Coolheaded"],"picked":"Gash","floor":5.0},{"not_picked":["Steam","Skim"],"picked":"Sunder","floor":7.0},{"not_picked":["Turbo","Rip and Tear+1"],"picked":"Beam Cell+1","floor":10.0},{"not_picked":["Cold Snap+1","Reprogram"],"picked":"Gash+1","floor":11.0},{"not_picked":["Biased Cognition","White Noise"],"picked":"Compile Driver+1","floor":14.0},{"not_picked":["Reboot","Buffer"],"picked":"Echo Form","floor":16.0},{"not_picked":["Ball Lightning+1","Sunder+1"],"picked":"Stack","floor":18.0},{"not_picked":["Static Discharge","White Noise"],"picked":"FTL+1","floor":19.0},{"not_picked":["Coolheaded","Scrape+1"],"picked":"Melter+1","floor":21.0},{"not_picked":["Redo+1","Ball Lightning+1"],"picked":"Undo","floor":24.0},{"not_picked":["Compile Driver+1","Streamline+1","Steam Power"],"picked":"SKIP","floor":27.0},{"not_picked":["Turbo","Hologram"],"picked":"Gash+1","floor":29.0},{"not_picked":["Rainbow","Amplify"],"picked":"Seek","floor":33.0},{"not_picked":["Tempest","Reinforced Body"],"picked":"Hologram","floor":35.0},{"not_picked":["BootSequence","Blizzard+1"],"picked":"Steam","floor":36.0},{"not_picked":["White Noise","Ball Lightning+1"],"picked":"Hologram","floor":39.0},{"not_picked":["Reprogram+1","Ball Lightning+1"],"picked":"Turbo","floor":41.0},{"not_picked":["Double Energy+1","Defragment"],"picked":"Gash+1","floor":44.0},{"not_picked":["Streamline+1","Go for the Eyes+1","Capacitor"],"picked":"SKIP","floor":46.0},{"not_picked":["Coolheaded","Go for the Eyes+1"],"picked":"Reboot","floor":47.0},{"not_picked":["Blizzard+1","Undo"],"picked":"Auto Shields","floor":48.0}],"player_experience":327797,"relics_obtained":[{"floor":7.0,"key":"Molten Egg 2"},{"floor":9.0,"key":"Shuriken"},{"floor":26.0,"key":"Bag of Preparation"},{"floor":44.0,"key":"Shovel"},{"floor":46.0,"key":"Kunai"},{"floor":48.0,"key":"Pantograph"}],"event_choices":[{"event_name":"Match and Keep!","player_choice":"1 cards matched","floor":2.0,"damage_taken":0.0},{"event_name":"Golden Idol","player_choice":"Lose Max HP","floor":4.0,"damage_taken":0.0},{"event_name":"Golden Shrine","player_choice":"Desecrate","floor":12.0,"damage_taken":0.0},{"event_name":"WeMeetAgain","player_choice":"Gold","floor":28.0,"damage_taken":0.0},{"event_name":"Nest","player_choice":"Stole From Cult","floor":30.0,"damage_taken":0.0},{"event_name":"Duplicator","player_choice":"One dupe","floor":38.0,"damage_taken":0.0},{"event_name":"Mysterious Sphere","player_choice":"Fight","floor":44.0,"damage_taken":0.0},{"event_name":"The Moai Head","player_choice":"Ignored","floor":45.0,"damage_taken":0.0}],"is_beta":true,"boss_relics":[{"not_picked":["Lizard Tail","Busted Crown"],"picked":"Pandora\u0027s Box"},{"not_picked":["Fusion Hammer","FrozenCore"],"picked":"Cursed Key"}],"items_purged_floors":[13],"is_endless":false,"potions_floor_spawned":[1,11,14,16,19,24,27,29,33,35,39,41,44],"ascension_level":17}