{"gold_per_floor":[109,125,12,12,33,33,72,85,85,119,157,157,178,196,196,322,322,340,255,9,9,9,9,25,25,51,51,75,75,113,134,134,263,263,278,278,302,320,300,300,344,344,344,25,25,46,89,102,102,102],"floor_reached":51,"playtime":4336,"items_purged":["Strike_B"],"score":822,"play_id":"d669ccf1-8b6c-4462-b36b-d9323d30cc0c","local_time":"20180718203441","is_ascension_mode":true,"campfire_choices":[{"data":"Defragment","floor":6.0,"key":"SMITH"},{"data":"Chaos","floor":12.0,"key":"SMITH"},{"data":"Hello World","floor":15.0,"key":"SMITH"},{"data":"Defragment","floor":23.0,"key":"SMITH"},{"data":"Sunder","floor":25.0,"key":"SMITH"},{"data":"Dualcast","floor":27.0,"key":"SMITH"},{"floor":32.0,"key":"REST"},{"data":"Creative AI","floor":40.0,"key":"SMITH"},{"data":"1","floor":49,"key":"LIFT"}],"neow_cost":"","seed_source_timestamp":36220779713564,"circlet_count":0,"master_deck":["Strike_B+1","Strike_B+1","Strike_B+1","Defend_B+1","Defend_B+1","Defend_B+1","Zap+1","Dualcast+1","Cold Snap+1","Conserve Battery+1","Defragment+1","Cold Snap+1","Leap+1","Hologram+1","Glacier+1","Hello World+1","Chaos+1","Cold Snap+1","Streamline+1","Blizzard+1","Reboot+1","Sunder+1","Darkness+1","Defragment+1","FTL+1","Coolheaded+1","Turbo+1","Redo+1","Loop+1","Stack+1","Necronomicurse","Consume+1","Double Energy+1","Conserve Battery+1","Creative AI+1","Double Energy+1","Undo+1","Double Energy+1","Stack+1","Steam Power+1","Beam Cell+1","Aggregate+1","Turbo+1","Reboot","Skim+1","Go for the Eyes+1"],"special_seed":0,"relics":["Cracked Core","Golden Idol","Prayer Wheel","Mango","Odd Mushroom","Unceasing Top","Eternal Feather","Letter Opener","Smiling Mask","Pen Nib","Necronomicon","Girya","Nuclear Battery","Ginger","Pantograph","Molten Egg 2","Bottled Tornado","Mark of the Bloom","Orichalcum"],"potions_floor_usage":[50,50,50],"damage_taken":[{"damage":1.0,"enemies":"Cultist","floor":1.0,"turns":3.0},{"damage":1.0,"enemies":"Jaw Worm","floor":2.0,"turns":3.0},{"damage":2.0,"enemies":"2 Louse","floor":5.0,"turns":3.0},{"damage":4.0,"enemies":"3 Sentries","floor":7.0,"turns":12.0},{"damage":3.0,"enemies":"Exordium Wildlife","floor":8.0,"turns":5.0},{"damage":0.0,"floor":10.0,"turns":7.0},{"damage":4.0,"enemies":"Lagavulin","floor":11.0,"turns":8.0},{"damage":12.0,"enemies":"Lots of Slimes","floor":13.0,"turns":4.0},{"damage":8.0,"enemies":"3 Louse","floor":14.0,"turns":2.0},{"damage":6.0,"enemies":"Slime Boss","floor":16.0,"turns":9.0},{"damage":1.0,"enemies":"Shell Parasite","floor":18.0,"turns":7.0},{"damage":22.0,"enemies":"3 Byrds","floor":24.0,"turns":5.0},{"damage":16.0,"enemies":"Snake Plant","floor":28.0,"turns":3.0},{"damage":7.0,"enemies":"Gremlin Leader","floor":30.0,"turns":8.0},{"damage":15.0,"enemies":"3 Cultists","floor":31.0,"turns":5.0},{"damage":34.0,"enemies":"Collector","floor":33.0,"turns":10.0},{"damage":10.0,"enemies":"Flame Bruiser 1 Orb","floor":35.0,"turns":5.0},{"damage":9.0,"enemies":"3 Shapes","floor":37.0,"turns":5.0},{"damage":29.0,"enemies":"Flame Bruiser 2 Orb","floor":38.0,"turns":8.0},{"damage":0.0,"enemies":"2 Orb Walkers","floor":41.0,"turns":4.0},{"damage":0.0,"enemies":"Spire Growth","floor":46.0,"turns":3.0},{"damage":0.0,"enemies":"Nemesis","floor":47.0,"turns":4.0},{"damage":0,"enemies":"4 Shapes","floor":48,"turns":2},{"damage":16,"enemies":"Time Eater","floor":50,"turns":10}],"seed_played":"278081639278172107","potions_obtained":[{"floor":2.0,"key":"Block Potion"},{"floor":10.0,"key":"Fire Potion"},{"floor":13.0,"key":"SteroidPotion"},{"floor":16.0,"key":"FocusPotion"},{"floor":24.0,"key":"FocusPotion"},{"floor":33.0,"key":"Energy Potion"},{"floor":37.0,"key":"Swift Potion"},{"floor":39.0,"key":"Energy Potion"},{"floor":46.0,"key":"PowerPotion"}],"is_trial":false,"path_per_floor":["M","M","$","?","M","R","E","M","T","?","E","R","M","M","R","B",null,"M","?","$","?","?","R","M","R","T","R","M","?","E","M","R","B",null,"M","?","M","M","?","R","E","T","T","$","?","M","E","M","R","B"],"character_chosen":"DEFECT","items_purchased":["Defragment","Cold Snap","Defragment","FTL","Coolheaded","Bottled Tornado","Aggregate"],"campfire_rested":1,"item_purchase_floors":[3,3,20,20,20,44,44],"current_hp_per_floor":[74,73,73,55,53,53,49,46,60,60,56,56,44,36,36,30,89,88,88,88,88,88,89,67,77,77,87,71,55,48,33,73,39,89,79,79,70,41,41,57,57,57,57,57,57,57,57,57,57,41],"gold":102,"neow_bonus":"","is_prod":false,"is_daily":false,"chose_seed":false,"campfire_upgraded":7,"win_rate":0,"timestamp":1531917281,"path_taken":["M","?","$","?","M","R","E","?","T","?","E","R","M","?","R","BOSS","M","?","$","?","?","R","M","R","T","R","M","?","E","?","R","BOSS","M","?","M","?","?","R","E","?","T","?","?","?","E","M","R","BOSS"],"build_version":"2018-07-12","purchased_purges":1,"victory":true,"max_hp_per_floor":[75,75,75,75,75,75,75,75,89,89,89,89,89,89,89,89,89,89,89,89,89,89,89,89,89,89,89,89,89,89,89,89,89,89,89,89,89,89,89,89,89,89,89,89,89,89,89,89,89,89],"card_choices":[{"not_picked":["Melter","Auto Shields"],"picked":"Cold Snap","floor":1.0},{"not_picked":["Double Energy","Blizzard"],"picked":"Conserve Battery","floor":2.0},{"not_picked":["Tempest","Barrage"],"picked":"Leap","floor":5.0},{"not_picked":["Cold Snap","Self Repair"],"picked":"Hologram","floor":7.0},{"not_picked":["Fusion","Sweeping Beam"],"picked":"Glacier","floor":8.0},{"not_picked":["Streamline","Chill"],"picked":"Hello World","floor":8.0},{"not_picked":["Sunder","Steam"],"picked":"Chaos","floor":10.0},{"not_picked":["Tempest","All For One","Melter"],"picked":"SKIP","floor":11.0},{"not_picked":["Recycle","Barrage"],"picked":"Cold Snap","floor":13.0},{"not_picked":["Stack","Ball Lightning"],"picked":"Streamline","floor":13.0},{"not_picked":["Leap","Tempest"],"picked":"Blizzard","floor":14.0},{"not_picked":["Loop","Ball Lightning","Leap"],"picked":"SKIP","floor":14.0},{"not_picked":["All For One","Echo Form"],"picked":"Reboot","floor":16.0},{"not_picked":["Blizzard","Gash"],"picked":"Sunder","floor":18.0},{"not_picked":["Compile Driver","Sweeping Beam"],"picked":"Darkness+1","floor":18.0},{"not_picked":["Conserve Battery+1","Rebound"],"picked":"Turbo","floor":24.0},{"not_picked":["Barrage","Gash"],"picked":"Redo","floor":24.0},{"not_picked":["Lockon","Ball Lightning"],"picked":"Loop+1","floor":28.0},{"not_picked":["Go for the Eyes+1","Reinforced Body"],"picked":"Stack+1","floor":28.0},{"not_picked":["Melter+1","Compile Driver"],"picked":"Consume","floor":30.0},{"not_picked":["Ball Lightning+1","Barrage"],"picked":"Double Energy","floor":31.0},{"not_picked":["Steam","Cold Snap"],"picked":"Conserve Battery","floor":31.0},{"not_picked":["Machine Learning","Buffer"],"picked":"Creative AI","floor":33.0},{"not_picked":["Blizzard","Coolheaded"],"picked":"Double Energy+1","floor":35.0},{"not_picked":["Hologram+1","Barrage+1"],"picked":"Undo+1","floor":35.0},{"not_picked":["Beam Cell","Hologram+1"],"picked":"Double Energy+1","floor":37.0},{"not_picked":["Ball Lightning+1","Compile Driver"],"picked":"Stack+1","floor":37.0},{"not_picked":["Storm+1","Conserve Battery"],"picked":"Steam Power+1","floor":38.0},{"not_picked":["Redo","Lockon","Sweeping Beam+1"],"picked":"SKIP","floor":38.0},{"not_picked":["Compile Driver","Leap"],"picked":"Beam Cell","floor":41.0},{"not_picked":["Double Energy","Hologram"],"picked":"Turbo+1","floor":46.0},{"not_picked":["Steam","Loop","Reinforced Body"],"picked":"SKIP","floor":46.0},{"not_picked":["Storm+1","Static Discharge"],"picked":"Reboot","floor":47.0},{"not_picked":["Hologram+1","Gash+1"],"picked":"Skim+1","floor":48},{"not_picked":["Leap","Rebound+1"],"picked":"Go for the Eyes+1","floor":48}],"player_experience":104536,"relics_obtained":[{"floor":7.0,"key":"Prayer Wheel"},{"floor":9.0,"key":"Mango"},{"floor":10.0,"key":"Odd Mushroom"},{"floor":11.0,"key":"Unceasing Top"},{"floor":26.0,"key":"Pen Nib"},{"floor":29.0,"key":"Necronomicon"},{"floor":30.0,"key":"Girya"},{"floor":41.0,"key":"Ginger"},{"floor":42.0,"key":"Pantograph"},{"floor":43.0,"key":"Molten Egg 2"},{"floor":47.0,"key":"Orichalcum"}],"event_choices":[{"event_name":"Golden Idol","player_choice":"Take Damage","floor":4.0,"damage_taken":0.0},{"event_name":"Mushrooms","player_choice":"Fought Mushrooms","floor":10.0,"damage_taken":0.0},{"event_name":"Addict","player_choice":"Obtained Relic","floor":19.0,"damage_taken":0.0},{"event_name":"The Mausoleum","player_choice":"Yes","floor":21.0,"damage_taken":0.0},{"event_name":"Drug Dealer","player_choice":"Ignored","floor":22.0,"damage_taken":0.0},{"event_name":"Cursed Tome","player_choice":"Obtained Book","floor":29.0,"damage_taken":0.0},{"event_name":"Falling","player_choice":"Removed Skill","floor":36.0,"damage_taken":0.0},{"event_name":"The Woman in Blue","player_choice":"Bought 1 Potion","floor":39.0,"damage_taken":0.0},{"event_name":"MindBloom","player_choice":"Upgrade","floor":45.0,"damage_taken":0.0}],"boss_relics":[{"not_picked":["Fusion Hammer","Sozu"],"picked":"Eternal Feather"},{"not_picked":["Calling Bell","Velvet Choker"],"picked":"Nuclear Battery"}],"items_purged_floors":[20],"is_endless":false,"potions_floor_spawned":[2,10,13,14,16,24,30,33,37,46,47],"ascension_level":1}