{"gold_per_floor":[117,117,42,42,89,120,120,151,151,151,165,180,197,209,209,209],"floor_reached":16,"playtime":702,"items_purged":["Strike_R"],"score":168,"play_id":"d4938d68-8993-4132-bfd3-a2087ae6ffa1","local_time":"20190808011519","is_ascension_mode":true,"campfire_choices":[{"floor":7,"key":"RECALL"},{"data":"Strike_R","floor":10,"key":"PURGE"},{"data":"Armaments","floor":15,"key":"SMITH"}],"neow_cost":"NONE","seed_source_timestamp":174020629271629,"circlet_count":0,"master_deck":["Strike_R","Strike_R","Strike_R","Defend_R","Defend_R","Defend_R","Defend_R","Bash","Headbutt","Armaments+1"],"relics":["Burning Blood","NeowsBlessing","Question Card","Peace Pipe","Unceasing Top"],"potions_floor_usage":[],"damage_taken":[{"damage":0,"enemies":"Jaw Worm","floor":1,"turns":1},{"damage":0,"enemies":"3 Sentries","floor":6,"turns":2},{"damage":0,"enemies":"Gremlin Nob","floor":8,"turns":1},{"damage":2,"enemies":"2 Louse","floor":11,"turns":3},{"damage":6,"enemies":"Cultist","floor":12,"turns":3},{"damage":3,"enemies":"Exordium Wildlife","floor":13,"turns":4},{"damage":15,"enemies":"Lots of Slimes","floor":14,"turns":7},{"damage":81,"enemies":"Slime Boss","floor":16,"turns":10}],"seed_played":"-2955558571941125094","potions_obtained":[{"floor":11,"key":"Energy Potion"}],"is_trial":false,"path_per_floor":["M","?","$","?","T","E","R","E","T","R","M","M","M","M","R","B"],"character_chosen":"IRONCLAD","items_purchased":[],"campfire_rested":0,"item_purchase_floors":[],"current_hp_per_floor":[80,85,85,85,85,85,85,85,85,85,85,85,85,76,76,0],"gold":209,"neow_bonus":"THREE_ENEMY_KILL","is_prod":false,"is_daily":false,"chose_seed":false,"campfire_upgraded":1,"win_rate":0,"timestamp":1565241319,"path_taken":["M","?","$","?","?","E","R","E","T","R","?","M","M","M","R","BOSS"],"build_version":"2019-07-17","purchased_purges":1,"victory":false,"max_hp_per_floor":[80,85,85,85,85,85,85,85,85,85,85,85,85,85,85,85],"card_choices":[{"not_picked":["Clash","Flex","Cleave"],"picked":"SKIP","floor":6},{"not_picked":["Pommel Strike","Limit Break","Havoc","Warcry"],"picked":"SKIP","floor":8},{"not_picked":["Heavy Blade","Evolve","Thunderclap"],"picked":"Headbutt","floor":11},{"not_picked":["Berserk","Perfected Strike","Feel No Pain","Twin Strike"],"picked":"SKIP","floor":12},{"not_picked":["Heavy Blade","Cleave","Brutality"],"picked":"Armaments","floor":13},{"not_picked":["Flex","Disarm","Reckless Charge","Iron Wave"],"picked":"SKIP","floor":14}],"player_experience":90620,"relics_obtained":[{"floor":6,"key":"Question Card"},{"floor":8,"key":"Peace Pipe"},{"floor":9,"key":"Unceasing Top"}],"event_choices":[{"damage_healed":0,"gold_gain":0,"player_choice":"Donut","damage_taken":0,"max_hp_gain":5,"max_hp_loss":0,"event_name":"Big Fish","floor":2,"gold_loss":0},{"damage_healed":0,"gold_gain":0,"player_choice":"Ignored","damage_taken":0,"max_hp_gain":0,"max_hp_loss":0,"event_name":"Liars Game","floor":4,"gold_loss":0}],"is_beta":false,"boss_relics":[],"items_purged_floors":[3],"is_endless":false,"potions_floor_spawned":[11],"killed_by":"Slime Boss","ascension_level":1}