{"gold_per_floor":[111,34,34,47,60,60,74,74,74,90,101,26,53,63,63,63],"floor_reached":16,"playtime":615,"items_purged":["Strike_R"],"score":182,"play_id":"09bb942c-4bef-424d-8f44-fb8d2d0d8765","local_time":"20190222190446","is_ascension_mode":true,"campfire_choices":[{"data":"Blood for Blood","floor":6.0,"key":"SMITH"},{"data":"Feed","floor":8.0,"key":"SMITH"},{"data":"Entrench","floor":15,"key":"SMITH"}],"neow_cost":"TEN_PERCENT_HP_LOSS","seed_source_timestamp":483294905024,"circlet_count":0,"master_deck":["AscendersBane","Strike_R","Strike_R","Strike_R","Defend_R","Defend_R","Defend_R","Bash","Blood for Blood+1","Evolve","Ghostly Armor","Feed+1","Body Slam","True Grit","Intimidate","Entrench+1"],"special_seed":0,"relics":["Burning Blood","Blue Candle","Question Card","Matryoshka"],"potions_floor_usage":[16],"damage_taken":[{"damage":1.0,"enemies":"Cultist","floor":1.0,"turns":4.0},{"damage":9.0,"enemies":"2 Louse","floor":4.0,"turns":4.0},{"damage":8.0,"enemies":"Jaw Worm","floor":5.0,"turns":4.0},{"damage":6.0,"enemies":"Looter","floor":7.0,"turns":4.0},{"damage":17.0,"enemies":"Red Slaver","floor":10.0,"turns":4.0},{"damage":16.0,"enemies":"Exordium Thugs","floor":11.0,"turns":6.0},{"damage":18.0,"enemies":"Lagavulin","floor":13.0,"turns":7.0},{"damage":25,"enemies":"Large Slime","floor":14,"turns":8},{"damage":2,"enemies":"Hexaghost","floor":16,"turns":8}],"seed_played":"-3958031827077957005","potions_obtained":[{"floor":1.0,"key":"AttackPotion"},{"floor":4.0,"key":"Fire Potion"}],"is_trial":false,"path_per_floor":["M","$","T","M","M","R","M","R","T","M","M","$","E","M","R","B"],"character_chosen":"IRONCLAD","items_purchased":["Evolve"],"campfire_rested":0,"item_purchase_floors":[2],"current_hp_per_floor":[68,68,68,65,63,63,63,63,63,52,46,46,34,15,15,13],"gold":63,"neow_bonus":"REMOVE_TWO","is_prod":false,"is_daily":false,"chose_seed":false,"campfire_upgraded":3,"win_rate":0,"timestamp":1550833486,"path_taken":["M","$","?","M","M","R","M","R","T","M","M","?","E","?","R","BOSS"],"build_version":"2019-02-06","purchased_purges":1,"victory":false,"max_hp_per_floor":[68,68,68,68,68,68,68,68,68,68,72,72,72,72,72,72],"card_choices":[{"not_picked":["Clothesline","Heavy Blade"],"picked":"Blood for Blood","floor":1.0},{"not_picked":["Cleave","Infernal Blade","Twin Strike"],"picked":"SKIP","floor":4.0},{"not_picked":["Twin Strike","Wild Strike"],"picked":"Ghostly Armor","floor":5.0},{"not_picked":["Rampage","Clothesline"],"picked":"Feed","floor":7.0},{"not_picked":["Twin Strike","Iron Wave","Wild Strike"],"picked":"Body Slam","floor":10.0},{"not_picked":["Evolve","Rampage","Sever Soul"],"picked":"True Grit","floor":11.0},{"not_picked":["Anger","Ghostly Armor","Berserk"],"picked":"Intimidate","floor":13.0},{"not_picked":["Body Slam","Clash","Iron Wave"],"picked":"Entrench","floor":14}],"player_experience":803378,"relics_obtained":[{"floor":3.0,"key":"Blue Candle"},{"floor":9.0,"key":"Question Card"},{"floor":13.0,"key":"Matryoshka"}],"event_choices":[],"is_beta":true,"boss_relics":[],"items_purged_floors":[12],"is_endless":false,"potions_floor_spawned":[1,4,7,11],"killed_by":"Hexaghost","ascension_level":15}