{"gold_per_floor":[112,32,52,71,346,362,96,96,123,155,171,186,186],"floor_reached":13,"playtime":351,"items_purged":["Regret"],"score":139,"play_id":"4b2e4823-3dc1-4b60-b820-78397aaa1fd4","local_time":"20181007175152","is_ascension_mode":true,"campfire_choices":[{"data":"Defragment","floor":8.0,"key":"SMITH"}],"neow_cost":"NONE","seed_source_timestamp":1151310123126,"circlet_count":0,"master_deck":["Strike_B","Strike_B","Strike_B","Strike_B","Defend_B","Defend_B","Defend_B","Defend_B","Zap","Dualcast","AscendersBane","Buffer","Ball Lightning","Skim","Steam","Sunder","Leap","Doom and Gloom","Defragment+1","Streamline","Recycle","White Noise","Stack","Reboot"],"special_seed":0,"relics":["Cracked Core","Potion Belt","Art of War"],"potions_floor_usage":[11],"damage_taken":[{"damage":1.0,"enemies":"Cultist","floor":1.0,"turns":3.0},{"damage":10.0,"enemies":"Small Slimes","floor":3.0,"turns":4.0},{"damage":1.0,"enemies":"Jaw Worm","floor":4.0,"turns":3.0},{"damage":25.0,"enemies":"Gremlin Gang","floor":6.0,"turns":4.0},{"damage":21.0,"enemies":"3 Sentries","floor":10.0,"turns":5.0},{"damage":0,"enemies":"2 Fungi Beasts","floor":11,"turns":2},{"damage":0,"enemies":"Exordium Wildlife","floor":12,"turns":2},{"damage":13,"enemies":"Blue Slaver","floor":13,"turns":3}],"seed_played":"-1859909642129285614","potions_obtained":[{"floor":1.0,"key":"Energy Potion"},{"floor":6.0,"key":"Energy Potion"},{"floor":11,"key":"Energy Potion"}],"is_trial":false,"path_per_floor":["M","$","M","M","?","M","$","R","T","E","M","M"],"character_chosen":"DEFECT","items_purchased":["Skim","Steam","Defragment","Streamline","Recycle"],"campfire_rested":0,"item_purchase_floors":[2,2,7,7,7],"current_hp_per_floor":[67,67,57,56,56,31,31,31,31,10,10,10,0],"gold":186,"neow_bonus":"ONE_RANDOM_RARE_CARD","is_prod":false,"is_daily":false,"chose_seed":false,"campfire_upgraded":1,"win_rate":0,"timestamp":1538905912,"path_taken":["M","$","?","M","?","M","$","R","T","E","M","M","M"],"build_version":"2018-10-04","purchased_purges":1,"victory":false,"max_hp_per_floor":[75,75,75,75,75,75,75,75,75,75,75,75,75],"card_choices":[{"not_picked":["Recycle","Skim"],"picked":"Ball Lightning","floor":1.0},{"not_picked":["Reinforced Body","Loop"],"picked":"Sunder","floor":3.0},{"not_picked":["Reprogram","FTL"],"picked":"Leap","floor":4.0},{"not_picked":["Beam Cell","Heatsinks"],"picked":"Doom and Gloom","floor":6.0},{"not_picked":["Barrage","Sunder"],"picked":"White Noise","floor":10.0},{"not_picked":["Steam","Gash"],"picked":"Stack","floor":11},{"not_picked":["Steam","Heatsinks"],"picked":"Reboot","floor":12}],"player_experience":426999,"relics_obtained":[{"floor":9.0,"key":"Potion Belt"},{"floor":10.0,"key":"Art of War"}],"event_choices":[{"event_name":"Golden Shrine","player_choice":"Desecrate","floor":5.0,"damage_taken":0.0}],"is_beta":true,"boss_relics":[],"items_purged_floors":[7],"is_endless":false,"potions_floor_spawned":[1,6,11],"killed_by":"Blue Slaver","ascension_level":12}