{"gold_per_floor":[110,25,42,42,42,42,85,100,100,120,120,184,141,37,37,130,130,150,130,150,150],"floor_reached":21,"playtime":615,"items_purged":[],"score":404,"play_id":"e5c91f5f-b709-4463-838d-999cf456cc66","local_time":"20180922191942","is_ascension_mode":true,"campfire_choices":[{"data":"Zap","floor":6,"key":"SMITH"},{"data":"Darkness","floor":15,"key":"SMITH"}],"neow_cost":"NONE","seed_source_timestamp":17958062514779,"circlet_count":0,"master_deck":["Strike_B+1","Strike_B","Strike_B","Strike_B","Defend_B","Defend_B","Defend_B","Defend_B","Zap+1","Dualcast+1","AscendersBane","Biased Cognition","Beam Cell","Capacitor","Auto Shields","Streamline","Storm","Leap","Darkness+1","Cold Snap","Heatsinks","Chaos"],"relics":["Cracked Core","Golden Idol","Mummified Hand","Singing Bowl","Sozu"],"potions_floor_usage":[7,16,21],"damage_taken":[{"damage":1,"enemies":"2 Louse","floor":1,"turns":3},{"damage":7,"enemies":"Jaw Worm","floor":3,"turns":3},{"damage":0,"enemies":"Gremlin Nob","floor":7,"turns":3},{"damage":0,"enemies":"Small Slimes","floor":8,"turns":2},{"damage":1,"enemies":"Looter","floor":10,"turns":2},{"damage":8,"enemies":"Slime Boss","floor":16,"turns":10},{"damage":22,"enemies":"Chosen","floor":18,"turns":5},{"damage":21,"enemies":"Spheric Guardian","floor":20,"turns":4},{"damage":29,"enemies":"3 Cultists","floor":21,"turns":4}],"seed_played":"8313137927411330931","potions_obtained":[{"floor":1,"key":"FearPotion"},{"floor":8,"key":"Ancient Potion"},{"floor":16,"key":"SpeedPotion"}],"is_trial":false,"path_per_floor":["M","$","M","?","?","R","E","M","T","M","?","?","$","$","R","B",null,"M","?","M"],"character_chosen":"DEFECT","items_purchased":["Capacitor","Darkness","Cold Snap","Heatsinks"],"campfire_rested":0,"item_purchase_floors":[2,13,14,14],"current_hp_per_floor":[63,63,56,35,35,35,35,35,35,34,55,55,55,55,55,49,62,40,40,21,0],"gold":150,"neow_bonus":"ONE_RANDOM_RARE_CARD","is_prod":false,"is_daily":false,"chose_seed":false,"campfire_upgraded":2,"win_rate":0,"timestamp":1537615182,"path_taken":["M","$","M","?","?","R","E","M","T","?","?","?","?","$","R","BOSS","M","?","M","M"],"build_version":"2018-09-20","purchased_purges":0,"victory":false,"max_hp_per_floor":[71,71,71,71,64,64,64,64,64,64,64,64,64,64,64,66,66,66,66,68,68],"card_choices":[{"not_picked":["Blizzard","Conserve Battery"],"picked":"Beam Cell","floor":1},{"not_picked":["Steam Power","Coolheaded"],"picked":"Auto Shields","floor":3},{"not_picked":["Heatsinks","Force Field"],"picked":"Streamline","floor":7},{"not_picked":["Rebound","Sunder"],"picked":"Storm","floor":8},{"not_picked":["Redo","Fusion"],"picked":"Leap","floor":10},{"not_picked":["Amplify","Hyperbeam","Seek"],"picked":"Singing Bowl","floor":16},{"not_picked":["Stack","Aggregate"],"picked":"Chaos","floor":18},{"not_picked":["Go for the Eyes","Compile Driver","Melter"],"picked":"Singing Bowl","floor":20}],"player_experience":378149,"relics_obtained":[{"floor":7,"key":"Mummified Hand"},{"floor":9,"key":"Singing Bowl"}],"event_choices":[{"event_name":"Shining Light","player_choice":"Entered Light","floor":4,"damage_taken":0},{"event_name":"Golden Idol","player_choice":"Lose Max HP","floor":5,"damage_taken":0},{"event_name":"Big Fish","player_choice":"Banana","floor":11,"damage_taken":0},{"event_name":"Golden Wing","player_choice":"Gained Gold","floor":12,"damage_taken":0},{"event_name":"The Woman in Blue","player_choice":"Bought 1 Potion","floor":19,"damage_taken":0}],"is_beta":true,"boss_relics":[{"not_picked":["Fusion Hammer","Philosopher\u0027s Stone"],"picked":"Sozu"}],"items_purged_floors":[],"is_endless":false,"potions_floor_spawned":[1,8,16],"killed_by":"3 Cultists","ascension_level":20}