{"gold_per_floor":[109,129,146,157,173,173,202,202,202,202,202,202,237,412,412,507,507,523,189,104,4,4,4,30,45,45,45],"floor_reached":27,"playtime":998,"items_purged":[],"score":382,"play_id":"c434e1f2-56fa-4964-902c-96ece975a25a","local_time":"20180823113711","is_ascension_mode":true,"campfire_choices":[{"floor":6.0,"key":"REST"},{"data":"Dualcast","floor":8.0,"key":"SMITH"},{"floor":15.0,"key":"REST"},{"floor":23,"key":"REST"}],"neow_cost":"PERCENT_DAMAGE","seed_source_timestamp":0,"circlet_count":0,"master_deck":["Defend_B","Defend_B","Defend_B","Zap","Dualcast+1","AscendersBane","Ball Lightning","Coolheaded","Tempest","Auto Shields","Leap","Echo Form","Leap+1","Force Field+1","Doom and Gloom+1","Doubt","Thunder Strike+1","Streamline+1","Darkness+1","Static Discharge+1","Chill+1","Defragment","Transmutation+1","Blind+1","Flash of Steel+1","Go for the Eyes+1","Reinforced Body+1"],"special_seed":0,"relics":["Cracked Core","Incense Burner","Toxic Egg 2","Molten Egg 2","Singing Bowl","Astrolabe","Symbiotic Virus","Matryoshka","Mummified Hand","Cables"],"potions_floor_usage":[16,24],"damage_taken":[{"damage":9.0,"enemies":"Jaw Worm","floor":1.0,"turns":3.0},{"damage":0.0,"enemies":"2 Louse","floor":2.0,"turns":2.0},{"damage":2.0,"enemies":"Small Slimes","floor":3.0,"turns":2.0},{"damage":2.0,"enemies":"Exordium Wildlife","floor":4.0,"turns":3.0},{"damage":11.0,"enemies":"Lots of Slimes","floor":5.0,"turns":4.0},{"damage":14.0,"enemies":"Lagavulin","floor":7.0,"turns":7.0},{"damage":34.0,"enemies":"3 Sentries","floor":13.0,"turns":7.0},{"damage":15,"enemies":"Slime Boss","floor":16,"turns":11},{"damage":28,"enemies":"2 Thieves","floor":18,"turns":3},{"damage":26,"enemies":"Gremlin Leader","floor":24,"turns":9},{"damage":3,"enemies":"Shell Parasite","floor":25,"turns":4},{"damage":31,"enemies":"Slavers","floor":27,"turns":3}],"seed_played":"1808097607263350178","potions_obtained":[{"floor":2.0,"key":"EntropicBrew"},{"floor":7.0,"key":"Dexterity Potion"}],"is_trial":false,"path_per_floor":["M","M","M","M","M","R","E","R","T","?","?","?","E","?","R","B",null,"M","$","?","$","?","R","E","M","T"],"character_chosen":"DEFECT","items_purchased":["Defragment","Transmutation+1","Blind+1","Flash of Steel+1"],"campfire_rested":3,"item_purchase_floors":[19,19,19,21],"current_hp_per_floor":[41,41,39,37,26,48,34,34,34,34,39,39,5,5,29,14,64,36,36,36,36,36,60,34,31,31,0],"gold":45,"neow_bonus":"ONE_RARE_RELIC","is_prod":false,"is_daily":false,"chose_seed":false,"campfire_upgraded":1,"win_rate":0,"timestamp":1534995431,"path_taken":["M","M","M","M","M","R","E","R","T","?","?","?","E","?","R","BOSS","M","$","?","$","?","R","E","?","T","E"],"build_version":"2018-08-16","purchased_purges":0,"victory":false,"max_hp_per_floor":[75,75,75,75,75,75,75,75,75,75,80,80,80,80,80,80,80,80,80,80,80,80,80,80,80,80,80],"card_choices":[{"not_picked":["Redo","Compile Driver"],"picked":"Ball Lightning","floor":1.0},{"not_picked":["Barrage","Stack"],"picked":"Coolheaded","floor":2.0},{"not_picked":["Cold Snap","Conserve Battery"],"picked":"Tempest","floor":3.0},{"not_picked":["Cold Snap","Hologram"],"picked":"Auto Shields","floor":4.0},{"not_picked":["Turbo","Tempest"],"picked":"Leap","floor":5.0},{"not_picked":["Recycle","Stack"],"picked":"Echo Form","floor":7.0},{"not_picked":["Beam Cell+1","FTL+1"],"picked":"Doom and Gloom+1","floor":13.0},{"not_picked":["Amplify+1","Meteor Strike+1"],"picked":"Thunder Strike+1","floor":16},{"not_picked":["Sweeping Beam+1","Steam Power+1"],"picked":"Chill+1","floor":18},{"not_picked":["Conserve Battery+1","Reprogram+1"],"picked":"Go for the Eyes+1","floor":24},{"not_picked":["White Noise+1","Blizzard+1"],"picked":"Reinforced Body+1","floor":25}],"player_experience":256787,"relics_obtained":[{"floor":7.0,"key":"Toxic Egg 2"},{"floor":9.0,"key":"Molten Egg 2"},{"floor":13.0,"key":"Singing Bowl"},{"floor":24,"key":"Matryoshka"},{"floor":26,"key":"Mummified Hand"},{"floor":26,"key":"Cables"}],"event_choices":[{"event_name":"Living Wall","player_choice":"Change","floor":10.0,"damage_taken":0.0},{"event_name":"Big Fish","player_choice":"Donut","floor":11.0,"damage_taken":0.0},{"event_name":"Transmorgrifier","player_choice":"Transform","floor":12.0,"damage_taken":0.0},{"event_name":"Liars Game","player_choice":"agreed","floor":14.0,"damage_taken":0.0},{"event_name":"Addict","player_choice":"Obtained Relic","floor":20,"damage_taken":0},{"event_name":"Vampires","player_choice":"Ignored","floor":22,"damage_taken":0}],"is_beta":false,"boss_relics":[{"not_picked":["Tiny House","Ectoplasm"],"picked":"Astrolabe"}],"items_purged_floors":[],"is_endless":false,"potions_floor_spawned":[2,7,13],"killed_by":"Slavers","ascension_level":12}