{"gold_per_floor":[369,369,444,394,27,27,42,77,77,77,30,54,70,85,85,85],"floor_reached":16,"playtime":391,"items_purged":["Defend_R"],"score":152,"play_id":"d061bb07-bec1-494c-9e81-8d7f9510881f","local_time":"20181112172719","is_ascension_mode":true,"campfire_choices":[{"data":"True Grit","floor":6,"key":"SMITH"},{"data":"Anger","floor":10,"key":"SMITH"},{"data":"Havoc","floor":15,"key":"SMITH"}],"neow_cost":"TEN_PERCENT_HP_LOSS","seed_source_timestamp":1909810597268,"circlet_count":0,"master_deck":["AscendersBane","Strike_R","Strike_R","Strike_R+1","Strike_R+1","Defend_R","Defend_R","Defend_R","Bash","True Grit+1","Anger+1","Feel No Pain","Reckless Charge","Havoc+1","Pommel Strike"],"special_seed":0,"relics":["Burning Blood","Medical Kit","Anchor","Potion Belt","Whetstone"],"potions_floor_usage":[16,16],"damage_taken":[{"damage":6.0,"enemies":"Cultist","floor":1.0,"turns":3.0},{"damage":14,"enemies":"Jaw Worm","floor":7,"turns":4},{"damage":42,"enemies":"Gremlin Nob","floor":8,"turns":6},{"damage":0,"enemies":"2 Louse","floor":13,"turns":2},{"damage":3,"enemies":"Blue Slaver","floor":14,"turns":2},{"damage":41,"enemies":"The Guardian","floor":16,"turns":9}],"seed_played":"8557943861750390978","potions_obtained":[{"floor":1.0,"key":"Regen Potion"},{"floor":13,"key":"Weak Potion"},{"floor":14,"key":"LiquidBronze"}],"is_trial":false,"path_per_floor":["M","?","?","?","$","R","M","E","T","R","$","T","M","M","R","B"],"character_chosen":"IRONCLAD","items_purchased":["Medical Kit","Anger","Feel No Pain","Havoc"],"campfire_rested":0,"item_purchase_floors":[5,5,5,11],"current_hp_per_floor":[72,72,61,61,61,61,53,17,17,17,17,17,23,26,26,0],"gold":85,"neow_bonus":"TWO_FIFTY_GOLD","is_prod":false,"is_daily":false,"chose_seed":false,"campfire_upgraded":3,"win_rate":0,"timestamp":1542014839,"path_taken":["M","?","?","?","$","R","M","E","T","R","$","?","?","M","R","BOSS"],"build_version":"2018-11-08","purchased_purges":1,"victory":false,"max_hp_per_floor":[72,72,72,72,72,72,72,72,72,72,72,72,72,72,72,72],"card_choices":[{"not_picked":["Sentinel","Clash"],"picked":"True Grit","floor":1.0},{"not_picked":["Iron Wave","Flex"],"picked":"Reckless Charge","floor":7},{"not_picked":["Combust","Metallicize","Searing Blow"],"picked":"SKIP","floor":8},{"not_picked":["Flex","Anger"],"picked":"Pommel Strike","floor":13},{"not_picked":["Disarm","Anger","Wild Strike"],"picked":"SKIP","floor":14}],"player_experience":534803,"relics_obtained":[{"floor":8,"key":"Anchor"},{"floor":9,"key":"Potion Belt"},{"floor":12,"key":"Whetstone"}],"event_choices":[{"damage_healed":0,"gold_gain":0,"player_choice":"Fled","damage_taken":0,"max_hp_gain":0,"max_hp_loss":0,"event_name":"Scrap Ooze","floor":2,"gold_loss":0},{"damage_healed":0,"gold_gain":75,"player_choice":"Gather Gold","damage_taken":11,"max_hp_gain":0,"max_hp_loss":0,"event_name":"World of Goop","floor":3,"gold_loss":0},{"cards_removed":["Strike_R"],"damage_healed":0,"gold_gain":0,"player_choice":"Card Removal","damage_taken":0,"max_hp_gain":0,"max_hp_loss":0,"event_name":"The Cleric","floor":4,"gold_loss":50}],"is_beta":true,"boss_relics":[],"items_purged_floors":[5],"is_endless":false,"potions_floor_spawned":[1,13,14],"killed_by":"The Guardian","ascension_level":11}