{"gold_per_floor":[369,519,519,533,285,285,285,360,412,425,425,441,97,127,127,127],"floor_reached":16,"playtime":436,"items_purged":["Doubt"],"score":186,"play_id":"4cb59386-6f1b-4a31-bace-451c18e60145","local_time":"20181117180843","is_ascension_mode":true,"campfire_choices":[{"data":"Neutralize","floor":6,"key":"SMITH"},{"data":"Well Laid Plans","floor":11,"key":"SMITH"},{"floor":15,"key":"REST"}],"neow_cost":"TEN_PERCENT_HP_LOSS","seed_source_timestamp":23095165766509,"circlet_count":0,"master_deck":["AscendersBane","Defend_G","Defend_G","Defend_G","Defend_G","Defend_G","Strike_G","Strike_G","Strike_G","Strike_G","Survivor","Neutralize+1","Well Laid Plans+1","Escape Plan","Bane+1","Deadly Poison","Deadly Poison"],"relics":["Ring of the Snake","Omamori","PreservedInsect","Toy Ornithopter","Snake Skull"],"potions_floor_usage":[14,16],"damage_taken":[{"damage":8,"enemies":"Jaw Worm","floor":1,"turns":4},{"damage":7,"enemies":"Cultist","floor":4,"turns":6},{"damage":4,"enemies":"Small Slimes","floor":10,"turns":4},{"damage":5,"enemies":"Blue Slaver","floor":12,"turns":3},{"damage":21,"enemies":"Gremlin Nob","floor":14,"turns":4},{"damage":34,"enemies":"Slime Boss","floor":16,"turns":7}],"seed_played":"1514647399728958012","potions_obtained":[{"floor":1,"key":"GamblersBrew"},{"floor":4,"key":"Ancient Potion"}],"is_trial":false,"path_per_floor":["M","?","?","M","$","R","?","?","T","M","R","M","$","E","R","B"],"character_chosen":"THE_SILENT","items_purchased":["Omamori","GhostInAJar","Toy Ornithopter","Deadly Poison"],"campfire_rested":1,"item_purchase_floors":[5,13,13,13],"current_hp_per_floor":[51,51,51,44,44,44,44,33,33,29,29,24,24,8,26,0],"gold":127,"neow_bonus":"TWO_FIFTY_GOLD","is_prod":false,"is_daily":false,"chose_seed":false,"campfire_upgraded":2,"win_rate":0,"timestamp":1542449323,"path_taken":["M","?","?","?","$","R","?","?","T","M","R","M","$","E","R","BOSS"],"build_version":"2018-11-15","purchased_purges":1,"victory":false,"max_hp_per_floor":[60,60,60,60,60,60,60,60,60,60,60,60,60,60,60,60],"card_choices":[{"not_picked":["Outmaneuver","Acrobatics"],"picked":"Well Laid Plans","floor":1},{"not_picked":["Outmaneuver","Acrobatics"],"picked":"Bane","floor":4},{"not_picked":["Storm of Steel","Sucker Punch","Expertise"],"picked":"SKIP","floor":10},{"not_picked":["Expertise","Heel Hook"],"picked":"Deadly Poison","floor":12},{"not_picked":["Flechettes","Blade Dance","Deflect"],"picked":"SKIP","floor":14}],"player_experience":547548,"relics_obtained":[{"floor":9,"key":"PreservedInsect"},{"floor":14,"key":"Snake Skull"}],"event_choices":[{"damage_healed":0,"gold_gain":150,"player_choice":"AGREE","damage_taken":0,"max_hp_gain":0,"max_hp_loss":0,"event_name":"Liars Game","floor":2,"gold_loss":0,"cards_obtained":["Doubt"]},{"damage_healed":0,"gold_gain":0,"cards_transformed":["Strike_G"],"player_choice":"Transformed","damage_taken":0,"max_hp_gain":0,"max_hp_loss":0,"event_name":"Transmorgrifier","floor":3,"gold_loss":0,"cards_obtained":["Escape Plan"]},{"damage_healed":0,"gold_gain":0,"player_choice":"Grow","damage_taken":0,"max_hp_gain":0,"max_hp_loss":0,"event_name":"Living Wall","floor":7,"gold_loss":0,"cards_upgraded":["Bane"]},{"damage_healed":0,"gold_gain":75,"player_choice":"Gather Gold","damage_taken":11,"max_hp_gain":0,"max_hp_loss":0,"event_name":"World of Goop","floor":8,"gold_loss":0}],"is_beta":true,"boss_relics":[],"items_purged_floors":[5],"is_endless":false,"potions_floor_spawned":[1,4],"killed_by":"Slime Boss","ascension_level":18}