{"gold_per_floor":[118,131,131,56,56,56,56,56,56,74,74,74,104,135,135,214,214,231,231,156,8,26,26,44,144,144,194,194,109,155,165,165,236,236,250,269,269,269,99,129,129,156,182,217,231,251,251,263,263,263,263,263,66,95,95],"floor_reached":55,"playtime":2612,"items_purged":["Strike_B+1","Redo","Defend_B"],"score":1380,"play_id":"f9070953-63fa-439c-90e9-ab1a98d8697e","local_time":"20190214175222","is_ascension_mode":true,"campfire_choices":[{"data":"Hologram","floor":6.0,"key":"SMITH"},{"data":"Zap","floor":8.0,"key":"SMITH"},{"floor":12.0,"key":"REST"},{"data":"Dualcast","floor":15.0,"key":"SMITH"},{"data":"Self Repair","floor":23.0,"key":"SMITH"},{"data":"Conserve Battery","floor":28.0,"key":"SMITH"},{"data":"Darkness","floor":32.0,"key":"SMITH"},{"data":"Buffer","floor":41.0,"key":"SMITH"},{"floor":49.0,"key":"RECALL"},{"data":"Reinforced Body","floor":52.0,"key":"SMITH"}],"neow_cost":"PERCENT_DAMAGE","seed_source_timestamp":3693650640448,"circlet_count":0,"master_deck":["AscendersBane","Defend_B","Defend_B","Zap+1","Dualcast+1","Electrodynamics+1","Hologram+1","Conserve Battery+1","Go for the Eyes+1","Streamline+1","All For One+1","Defragment+1","Chill","Conserve Battery+1","Steam+1","Darkness+1","Buffer+1","Redo+1","Master of Strategy","Trip","Flash of Steel+1","Reinforced Body+1","Beam Cell+1","Reinforced Body+1","Skim","Machine Learning"],"special_seed":0,"relics":["Cracked Core","Molten Egg 2","Matryoshka","Philosopher\u0027s Stone","FossilizedHelix","Gremlin Horn","Kunai","Lantern","Potion Belt","DataDisk","Centennial Puzzle","Empty Cage","Blood Vial","Question Card","Oddly Smooth Stone"],"potions_floor_usage":[55,55],"damage_taken":[{"damage":0.0,"enemies":"2 Louse","floor":1.0,"turns":1.0},{"damage":1.0,"enemies":"Jaw Worm","floor":2.0,"turns":4.0},{"damage":0.0,"enemies":"Small Slimes","floor":10.0,"turns":2.0},{"damage":13.0,"enemies":"3 Sentries","floor":14.0,"turns":4.0},{"damage":8.0,"enemies":"The Guardian","floor":16.0,"turns":9.0},{"damage":7.0,"enemies":"3 Byrds","floor":18.0,"turns":2.0},{"damage":0.0,"enemies":"Spheric Guardian","floor":22.0,"turns":3.0},{"damage":22.0,"enemies":"Snake Plant","floor":24.0,"turns":2.0},{"damage":21.0,"enemies":"Colosseum Slavers","floor":25.0,"turns":3.0},{"damage":9.0,"enemies":"Colosseum Nobs","floor":25.0,"turns":4.0},{"damage":0.0,"enemies":"3 Cultists","floor":31.0,"turns":2.0},{"damage":22.0,"enemies":"Collector","floor":33.0,"turns":5.0},{"damage":0.0,"enemies":"3 Shapes","floor":35.0,"turns":5.0},{"damage":14.0,"enemies":"3 Darklings","floor":36.0,"turns":3.0},{"damage":0.0,"enemies":"Giant Head","floor":40.0,"turns":6.0},{"damage":0.0,"enemies":"Reptomancer","floor":42.0,"turns":5.0},{"damage":0.0,"enemies":"Giant Head","floor":44.0,"turns":7.0},{"damage":0.0,"enemies":"Jaw Worm Horde","floor":45.0,"turns":5.0},{"damage":0.0,"enemies":"Transient","floor":46.0,"turns":5.0},{"damage":0.0,"enemies":"Maw","floor":48.0,"turns":5.0},{"damage":41.0,"enemies":"Time Eater","floor":50.0,"turns":10.0},{"damage":14.0,"enemies":"Shield and Spear","floor":54.0,"turns":6.0},{"damage":55,"enemies":"The Heart","floor":55,"turns":5}],"seed_played":"3850214244806825291","potions_obtained":[{"floor":2.0,"key":"Energy Potion"},{"floor":18.0,"key":"Strength Potion"},{"floor":35.0,"key":"EssenceOfSteel"},{"floor":40.0,"key":"SkillPotion"},{"floor":42.0,"key":"GamblersBrew"}],"is_trial":false,"path_per_floor":["M","M","?","?","?","R","?","R","T","M","?","R","?","E","R","B",null,"M","?","?","$","M","R","M","?","T","?","R","?","T","M","R","B",null,"M","M","?","?","$","E","R","E","T","E","M","M","?","M","R","B",null,"R","$","E","B"],"character_chosen":"DEFECT","items_purchased":["Self Repair","Reinforced Body","Skim"],"campfire_rested":1,"item_purchase_floors":[21,39,53],"current_hp_per_floor":[46,45,45,45,24,24,24,24,24,24,24,45,45,32,32,24,59,52,52,52,52,59,59,47,37,37,37,37,37,37,37,37,25,60,70,66,56,56,56,66,66,68,68,70,71,71,71,71,71,30,61,61,61,49,0],"gold":95,"neow_bonus":"THREE_RARE_CARDS","is_prod":false,"is_daily":false,"chose_seed":false,"campfire_upgraded":8,"win_rate":0,"timestamp":1550137942,"path_taken":["M","M","?","?","?","R","?","R","T","?","?","R","?","E","R","BOSS","M","?","?","$","M","R","M","?","T","?","R","?","?","?","R","BOSS","M","M","?","?","$","E","R","E","T","E","M","M","?","M","R","BOSS","R","$","E","BOSS"],"build_version":"2019-02-06","purchased_purges":3,"victory":false,"max_hp_per_floor":[71,71,71,71,71,71,71,71,71,71,71,71,71,71,71,71,71,71,71,71,71,71,71,71,71,71,71,71,71,71,71,71,71,71,71,71,71,71,71,71,71,71,71,71,71,71,71,71,71,71,71,71,71,71,71],"card_choices":[{"not_picked":["Biased Cognition","Core Surge"],"picked":"Electrodynamics","floor":0.0},{"not_picked":["Coolheaded","Sweeping Beam","Hologram"],"picked":"SKIP","floor":1.0},{"not_picked":["Coolheaded","Sweeping Beam"],"picked":"Hologram","floor":1.0},{"not_picked":["Auto Shields","Redo"],"picked":"Conserve Battery","floor":2.0},{"not_picked":["White Noise","BootSequence"],"picked":"Go for the Eyes+1","floor":10.0},{"not_picked":["White Noise","Cold Snap+1"],"picked":"Streamline+1","floor":14.0},{"not_picked":["Rainbow","Echo Form"],"picked":"All For One+1","floor":16.0},{"not_picked":["Compile Driver+1","Capacitor"],"picked":"Defragment+1","floor":18.0},{"not_picked":["Force Field","Conserve Battery"],"picked":"Chill","floor":22.0},{"not_picked":["Double Energy","Stack"],"picked":"Conserve Battery+1","floor":24.0},{"not_picked":["Rebound+1","Compile Driver+1"],"picked":"Steam+1","floor":25.0},{"not_picked":["Heatsinks","Barrage+1"],"picked":"Darkness","floor":31.0},{"not_picked":["Hyperbeam+1","Biased Cognition"],"picked":"Buffer","floor":33.0},{"not_picked":["Chaos","Scrape+1"],"picked":"Redo","floor":35.0},{"not_picked":["Cold Snap+1","Force Field+1"],"picked":"Redo+1","floor":36.0},{"not_picked":["Secret Weapon","Metamorphosis"],"picked":"Master of Strategy","floor":37.0},{"not_picked":["Chrysalis","Swift Strike+1"],"picked":"Trip","floor":37.0},{"not_picked":["Violence","Forethought"],"picked":"Flash of Steel+1","floor":37.0},{"not_picked":["Amplify","Scrape+1","Chaos"],"picked":"SKIP","floor":40.0},{"not_picked":["Barrage+1","Go for the Eyes+1","Electrodynamics"],"picked":"SKIP","floor":42.0},{"not_picked":["Self Repair","Rebound+1","Recycle"],"picked":"SKIP","floor":44.0},{"not_picked":["Sweeping Beam+1","Streamline+1","Go for the Eyes+1","Aggregate+1"],"picked":"SKIP","floor":45.0},{"not_picked":["Heatsinks","Hologram","Blizzard+1"],"picked":"Beam Cell+1","floor":46.0},{"not_picked":["Streamline+1","Static Discharge","Ball Lightning+1"],"picked":"Reinforced Body+1","floor":48.0},{"not_picked":["Blizzard+1","Hyperbeam+1","Hologram"],"picked":"Machine Learning","floor":54.0}],"player_experience":784125,"relics_obtained":[{"floor":9.0,"key":"Molten Egg 2"},{"floor":14.0,"key":"Matryoshka"},{"floor":25.0,"key":"FossilizedHelix"},{"floor":25.0,"key":"Gremlin Horn"},{"floor":26.0,"key":"Kunai"},{"floor":26.0,"key":"Lantern"},{"floor":30.0,"key":"DataDisk"},{"floor":30.0,"key":"Centennial Puzzle"},{"floor":40.0,"key":"Blood Vial"},{"floor":44.0,"key":"Question Card"},{"floor":54.0,"key":"Oddly Smooth Stone"}],"event_choices":[{"damage_healed":0.0,"max_hp_gain":0.0,"max_hp_loss":0.0,"gold_gain":0.0,"event_name":"Liars Game","player_choice":"Ignored","floor":3.0,"gold_loss":0.0,"damage_taken":0.0},{"cards_removed":["Strike_B"],"damage_healed":0.0,"max_hp_gain":0.0,"max_hp_loss":0.0,"gold_gain":0.0,"event_name":"The Cleric","player_choice":"Card Removal","floor":4.0,"gold_loss":75.0,"damage_taken":0.0},{"damage_healed":0.0,"max_hp_gain":0.0,"max_hp_loss":0.0,"gold_gain":0.0,"event_name":"Shining Light","player_choice":"Entered Light","floor":5.0,"gold_loss":0.0,"damage_taken":21.0,"cards_upgraded":["Strike_B","Strike_B"]},{"damage_healed":0.0,"max_hp_gain":0.0,"max_hp_loss":0.0,"gold_gain":0.0,"event_name":"Living Wall","player_choice":"Grow","floor":7.0,"gold_loss":0.0,"damage_taken":0.0,"cards_upgraded":["Electrodynamics"]},{"damage_healed":0.0,"max_hp_gain":0.0,"max_hp_loss":0.0,"gold_gain":0.0,"event_name":"Scrap Ooze","player_choice":"Fled","floor":11.0,"gold_loss":0.0,"damage_taken":0.0},{"damage_healed":0.0,"max_hp_gain":0.0,"max_hp_loss":0.0,"gold_gain":30.0,"event_name":"Dead Adventurer","player_choice":"Searched \u00271\u0027 times","floor":13.0,"gold_loss":0.0,"damage_taken":0.0},{"damage_healed":0.0,"max_hp_gain":0.0,"max_hp_loss":0.0,"gold_gain":0.0,"event_name":"Vampires","player_choice":"Ignored","floor":19.0,"gold_loss":0.0,"damage_taken":0.0},{"cards_removed":["Strike_B"],"damage_healed":0.0,"max_hp_gain":0.0,"max_hp_loss":0.0,"gold_gain":0.0,"event_name":"Beggar","player_choice":"Gave Gold","floor":20.0,"gold_loss":75.0,"damage_taken":0.0},{"damage_healed":0.0,"max_hp_gain":0.0,"max_hp_loss":0.0,"gold_gain":0.0,"event_name":"Colosseum","player_choice":"Fight","floor":25.0,"gold_loss":0.0,"damage_taken":0.0},{"damage_healed":0.0,"max_hp_gain":0.0,"max_hp_loss":0.0,"gold_gain":0.0,"event_name":"Colosseum","player_choice":"Fought Nobs","floor":25.0,"gold_loss":0.0,"damage_taken":0.0},{"damage_healed":0.0,"max_hp_gain":0.0,"max_hp_loss":0.0,"gold_gain":50.0,"event_name":"Nest","player_choice":"Stole From Cult","floor":27.0,"gold_loss":0.0,"damage_taken":0.0},{"damage_healed":0.0,"max_hp_gain":0.0,"max_hp_loss":0.0,"gold_gain":0.0,"event_name":"Addict","player_choice":"Obtained Relic","floor":29.0,"gold_loss":85.0,"damage_taken":0.0,"relics_obtained":["Potion Belt"]},{"damage_healed":0.0,"max_hp_gain":0.0,"max_hp_loss":0.0,"gold_gain":0.0,"event_name":"SensoryStone","player_choice":"Memory 3","floor":37.0,"gold_loss":0.0,"damage_taken":10.0},{"damage_healed":0.0,"max_hp_gain":0.0,"max_hp_loss":0.0,"gold_gain":0.0,"event_name":"Tomb of Lord Red Mask","player_choice":"Ignored","floor":38.0,"gold_loss":0.0,"damage_taken":0.0},{"cards_removed":["Self Repair"],"damage_healed":0.0,"max_hp_gain":0.0,"max_hp_loss":0.0,"gold_gain":0.0,"event_name":"Falling","player_choice":"Removed Power","floor":47.0,"gold_loss":0.0,"damage_taken":0.0}],"is_beta":true,"boss_relics":[{"not_picked":["Fusion Hammer","Velvet Choker"],"picked":"Philosopher\u0027s Stone"},{"not_picked":["Busted Crown","Black Star"],"picked":"Empty Cage"}],"items_purged_floors":[21,39,53],"is_endless":false,"potions_floor_spawned":[2,18,25,35,40,42],"killed_by":"The Heart","ascension_level":15}