{"gold_per_floor":[117,117,267,192,33,33,65,95,107,130,154,178,200,232,244,256],"floor_reached":16,"playtime":571,"items_purged":["Strike_G"],"score":258,"play_id":"6e1a432e-00dc-461d-8677-5c6f893c8986","local_time":"20190308221242","is_ascension_mode":true,"campfire_choices":[{"data":"Noxious Fumes","floor":6.0,"key":"SMITH"},{"data":"Draining Mist","floor":15,"key":"SMITH"}],"neow_cost":"NONE","seed_source_timestamp":13235354922691,"circlet_count":0,"master_deck":["AscendersBane","Defend_G","Defend_G","Defend_G","Defend_G","Defend_G+1","Strike_G","Strike_G+1","Strike_G","Strike_G","Survivor","Neutralize","Noxious Fumes+1","Backflip","Draining Mist+1","Dash"],"special_seed":0,"relics":["Ring of the Snake","NeowsBlessing","MawBank","Replay:Ringing Soul"],"potions_floor_usage":[16,16],"damage_taken":[{"damage":0.0,"enemies":"Small Slimes","floor":1.0,"turns":1.0},{"damage":0.0,"enemies":"Lagavulin","floor":7.0,"turns":1.0},{"damage":0.0,"enemies":"2 Louse","floor":8.0,"turns":1.0},{"damage":0.0,"enemies":"Jaw Worm","floor":10.0,"turns":5.0},{"damage":1.0,"enemies":"Looter","floor":11.0,"turns":4.0},{"damage":9.0,"enemies":"Exordium Thugs","floor":12.0,"turns":5.0},{"damage":23.0,"enemies":"Lots of Slimes","floor":13.0,"turns":4.0},{"damage":8,"enemies":"Exordium Wildlife","floor":14,"turns":5},{"damage":10,"enemies":"Hexaghost","floor":16,"turns":12}],"seed_played":"-2525113695527548181","potions_obtained":[{"floor":8.0,"key":"Fire Potion"},{"floor":11.0,"key":"Fruit Juice"},{"floor":12.0,"key":"Energy Potion"}],"is_trial":false,"path_per_floor":["M","?","?","?","$","R","E","M","T","M","M","M","M","M","R","B"],"character_chosen":"THE_SILENT","items_purchased":["Noxious Fumes"],"campfire_rested":0,"item_purchase_floors":[5],"current_hp_per_floor":[59,39,39,39,39,39,39,39,39,42,41,32,9,4,4,0],"gold":256,"neow_bonus":"THREE_ENEMY_KILL","is_prod":false,"is_daily":false,"chose_seed":false,"campfire_upgraded":2,"win_rate":0,"timestamp":1552054362,"path_taken":["M","?","?","?","$","R","E","M","T","M","M","M","?","M","R","BOSS"],"build_version":"2019-02-06","purchased_purges":1,"victory":false,"max_hp_per_floor":[66,66,66,66,66,66,66,66,66,69,69,69,69,72,72,77],"card_choices":[{"not_picked":["Prepared","Hidden Blade","Flying Knee"],"picked":"SKIP","floor":1.0},{"not_picked":["Fluid Movement","Quick Slash"],"picked":"Backflip","floor":7.0},{"not_picked":["Poisoned Stab","Quick Slash","Deflect"],"picked":"SKIP","floor":8.0},{"not_picked":["PiercingWail","Sucker Punch"],"picked":"Draining Mist","floor":10.0},{"not_picked":["Dagger Throw","Slice","Backflip"],"picked":"SKIP","floor":11.0},{"not_picked":["Tactician","Blade Dance","Outmaneuver"],"picked":"SKIP","floor":12.0},{"not_picked":["Cloak And Dagger","Tactician","Deflect"],"picked":"SKIP","floor":13.0},{"not_picked":["Flying Knee","ReplayTheSpireMod:Shiv Toss"],"picked":"Dash","floor":14}],"player_experience":832695,"relics_obtained":[{"floor":7.0,"key":"MawBank"},{"floor":9.0,"key":"Replay:Ringing Soul"}],"event_choices":[{"damage_healed":0.0,"max_hp_gain":0.0,"max_hp_loss":0.0,"gold_gain":0.0,"event_name":"Shining Light","player_choice":"Entered Light","floor":2.0,"gold_loss":0.0,"damage_taken":20.0,"cards_upgraded":["Defend_G","Strike_G"]},{"damage_healed":0.0,"max_hp_gain":0.0,"max_hp_loss":0.0,"gold_gain":150.0,"event_name":"Liars Game","player_choice":"AGREE","floor":3.0,"gold_loss":0.0,"damage_taken":0.0,"cards_obtained":["Doubt"]},{"cards_removed":["Doubt"],"damage_healed":0.0,"max_hp_gain":0.0,"max_hp_loss":0.0,"gold_gain":0.0,"event_name":"The Cleric","player_choice":"Card Removal","floor":4.0,"gold_loss":75.0,"damage_taken":0.0}],"is_beta":true,"boss_relics":[],"items_purged_floors":[5],"is_endless":false,"potions_floor_spawned":[8,11,12,13],"killed_by":"Hexaghost","ascension_level":20}