{"gold_per_floor":[113,129,129,50,66,66,85,85,85,115,130,144,144,164,164,261,261,274,285,297,297,297,297,31,31,31,50,16,0,0,19,19,115,115,131,143,157,175,175,175,175,175,226,238,265,304,330,422,434,446],"floor_reached":50,"playtime":4620,"items_purged":["Strike_G"],"score":501,"play_id":"1481ed1b-0c5b-473c-8d22-9e50a96ea600","local_time":"20190808210905","is_ascension_mode":false,"campfire_choices":[{"data":"Neutralize","floor":6,"key":"SMITH"},{"data":"Caltrops","floor":8,"key":"SMITH"},{"floor":15,"key":"REST"},{"data":"Skewer","floor":23,"key":"SMITH"},{"data":"Crippling Poison","floor":25,"key":"SMITH"},{"floor":32,"key":"REST"},{"floor":40,"key":"REST"},{"data":"A Thousand Cuts","floor":42,"key":"SMITH"},{"data":"Malaise","floor":44,"key":"SMITH"},{"floor":49,"key":"REST"}],"neow_cost":"NONE","seed_source_timestamp":87487323427657,"circlet_count":0,"master_deck":["Strike_G","Strike_G","Strike_G","Defend_G","Defend_G","Defend_G","Defend_G","Defend_G","Survivor","Neutralize+1","Deadly Poison","Flying Knee","Flying Knee","Caltrops+1","All Out Attack","Skewer+1","Infinite Blades","Backstab","Crippling Poison+1","Dagger Throw","Adrenaline","Caltrops","Poisoned Stab","Outmaneuver+1","Dagger Throw+1","Infinite Blades","Backflip","Malaise+1","Outmaneuver+1","PiercingWail","A Thousand Cuts+1","Caltrops","Blind","Parasite","PiercingWail+1","Normality"],"relics":["Ring of the Snake","Orichalcum","Mercury Hourglass","Runic Pyramid","Enchiridion","TwistedFunnel","Question Card","Boot","Cursed Key","MawBank","Happy Flower","Ornamental Fan"],"potions_floor_usage":[10,18,27,27,33,33,33,37,37,38,46,47],"damage_taken":[{"damage":0,"enemies":"2 Louse","floor":1,"turns":4},{"damage":0,"enemies":"Cultist","floor":2,"turns":3},{"damage":0,"enemies":"Small Slimes","floor":5,"turns":3},{"damage":6,"enemies":"Blue Slaver","floor":7,"turns":4},{"damage":8,"enemies":"3 Sentries","floor":10,"turns":7},{"damage":0,"enemies":"3 Louse","floor":11,"turns":2},{"damage":2,"enemies":"Looter","floor":12,"turns":2},{"damage":0,"enemies":"Gremlin Gang","floor":14,"turns":2},{"damage":34,"enemies":"Hexaghost","floor":16,"turns":8},{"damage":4,"enemies":"Spheric Guardian","floor":18,"turns":5},{"damage":0,"enemies":"Chosen","floor":19,"turns":5},{"damage":1,"enemies":"Snecko","floor":20,"turns":5},{"damage":5,"enemies":"Snake Plant","floor":27,"turns":2},{"damage":2,"enemies":"Cultist and Chosen","floor":31,"turns":3},{"damage":38,"enemies":"Champ","floor":33,"turns":10},{"damage":16,"enemies":"3 Darklings","floor":35,"turns":4},{"damage":0,"enemies":"3 Shapes","floor":36,"turns":2},{"damage":0,"enemies":"Transient","floor":37,"turns":5},{"damage":6,"enemies":"Jaw Worm Horde","floor":38,"turns":4},{"damage":0,"enemies":"Sphere and 2 Shapes","floor":45,"turns":5},{"damage":68,"enemies":"Giant Head","floor":46,"turns":10},{"damage":0,"enemies":"3 Darklings","floor":47,"turns":5},{"damage":55,"enemies":"Awakened One","floor":50,"turns":13}],"seed_played":"3588892684152571903","potions_obtained":[{"floor":2,"key":"Fire Potion"},{"floor":5,"key":"Regen Potion"},{"floor":7,"key":"SteroidPotion"},{"floor":10,"key":"AttackPotion"},{"floor":16,"key":"EssenceOfSteel"},{"floor":19,"key":"SpeedPotion"},{"floor":27,"key":"SkillPotion"},{"floor":31,"key":"GamblersBrew"},{"floor":33,"key":"SteroidPotion"},{"floor":35,"key":"Explosive Potion"},{"floor":37,"key":"GamblersBrew"},{"floor":38,"key":"EssenceOfSteel"},{"floor":47,"key":"Fruit Juice"}],"is_trial":false,"path_per_floor":["M","M","?","$","M","R","M","R","T","E","M","M","?","M","R","B",null,"M","M","M","?","?","R","$","R","T","M","$","?","T","M","R","B",null,"M","M","M","M","?","R","?","R","T","R","M","E","M","T","R","B"],"character_chosen":"THE_SILENT","items_purchased":["Caltrops","TwistedFunnel","Infinite Blades"],"campfire_rested":4,"item_purchase_floors":[4,24,28],"current_hp_per_floor":[77,77,77,77,77,77,71,71,71,63,63,61,61,61,77,43,77,73,73,72,56,56,56,56,56,56,56,56,56,56,54,77,39,77,61,61,61,55,55,77,77,77,77,77,77,9,14,14,38,0],"gold":446,"neow_bonus":"TEN_PERCENT_HP_BONUS","is_prod":false,"is_daily":false,"chose_seed":false,"campfire_upgraded":6,"win_rate":0.0,"timestamp":1565312945,"path_taken":["M","M","?","$","M","R","M","R","T","E","M","?","?","M","R","BOSS","M","M","M","?","?","R","$","R","T","M","$","?","?","M","R","BOSS","M","?","M","M","?","R","?","R","T","R","M","E","M","?","R","BOSS"],"build_version":"2019-07-17","purchased_purges":1,"victory":false,"max_hp_per_floor":[77,77,77,77,77,77,77,77,77,77,77,77,77,77,77,77,77,77,77,77,77,77,77,77,77,77,77,77,77,77,77,77,77,77,77,77,77,77,77,77,77,77,77,77,77,77,82,82,82,82],"card_choices":[{"not_picked":["PiercingWail","Choke"],"picked":"Deadly Poison","floor":1},{"not_picked":["PiercingWail","Slice"],"picked":"Flying Knee","floor":2},{"not_picked":["Dodge and Roll","Dagger Spray"],"picked":"All Out Attack","floor":5},{"not_picked":["Outmaneuver","Die Die Die"],"picked":"Skewer","floor":7},{"not_picked":["Quick Slash","Tactician"],"picked":"Infinite Blades","floor":10},{"not_picked":["Prepared","Masterful Stab"],"picked":"Backstab","floor":11},{"not_picked":["Sucker Punch","PiercingWail"],"picked":"Crippling Poison","floor":12},{"not_picked":["Deadly Poison","Deflect"],"picked":"Dagger Throw","floor":14},{"not_picked":["Burst","Venomology"],"picked":"Adrenaline","floor":16},{"not_picked":["Endless Agony","Underhanded Strike"],"picked":"Caltrops","floor":18},{"not_picked":["Terror","Quick Slash+1"],"picked":"Poisoned Stab","floor":19},{"not_picked":["Choke","Distraction"],"picked":"Outmaneuver+1","floor":20},{"not_picked":["Poisoned Stab+1","Flechettes+1","Flying Knee"],"picked":"Dagger Throw+1","floor":27},{"not_picked":["Skewer","Escape Plan","Die Die Die"],"picked":"Backflip","floor":31},{"not_picked":["Wraith Form v2","Tools of the Trade","A Thousand Cuts"],"picked":"Malaise","floor":33},{"not_picked":["Expertise","Dagger Spray","Dagger Throw+1"],"picked":"Outmaneuver+1","floor":35},{"not_picked":["Flying Knee+1","Masterful Stab","Acrobatics"],"picked":"PiercingWail","floor":36},{"not_picked":["Backflip+1","Flying Knee","Finisher"],"picked":"A Thousand Cuts","floor":37},{"not_picked":["Dagger Spray+1","Quick Slash+1","Sucker Punch+1"],"picked":"Caltrops","floor":38},{"not_picked":["Swift Strike","Transmutation","Good Instincts"],"picked":"Blind","floor":41},{"not_picked":["Prepared","Distraction","Dodge and Roll","Deflect"],"picked":"SKIP","floor":45},{"not_picked":["Blade Dance","Deflect","Phantasmal Killer","Underhanded Strike+1"],"picked":"SKIP","floor":46},{"not_picked":["Deadly Poison+1","Riddle With Holes+1","Poisoned Stab+1"],"picked":"PiercingWail+1","floor":47}],"player_experience":1200,"relics_obtained":[{"floor":9,"key":"Orichalcum"},{"floor":10,"key":"Mercury Hourglass"},{"floor":21,"key":"Enchiridion"},{"floor":26,"key":"Question Card"},{"floor":30,"key":"Boot"},{"floor":43,"key":"MawBank"},{"floor":46,"key":"Happy Flower"},{"floor":48,"key":"Ornamental Fan"}],"event_choices":[{"damage_healed":0,"gold_gain":0,"cards_transformed":["Strike_G"],"player_choice":"Transformed","damage_taken":0,"max_hp_gain":0,"max_hp_loss":0,"event_name":"Transmorgrifier","floor":3,"gold_loss":0,"cards_obtained":["Flying Knee"]},{"damage_healed":0,"gold_gain":0,"player_choice":"Ignored","damage_taken":0,"max_hp_gain":0,"max_hp_loss":0,"event_name":"Golden Idol","floor":13,"gold_loss":0},{"damage_healed":0,"gold_gain":0,"player_choice":"Obtained Book","damage_taken":16,"max_hp_gain":0,"max_hp_loss":0,"event_name":"Cursed Tome","floor":21,"gold_loss":0},{"damage_healed":0,"gold_gain":0,"player_choice":"Ignored","damage_taken":0,"max_hp_gain":0,"max_hp_loss":0,"event_name":"Ghosts","floor":22,"gold_loss":0},{"damage_healed":0,"gold_gain":0,"player_choice":"Paid Fearfully","damage_taken":0,"max_hp_gain":0,"max_hp_loss":0,"event_name":"Masked Bandits","floor":29,"gold_loss":16},{"damage_healed":0,"gold_gain":0,"player_choice":"Ignored","damage_taken":0,"max_hp_gain":0,"max_hp_loss":0,"event_name":"Tomb of Lord Red Mask","floor":39,"gold_loss":0},{"damage_healed":0,"gold_gain":0,"player_choice":"Memory 1","damage_taken":0,"max_hp_gain":0,"max_hp_loss":0,"event_name":"SensoryStone","floor":41,"gold_loss":0}],"is_beta":false,"boss_relics":[{"not_picked":["Ring of the Serpent","Calling Bell"],"picked":"Runic Pyramid"},{"not_picked":["Coffee Dripper","Orrery"],"picked":"Cursed Key"}],"items_purged_floors":[24],"is_endless":false,"potions_floor_spawned":[2,5,7,10,16,19,27,31,33,35,37,38,47],"killed_by":"Awakened One","ascension_level":0}