{"gold_per_floor":[114,114,128,53,63,63,96,115,197,197,17,42,53,67,67,141,141,152,52,69,83,94,94,109,120,143,143,153,153,153,170,170,243,243,263,263,277,291,166,231,231,231,280,294,313,327,327,359,359,359],"floor_reached":51,"playtime":2489,"items_purged":["Pain","Strike_B","Rip and Tear+1"],"score":1265,"play_id":"3649c0aa-e08a-4410-8b1e-a47053517c76","local_time":"20190201101527","is_ascension_mode":true,"campfire_choices":[{"data":"Sunder","floor":6.0,"key":"SMITH"},{"data":"Beam Cell","floor":10.0,"key":"SMITH"},{"data":"Chaos","floor":15.0,"key":"SMITH"},{"floor":23.0,"key":"REST"},{"floor":27.0,"key":"REST"},{"data":"Fission","floor":30.0,"key":"SMITH"},{"data":"Hologram","floor":32.0,"key":"SMITH"},{"data":"Capacitor","floor":42,"key":"SMITH"},{"data":"Defragment","floor":47,"key":"SMITH"},{"floor":49,"key":"REST"}],"neow_cost":"NONE","seed_source_timestamp":3394263864056,"circlet_count":0,"master_deck":["AscendersBane","Defend_B","Defend_B","Defend_B","Defend_B+1","Zap","Dualcast","Sunder+1","Glacier+1","Beam Cell+1","White Noise","Rainbow","Chill","Hologram+1","Chaos+1","Fission+1","Conserve Battery","Capacitor+1","Skim","Ball Lightning+1","BootSequence+1","Core Surge","Recycle+1","Barrage+1","Undo","Doubt","Defragment+1","Coolheaded","Skim"],"special_seed":0,"relics":["Cracked Core","NeowsBlessing","WarpedTongs","Girya","Symbiotic Virus","War Paint","Sozu","Dream Catcher","Astrolabe","Tiny Chest","Bag of Preparation","Omamori"],"potions_floor_usage":[37],"damage_taken":[{"damage":0.0,"enemies":"Cultist","floor":1.0,"turns":1.0},{"damage":0.0,"enemies":"Jaw Worm","floor":3.0,"turns":1.0},{"damage":0.0,"enemies":"2 Louse","floor":5.0,"turns":1.0},{"damage":9.0,"enemies":"3 Sentries","floor":7.0,"turns":11.0},{"damage":11.0,"enemies":"Exordium Thugs","floor":8.0,"turns":3.0},{"damage":6.0,"enemies":"Lagavulin","floor":12.0,"turns":6.0},{"damage":0.0,"enemies":"2 Fungi Beasts","floor":13.0,"turns":2.0},{"damage":0.0,"enemies":"Looter","floor":14.0,"turns":2.0},{"damage":15.0,"enemies":"Hexaghost","floor":16.0,"turns":8.0},{"damage":6.0,"enemies":"Spheric Guardian","floor":18.0,"turns":4.0},{"damage":0.0,"enemies":"Shell Parasite","floor":20.0,"turns":3.0},{"damage":8.0,"enemies":"Snake Plant","floor":21.0,"turns":4.0},{"damage":19.0,"enemies":"Cultist and Chosen","floor":22.0,"turns":6.0},{"damage":8.0,"enemies":"Snecko","floor":24.0,"turns":5.0},{"damage":12.0,"enemies":"Shelled Parasite and Fungi","floor":25.0,"turns":5.0},{"damage":14.0,"enemies":"Snake Plant","floor":28.0,"turns":2.0},{"damage":0.0,"enemies":"Centurion and Healer","floor":31.0,"turns":5.0},{"damage":14.0,"enemies":"Collector","floor":33.0,"turns":13.0},{"damage":0.0,"enemies":"3 Shapes","floor":35.0,"turns":5.0},{"damage":0,"enemies":"3 Darklings","floor":37,"turns":6},{"damage":16,"enemies":"Writhing Mass","floor":38,"turns":6},{"damage":21,"enemies":"Reptomancer","floor":40,"turns":8},{"damage":0,"enemies":"Transient","floor":44,"turns":5},{"damage":21,"enemies":"3 Darklings","floor":45,"turns":7},{"damage":6,"enemies":"Spire Growth","floor":46,"turns":6},{"damage":4,"enemies":"Giant Head","floor":48,"turns":6},{"damage":25,"enemies":"Awakened One","floor":50,"turns":15}],"seed_played":"-7313251373396888149","potions_obtained":[{"floor":1.0,"key":"EssenceOfSteel"},{"floor":7.0,"key":"Energy Potion"}],"is_trial":false,"path_per_floor":["M","?","M","$","M","R","E","M","T","R","$","E","M","M","R","B",null,"M","$","M","M","M","R","M","M","T","R","M","?","R","M","R","B",null,"M","?","M","M","$","E","?","R","T","M","M","M","R","E","R","B",null],"character_chosen":"DEFECT","items_purchased":["Rainbow"],"campfire_rested":3,"item_purchase_floors":[11],"current_hp_per_floor":[64,64,64,64,64,64,55,44,44,44,44,38,38,38,38,23,59,53,53,53,45,26,47,39,27,27,48,34,34,34,34,34,20,58,58,58,58,42,42,21,71,71,71,71,50,44,44,40,61,36],"gold":359,"neow_bonus":"THREE_ENEMY_KILL","is_prod":false,"is_daily":false,"chose_seed":false,"campfire_upgraded":7,"win_rate":0,"timestamp":1548987327,"path_taken":["M","?","M","$","?","R","E","M","T","R","$","E","M","M","R","BOSS","M","$","?","M","M","R","M","M","T","R","M","?","R","M","R","BOSS","M","?","M","M","$","E","?","R","T","M","M","M","R","E","R","BOSS"],"build_version":"2019-01-23","purchased_purges":3,"victory":true,"max_hp_per_floor":[71,71,71,71,71,71,71,71,71,71,71,71,71,71,71,71,71,71,71,71,71,71,71,71,71,71,71,71,71,71,71,71,71,71,71,71,71,71,71,71,71,71,71,71,71,71,71,71,71,71],"card_choices":[{"not_picked":["BootSequence","Conserve Battery"],"picked":"Sunder","floor":1.0},{"not_picked":["Turbo","Hello World"],"picked":"Glacier","floor":3.0},{"not_picked":["Double Energy","Gash"],"picked":"Beam Cell","floor":5.0},{"not_picked":["Rebound","Compile Driver","Redo"],"picked":"SKIP","floor":7.0},{"not_picked":["Heatsinks","Blizzard"],"picked":"White Noise","floor":8.0},{"not_picked":["Rainbow","Leap"],"picked":"Chill","floor":12.0},{"not_picked":["Force Field","Hologram","Gash"],"picked":"SKIP","floor":13.0},{"not_picked":["Force Field","Gash"],"picked":"Hologram","floor":13.0},{"not_picked":["Recycle","Chaos","Sunder"],"picked":"SKIP","floor":14.0},{"not_picked":["Recycle","Sunder"],"picked":"Chaos","floor":14.0},{"not_picked":["Thunder Strike","Creative AI"],"picked":"Fission","floor":16.0},{"not_picked":["Hello World","Consume"],"picked":"Conserve Battery","floor":18.0},{"not_picked":["Leap+1","Coolheaded"],"picked":"Capacitor","floor":20.0},{"not_picked":["Sweeping Beam","Compile Driver","Chaos"],"picked":"SKIP","floor":21.0},{"not_picked":["Conserve Battery","Melter"],"picked":"Skim","floor":22.0},{"not_picked":["Gash","Compile Driver","Leap"],"picked":"SKIP","floor":24.0},{"not_picked":["Conserve Battery","Sunder","Tempest"],"picked":"SKIP","floor":25.0},{"not_picked":["Tempest","Gash"],"picked":"Ball Lightning+1","floor":27.0},{"not_picked":["Sweeping Beam+1","Streamline","Steam Power"],"picked":"SKIP","floor":28.0},{"not_picked":["Turbo","Cold Snap"],"picked":"BootSequence+1","floor":31.0},{"not_picked":["Machine Learning","Meteor Strike"],"picked":"Core Surge","floor":33.0},{"not_picked":["Conserve Battery","Hologram","Ball Lightning"],"picked":"SKIP","floor":35.0},{"not_picked":["Compile Driver","Stack","Turbo+1"],"picked":"SKIP","floor":37},{"not_picked":["Double Energy","Heatsinks"],"picked":"Undo","floor":38},{"not_picked":["Stack","Sweeping Beam","Steam"],"picked":"SKIP","floor":40},{"not_picked":["Beam Cell+1","Heatsinks"],"picked":"Defragment","floor":44},{"not_picked":["FTL","Sunder","Coolheaded"],"picked":"SKIP","floor":45},{"not_picked":["FTL","Sunder"],"picked":"Coolheaded","floor":45},{"not_picked":["Go for the Eyes","Steam","Melter+1"],"picked":"SKIP","floor":46},{"not_picked":["White Noise","Electrodynamics","Skim"],"picked":"SKIP","floor":48},{"not_picked":["White Noise","Electrodynamics"],"picked":"Skim","floor":48}],"player_experience":747027,"relics_obtained":[{"floor":7.0,"key":"Girya"},{"floor":9.0,"key":"Symbiotic Virus"},{"floor":12.0,"key":"War Paint"},{"floor":26.0,"key":"Dream Catcher"},{"floor":40,"key":"Tiny Chest"},{"floor":43,"key":"Bag of Preparation"},{"floor":48,"key":"Omamori"}],"event_choices":[{"damage_healed":0.0,"max_hp_gain":0.0,"max_hp_loss":0.0,"gold_gain":0.0,"event_name":"Accursed Blacksmith","player_choice":"Rummage","floor":2.0,"gold_loss":0.0,"damage_taken":0.0,"relics_obtained":["WarpedTongs"],"cards_obtained":["Pain"]},{"damage_healed":0.0,"max_hp_gain":0.0,"max_hp_loss":0.0,"gold_gain":0.0,"event_name":"The Mausoleum","player_choice":"Ignored","floor":29.0,"gold_loss":0.0,"damage_taken":0.0},{"damage_healed":0.0,"max_hp_gain":0.0,"max_hp_loss":0.0,"gold_gain":0.0,"event_name":"SensoryStone","player_choice":"Memory 1","floor":36.0,"gold_loss":0.0,"damage_taken":0.0},{"damage_healed":50,"gold_gain":0,"player_choice":"Heal","damage_taken":0,"max_hp_gain":0,"max_hp_loss":0,"event_name":"MindBloom","floor":41,"gold_loss":0,"cards_obtained":["Doubt"]}],"is_beta":true,"boss_relics":[{"not_picked":["Velvet Choker","Runic Pyramid"],"picked":"Sozu"},{"not_picked":["Pandora\u0027s Box","Philosopher\u0027s Stone"],"picked":"Astrolabe"}],"items_purged_floors":[4,19,39],"is_endless":false,"potions_floor_spawned":[1,7,8,12,18,21,22,25,31,38,44,45,46,48],"ascension_level":16}