{"gold_per_floor":[115,128,139,153,27,27,46,46,46,46,71,141,141,152,152,226,226,226,116,76,76,76,76,76],"floor_reached":24,"playtime":969,"items_purged":[],"score":396,"play_id":"c07c3ccc-bd60-47a9-8ee6-9b768726ea70","local_time":"20190106121535","is_ascension_mode":true,"campfire_choices":[{"data":"Beam Cell","floor":6.0,"key":"SMITH"},{"data":"Hyperbeam","floor":8.0,"key":"SMITH"},{"data":"Go for the Eyes","floor":10.0,"key":"SMITH"},{"data":"Sunder","floor":15.0,"key":"SMITH"},{"data":"Seek","floor":23.0,"key":"SMITH"}],"neow_cost":"NONE","seed_source_timestamp":3204044211610,"circlet_count":0,"master_deck":["AscendersBane","Strike_B","Strike_B","Strike_B","Strike_B","Defend_B+1","Defend_B","Defend_B","Defend_B","Zap","Dualcast","Seek+1","Chill","Go for the Eyes+1","Beam Cell+1","Ball Lightning","Self Repair","Hyperbeam+1","Sunder+1","Hyperbeam","Reinforced Body+1","Steam","Conserve Battery"],"special_seed":0,"relics":["Cracked Core","Ectoplasm","Orichalcum"],"potions_floor_usage":[24,24],"damage_taken":[{"damage":1.0,"enemies":"Cultist","floor":1.0,"turns":3.0},{"damage":7.0,"enemies":"Jaw Worm","floor":2.0,"turns":3.0},{"damage":0.0,"enemies":"2 Louse","floor":3.0,"turns":3.0},{"damage":3.0,"enemies":"Lots of Slimes","floor":4.0,"turns":6.0},{"damage":17.0,"enemies":"Gremlin Gang","floor":7.0,"turns":6.0},{"damage":15.0,"enemies":"3 Sentries","floor":11.0,"turns":3.0},{"damage":5.0,"enemies":"Exordium Wildlife","floor":14.0,"turns":3.0},{"damage":15.0,"enemies":"Slime Boss","floor":16.0,"turns":10.0},{"damage":8.0,"enemies":"Shell Parasite","floor":18.0,"turns":2.0},{"damage":14.0,"enemies":"2 Thieves","floor":20.0,"turns":2.0},{"damage":16.0,"enemies":"Shelled Parasite and Fungi","floor":21.0,"turns":3.0},{"damage":20,"enemies":"Gremlin Leader","floor":24,"turns":6}],"seed_played":"909914631990892741","potions_obtained":[{"floor":4.0,"key":"Block Potion"},{"floor":14.0,"key":"Energy Potion"},{"floor":16.0,"key":"Block Potion"},{"floor":21.0,"key":"Dexterity Potion"}],"is_trial":false,"path_per_floor":["M","M","M","M","$","R","M","R","T","R","E","?","?","M","R","B",null,"M","?","M","M","T","R","E"],"character_chosen":"DEFECT","items_purchased":["Ball Lightning","Self Repair"],"campfire_rested":0,"item_purchase_floors":[5,5],"current_hp_per_floor":[63,56,56,53,53,53,43,43,43,43,28,28,28,23,23,15,57,49,49,35,26,26,26,6],"gold":76,"neow_bonus":"ONE_RANDOM_RARE_CARD","is_prod":false,"is_daily":false,"chose_seed":false,"campfire_upgraded":5,"win_rate":0,"timestamp":1546748135,"path_taken":["M","M","M","M","?","R","M","R","T","R","E","?","?","M","R","BOSS","M","?","?","?","?","R","E"],"build_version":"2019-01-03v4","purchased_purges":0,"victory":false,"max_hp_per_floor":[71,71,71,71,71,71,71,71,71,71,71,71,71,71,71,71,71,71,71,71,71,71,71,71],"card_choices":[{"not_picked":["Stack","Sweeping Beam"],"picked":"Cold Snap","floor":1.0},{"not_picked":["Scrape","Stack"],"picked":"Chill","floor":2.0},{"not_picked":["Rebound","Redo"],"picked":"Go for the Eyes","floor":3.0},{"not_picked":["Leap","Go for the Eyes"],"picked":"Beam Cell","floor":4.0},{"not_picked":["Compile Driver","Steam"],"picked":"Hyperbeam","floor":7.0},{"not_picked":["Coolheaded","FTL"],"picked":"Sunder","floor":11.0},{"not_picked":["Barrage","Steam","Compile Driver"],"picked":"SKIP","floor":14.0},{"not_picked":["Seek","Amplify"],"picked":"Hyperbeam","floor":16.0},{"not_picked":["Sweeping Beam","Compile Driver+1"],"picked":"Reinforced Body+1","floor":18.0},{"not_picked":["FTL","Scrape"],"picked":"Steam","floor":20.0},{"not_picked":["Darkness","Lockon"],"picked":"Conserve Battery","floor":21.0}],"player_experience":674130,"relics_obtained":[{"floor":22.0,"key":"Orichalcum"}],"event_choices":[{"damage_healed":0.0,"max_hp_gain":0.0,"max_hp_loss":0.0,"gold_gain":70.0,"event_name":"Golden Wing","player_choice":"Gained Gold","floor":12.0,"gold_loss":0.0,"damage_taken":0.0},{"damage_healed":0.0,"max_hp_gain":0.0,"max_hp_loss":0.0,"gold_gain":0.0,"event_name":"Scrap Ooze","player_choice":"Fled","floor":13.0,"gold_loss":0.0,"damage_taken":0.0},{"cards_removed":["Cold Snap"],"damage_healed":0.0,"max_hp_gain":0.0,"max_hp_loss":0.0,"gold_gain":0.0,"event_name":"Designer","player_choice":"Upgrade and Remove","floor":19.0,"gold_loss":110.0,"damage_taken":0.0,"cards_upgraded":["Defend_B"]}],"is_beta":true,"boss_relics":[{"not_picked":["Lizard Tail","Eternal Feather"],"picked":"Ectoplasm"}],"items_purged_floors":[],"is_endless":false,"potions_floor_spawned":[4,14,16,21],"killed_by":"Gremlin Leader","ascension_level":20}