{"gold_per_floor":[110,127,145,95,95,95,120,120,120,132,147,163,163,183,183,286,286,297,297,312,312,34,65,65,91,91,91,109,34,53,64,64,64],"floor_reached":33,"playtime":1737,"items_purged":["Shame"],"score":303,"play_id":"c9a18aa3-6d50-4836-9cac-82d95bb9972a","local_time":"20190810142121","is_ascension_mode":true,"campfire_choices":[{"data":"Bash","floor":6,"key":"SMITH"},{"floor":8,"key":"REST"},{"data":"Shrug It Off","floor":13,"key":"SMITH"},{"data":"Shockwave","floor":15,"key":"SMITH"},{"data":"Writhe","floor":24,"key":"PURGE"},{"floor":27,"key":"REST"},{"floor":32,"key":"REST"}],"neow_cost":"NONE","seed_source_timestamp":49480200696854,"circlet_count":0,"master_deck":["Strike_R+1","Strike_R+1","Strike_R+1","Strike_R+1","Defend_R+1","Defend_R+1","Defend_R+1","Defend_R+1","Bash+1","Heavy Blade","Pummel+1","Ghostly Armor","Uppercut+1","Pommel Strike+1","Cleave+1","Shrug It Off+1","Shockwave+1","Offering","Feel No Pain","Iron Wave+1","Writhe","Fiend Fire+1","Iron Wave+1","Whirlwind+1","Fiend Fire+1","Sever Soul+1"],"relics":["Burning Blood","PreservedInsect","Molten Egg 2","Unceasing Top","Calling Bell","Peace Pipe","Meat on the Bone","Potion Belt","Lee\u0027s Waffle","Shuriken","Frozen Egg 2","Bag of Preparation"],"potions_floor_usage":[7,10,16,20,23,30],"damage_taken":[{"damage":1,"enemies":"Jaw Worm","floor":1,"turns":5},{"damage":5,"enemies":"Small Slimes","floor":2,"turns":4},{"damage":2,"enemies":"2 Louse","floor":3,"turns":2},{"damage":26,"enemies":"Lagavulin","floor":7,"turns":5},{"damage":4,"enemies":"2 Fungi Beasts","floor":10,"turns":2},{"damage":8,"enemies":"Exordium Wildlife","floor":11,"turns":5},{"damage":11,"enemies":"Blue Slaver","floor":12,"turns":4},{"damage":4,"enemies":"Gremlin Gang","floor":14,"turns":4},{"damage":53,"enemies":"Hexaghost","floor":16,"turns":12},{"damage":52,"enemies":"Spheric Guardian","floor":18,"turns":7},{"damage":16,"enemies":"3 Byrds","floor":20,"turns":3},{"damage":39,"enemies":"Gremlin Leader","floor":23,"turns":8},{"damage":35,"enemies":"Slavers","floor":25,"turns":8},{"damage":16,"enemies":"Centurion and Healer","floor":28,"turns":6},{"damage":30,"enemies":"Snecko","floor":30,"turns":6},{"damage":6,"enemies":"Snake Plant","floor":31,"turns":2},{"damage":88,"enemies":"Champ","floor":33,"turns":13}],"seed_played":"-8226070767334807216","potions_obtained":[{"floor":2,"key":"FearPotion"},{"floor":7,"key":"SteroidPotion"},{"floor":11,"key":"Explosive Potion"},{"floor":18,"key":"LiquidBronze"},{"floor":20,"key":"Swift Potion"},{"floor":28,"key":"GamblersBrew"}],"is_trial":false,"path_per_floor":["M","M","M","?","?","R","E","R","T","M","M","M","R","M","R","B",null,"M","?","M","?","$","E","R","E","T","R","M","$","M","M","R","B"],"character_chosen":"IRONCLAD","items_purchased":["Lee\u0027s Waffle","Fiend Fire+1"],"campfire_rested":3,"item_purchase_floors":[22,29],"current_hp_per_floor":[80,80,80,80,64,64,44,68,68,70,68,63,63,65,65,18,80,46,46,48,48,87,54,54,37,37,63,53,53,41,53,79,0],"gold":64,"neow_bonus":"RANDOM_COMMON_RELIC","is_prod":false,"is_daily":false,"chose_seed":false,"campfire_upgraded":3,"win_rate":0,"timestamp":1565461281,"path_taken":["M","M","M","?","?","R","E","R","T","M","M","M","R","M","R","BOSS","M","?","M","?","$","E","R","E","T","R","M","?","?","M","R","BOSS"],"build_version":"2019-07-17","purchased_purges":1,"victory":false,"max_hp_per_floor":[80,80,80,80,80,80,80,80,80,80,80,80,80,80,80,80,80,80,80,80,80,87,87,87,87,87,87,87,87,87,87,87,87],"card_choices":[{"not_picked":["Wild Strike","Evolve"],"picked":"Heavy Blade","floor":1},{"not_picked":["Power Through","Headbutt"],"picked":"Pummel","floor":2},{"not_picked":["Fire Breathing","Pommel Strike"],"picked":"Ghostly Armor","floor":3},{"not_picked":["Combust","Flex"],"picked":"Uppercut","floor":7},{"not_picked":["Infernal Blade","Shrug It Off"],"picked":"Pommel Strike+1","floor":10},{"not_picked":["Twin Strike+1","Disarm"],"picked":"Cleave+1","floor":11},{"not_picked":["Headbutt+1","Anger+1"],"picked":"Shrug It Off","floor":12},{"not_picked":["Havoc","Limit Break"],"picked":"Shockwave","floor":14},{"not_picked":["Dark Embrace","Brutality"],"picked":"Offering","floor":16},{"not_picked":["Armaments","Iron Wave+1"],"picked":"Feel No Pain","floor":18},{"not_picked":["Reckless Charge+1","Clothesline+1"],"picked":"Iron Wave+1","floor":20},{"not_picked":["Hemokinesis+1","Sword Boomerang+1"],"picked":"Fiend Fire+1","floor":23},{"not_picked":["Rampage+1","Searing Blow+1"],"picked":"Iron Wave+1","floor":25},{"not_picked":["Pommel Strike+1","Evolve+1"],"picked":"Whirlwind+1","floor":28},{"not_picked":["Clash+1","Warcry","Body Slam+1"],"picked":"SKIP","floor":30},{"not_picked":["Armaments","Clothesline+1"],"picked":"Sever Soul+1","floor":31}],"player_experience":59372,"relics_obtained":[{"floor":7,"key":"Molten Egg 2"},{"floor":9,"key":"Unceasing Top"},{"floor":17,"key":"Peace Pipe"},{"floor":17,"key":"Meat on the Bone"},{"floor":17,"key":"Potion Belt"},{"floor":23,"key":"Shuriken"},{"floor":25,"key":"Frozen Egg 2"},{"floor":26,"key":"Bag of Preparation"}],"event_choices":[{"cards_removed":["Strike_R"],"damage_healed":0,"gold_gain":0,"player_choice":"Card Removal","damage_taken":0,"max_hp_gain":0,"max_hp_loss":0,"event_name":"The Cleric","floor":4,"gold_loss":50},{"damage_healed":0,"gold_gain":0,"player_choice":"Entered Light","damage_taken":16,"max_hp_gain":0,"max_hp_loss":0,"event_name":"Shining Light","floor":5,"gold_loss":0,"cards_upgraded":["Pummel","Defend_R"]},{"damage_healed":0,"gold_gain":0,"player_choice":"Simplicity","damage_taken":0,"max_hp_gain":0,"max_hp_loss":0,"event_name":"Back to Basics","floor":19,"gold_loss":0,"cards_upgraded":["Strike_R","Strike_R","Strike_R","Strike_R","Defend_R","Defend_R","Defend_R"]},{"damage_healed":0,"gold_gain":0,"cards_transformed":["Shame","Pain"],"player_choice":"Became Test Subject","damage_taken":0,"max_hp_gain":0,"max_hp_loss":0,"event_name":"Drug Dealer","floor":21,"gold_loss":0,"cards_obtained":["Writhe","Shame"]}],"is_beta":false,"boss_relics":[{"not_picked":["Snecko Eye","White Beast Statue"],"picked":"Calling Bell"}],"items_purged_floors":[22],"is_endless":false,"potions_floor_spawned":[2,7,11,18,20,28],"killed_by":"Champ","ascension_level":1}