{"gold_per_floor":[215,490,502,24,36,36,63,82,82,111,111,125,125,135,135,135],"floor_reached":16,"playtime":721,"items_purged":["Regret"],"score":207,"play_id":"6fef6250-f1a4-4918-a36d-57734899634e","local_time":"20181111125147","is_ascension_mode":true,"campfire_choices":[{"data":"Bouncing Flask","floor":6.0,"key":"SMITH"},{"floor":11.0,"key":"REST"},{"data":"Footwork","floor":13.0,"key":"SMITH"},{"data":"Neutralize","floor":15.0,"key":"SMITH"}],"neow_cost":"NONE","seed_source_timestamp":15564621124435,"circlet_count":0,"master_deck":["AscendersBane","Defend_G","Defend_G","Defend_G","Defend_G","Defend_G","Strike_G","Strike_G","Strike_G","Strike_G","Strike_G","Survivor","Neutralize+1","Bouncing Flask+1","Backflip","Masterful Stab+1","Footwork+1","Endless Agony+1","Heel Hook+1","Noxious Fumes","Crippling Poison"],"special_seed":0,"relics":["Ring of the Snake","Molten Egg 2","Bag of Marbles","Bottled Tornado","The Specimen"],"potions_floor_usage":[],"damage_taken":[{"damage":6.0,"enemies":"Jaw Worm","floor":1.0,"turns":4.0},{"damage":10.0,"enemies":"Cultist","floor":3.0,"turns":4.0},{"damage":0.0,"enemies":"2 Louse","floor":5.0,"turns":3.0},{"damage":14.0,"enemies":"Gremlin Nob","floor":7.0,"turns":4.0},{"damage":0.0,"enemies":"Blue Slaver","floor":8.0,"turns":1.0},{"damage":19.0,"enemies":"3 Sentries","floor":10.0,"turns":6.0},{"damage":14.0,"enemies":"Large Slime","floor":12.0,"turns":8.0},{"damage":2.0,"enemies":"3 Louse","floor":14.0,"turns":3.0},{"damage":21,"enemies":"Slime Boss","floor":16,"turns":8}],"seed_played":"9155198032479133640","potions_obtained":[{"floor":1.0,"key":"Weak Potion"},{"floor":7.0,"key":"SmokeBomb"}],"is_trial":false,"path_per_floor":["M","?","M","$","M","R","E","M","M","T","E","R","M","R","M","R","B"],"character_chosen":"THE_SILENT","items_purchased":["Molten Egg 2","Masterful Stab+1","Footwork"],"campfire_rested":1,"item_purchase_floors":[4,4,4],"current_hp_per_floor":[53,53,43,43,43,43,29,29,29,10,29,15,15,13,13,0],"gold":135,"neow_bonus":"HUNDRED_GOLD","is_prod":false,"is_daily":false,"chose_seed":false,"campfire_upgraded":3,"win_rate":0,"timestamp":1541911907,"path_taken":["M","?","M","$","?","R","E","M","T","E","R","M","R","M","R","BOSS"],"build_version":"2018-11-08","purchased_purges":1,"victory":false,"max_hp_per_floor":[66,66,66,66,66,66,66,66,66,66,66,66,66,66,66,66],"card_choices":[{"not_picked":["Escape Plan","Riddle With Holes"],"picked":"Bouncing Flask","floor":1.0},{"not_picked":["PiercingWail","Flying Knee"],"picked":"Backflip","floor":3.0},{"not_picked":["Catalyst","Outmaneuver"],"picked":"Endless Agony+1","floor":5.0},{"not_picked":["Backflip","Acrobatics"],"picked":"Heel Hook+1","floor":7.0},{"not_picked":["Setup","Backstab+1"],"picked":"Noxious Fumes","floor":8.0},{"not_picked":["Cloak And Dagger","Blade Dance","Doppelganger"],"picked":"SKIP","floor":10.0},{"not_picked":["Underhanded Strike+1","Calculated Gamble","Deflect"],"picked":"SKIP","floor":12.0},{"not_picked":["Calculated Gamble","Setup"],"picked":"Crippling Poison","floor":14.0}],"player_experience":528746,"relics_obtained":[{"floor":7.0,"key":"Bag of Marbles"},{"floor":9.0,"key":"Bottled Tornado"},{"floor":10.0,"key":"The Specimen"}],"event_choices":[{"damage_healed":0.0,"max_hp_gain":0.0,"max_hp_loss":0.0,"gold_gain":275.0,"event_name":"Golden Shrine","player_choice":"Desecrate","floor":2.0,"gold_loss":0.0,"damage_taken":0.0,"cards_obtained":["Regret"]}],"is_beta":true,"boss_relics":[],"items_purged_floors":[4],"is_endless":false,"potions_floor_spawned":[1,7,8],"killed_by":"Slime Boss","ascension_level":17}