{"gold_per_floor":[110,7,7,27,48,89,89,89,89,105,126,164,188,266,266,266],"floor_reached":16,"playtime":809,"items_purged":[],"score":118,"play_id":"e6f61aa1-e910-42e8-97f5-96f995975aa0","local_time":"20180715194316","is_ascension_mode":true,"campfire_choices":[{"floor":7,"key":"REST"},{"floor":15,"key":"REST"}],"neow_cost":"","seed_source_timestamp":626271519492,"circlet_count":0,"master_deck":["Strike_B","Strike_B","Strike_B","Strike_B","Defend_B","Defend_B","Defend_B","Defend_B","Zap","Dualcast","Cold Snap","Coolheaded","Genetic Algorithm","Steam Power","Tempest","Sunder","Double Energy","Sweeping Beam","Darkness","Turbo"],"special_seed":0,"relics":["Cracked Core","Golden Idol","Unceasing Top","Shovel","Incense Burner","Letter Opener"],"potions_floor_usage":[10,11,11,12,12,16],"damage_taken":[{"damage":0.0,"enemies":"Small Slimes","floor":1.0,"turns":3.0},{"damage":2,"enemies":"2 Louse","floor":4,"turns":3},{"damage":1,"enemies":"Jaw Worm","floor":5,"turns":3},{"damage":27,"enemies":"3 Sentries","floor":6,"turns":10},{"damage":10,"enemies":"3 Louse","floor":10,"turns":3},{"damage":10,"enemies":"Lots of Slimes","floor":11,"turns":3},{"damage":33,"enemies":"Lagavulin","floor":12,"turns":9},{"damage":0,"enemies":"2 Fungi Beasts","floor":13,"turns":1},{"damage":31,"enemies":"Hexaghost","floor":16,"turns":11}],"seed_played":"5467687867616473001","potions_obtained":[{"floor":5,"key":"PowerPotion"},{"floor":8,"key":"Fruit Juice"},{"floor":8,"key":"EssenceOfSteel"},{"floor":10,"key":"Energy Potion"},{"floor":11,"key":"FearPotion"},{"floor":13,"key":"FocusPotion"}],"is_trial":false,"path_per_floor":["M","$","?","M","M","E","R","?","T","M","M","E","M","T","R"],"character_chosen":"DEFECT","items_purchased":["Coolheaded","Genetic Algorithm"],"campfire_rested":2,"item_purchase_floors":[2,2],"current_hp_per_floor":[75,75,57,55,54,27,49,49,49,44,34,1,1,1,25,0],"gold":266,"neow_bonus":"","is_prod":false,"is_daily":false,"chose_seed":false,"campfire_upgraded":0,"win_rate":0,"timestamp":1531654996,"path_taken":["M","$","?","M","M","E","R","?","T","?","M","E","?","?","R","BOSS"],"build_version":"2018-07-12","purchased_purges":0,"victory":false,"max_hp_per_floor":[75,75,75,75,75,75,75,75,75,80,80,80,80,80,80,80],"card_choices":[{"not_picked":["Force Field","Ball Lightning"],"picked":"Cold Snap","floor":1},{"not_picked":["Ball Lightning","Genetic Algorithm"],"picked":"Steam Power","floor":4},{"not_picked":["Stack","Go for the Eyes"],"picked":"Tempest","floor":5},{"not_picked":["Reinforced Body","Streamline"],"picked":"Sunder","floor":6},{"not_picked":["Leap","Hyperbeam"],"picked":"Double Energy","floor":10},{"not_picked":["Steam","Force Field"],"picked":"Sweeping Beam","floor":11},{"not_picked":["Compile Driver","Coolheaded"],"picked":"Darkness","floor":12},{"not_picked":["Gash","Sweeping Beam"],"picked":"Turbo","floor":13}],"player_experience":91815,"relics_obtained":[{"floor":6,"key":"Unceasing Top"},{"floor":9,"key":"Shovel"},{"floor":12,"key":"Incense Burner"},{"floor":14,"key":"Letter Opener"}],"event_choices":[{"event_name":"Golden Idol","player_choice":"Take Damage","floor":3,"damage_taken":0},{"event_name":"The Lab","player_choice":"Got Potions","floor":8,"damage_taken":0}],"boss_relics":[],"items_purged_floors":[],"is_endless":false,"potions_floor_spawned":[5,10,11,13],"killed_by":"Hexaghost","ascension_level":1}