{"gold_per_floor":[114,40,40,54,67,102,132,132,132,112,112,186,186,211,211,211],"floor_reached":16,"playtime":627,"items_purged":[],"score":152,"play_id":"cbb17c06-c24a-499e-8811-c74ffed5baaa","local_time":"20180819095911","is_ascension_mode":true,"campfire_choices":[{"data":"Hologram","floor":8,"key":"SMITH"},{"floor":11,"key":"REST"},{"data":"Loop","floor":15,"key":"SMITH"}],"neow_cost":"NONE","seed_source_timestamp":0,"circlet_count":0,"master_deck":["Strike_B","Strike_B","Strike_B","Defend_B","Defend_B","Defend_B","Defend_B","Zap","Dualcast","AscendersBane","Coolheaded","Loop+1","Meteor Strike","Go for the Eyes","Auto Shields","Steam Power","Hologram+1"],"special_seed":0,"relics":["Nuclear Battery","Boot","Odd Mushroom","Shuriken","Golden Idol"],"potions_floor_usage":[],"damage_taken":[{"damage":7.0,"enemies":"Small Slimes","floor":1.0,"turns":3.0},{"damage":5.0,"enemies":"Jaw Worm","floor":4.0,"turns":4.0},{"damage":0.0,"enemies":"Cultist","floor":5.0,"turns":3.0},{"damage":28.0,"enemies":"Gremlin Nob","floor":6.0,"turns":5.0},{"damage":8,"floor":7,"turns":5},{"damage":0,"enemies":"2 Fungi Beasts","floor":14,"turns":4},{"damage":42,"enemies":"Hexaghost","floor":16,"turns":11}],"seed_played":"-5477164409073213307","potions_obtained":[{"floor":5.0,"key":"FocusPotion"},{"floor":7,"key":"Dexterity Potion"}],"is_trial":false,"path_per_floor":["M","$","?","M","M","E","?","R","T","?","R","?","?","M","R"],"character_chosen":"DEFECT","items_purchased":["Loop"],"campfire_rested":1,"item_purchase_floors":[2],"current_hp_per_floor":[61,61,61,56,56,28,20,20,20,20,42,42,42,42,42,0],"gold":211,"neow_bonus":"BOSS_RELIC","is_prod":false,"is_daily":false,"chose_seed":false,"campfire_upgraded":2,"win_rate":0,"timestamp":1534643951,"path_taken":["M","$","?","M","M","E","?","R","T","?","R","?","?","?","R","BOSS"],"build_version":"2018-08-16","purchased_purges":0,"victory":false,"max_hp_per_floor":[75,75,75,75,75,75,75,75,75,75,75,75,69,69,69,69],"card_choices":[{"not_picked":["Sweeping Beam","Ball Lightning"],"picked":"Coolheaded","floor":1.0},{"not_picked":["Self Repair","Fusion"],"picked":"Go for the Eyes","floor":4.0},{"not_picked":["Stack","Sweeping Beam"],"picked":"Auto Shields","floor":5.0},{"not_picked":["Double Energy","Scrape"],"picked":"Steam Power","floor":6.0},{"not_picked":["Beam Cell","Genetic Algorithm"],"picked":"Hologram","floor":7},{"not_picked":["Doom and Gloom","Sweeping Beam","Stack"],"picked":"SKIP","floor":14}],"player_experience":243996,"relics_obtained":[{"floor":6.0,"key":"Boot"},{"floor":7,"key":"Odd Mushroom"},{"floor":9,"key":"Shuriken"}],"event_choices":[{"event_name":"Living Wall","player_choice":"Change","floor":3.0,"damage_taken":0.0},{"event_name":"Mushrooms","player_choice":"Fought Mushrooms","floor":7,"damage_taken":0},{"event_name":"The Woman in Blue","player_choice":"Bought 1 Potion","floor":10,"damage_taken":0},{"event_name":"Golden Wing","player_choice":"Gained Gold","floor":12,"damage_taken":0},{"event_name":"Golden Idol","player_choice":"Lose Max HP","floor":13,"damage_taken":0}],"is_beta":false,"boss_relics":[],"items_purged_floors":[],"is_endless":false,"potions_floor_spawned":[5,7,14],"killed_by":"Hexaghost","ascension_level":11}