{"gold_per_floor":[113,188,188,212,212,212,228,204,204,379,397,397,411,429,429,552,552,570,570,589,613,613],"floor_reached":22,"playtime":1535,"items_purged":[],"score":276,"play_id":"526d25d9-2e49-41da-8a27-59437fb938a7","local_time":"20180809193743","is_ascension_mode":true,"campfire_choices":[{"data":"Dualcast","floor":6,"key":"SMITH"},{"data":"Defragment","floor":12,"key":"SMITH"},{"floor":15,"key":"REST"}],"neow_cost":"NONE","seed_source_timestamp":14210721689035,"circlet_count":0,"master_deck":["Strike_B","Strike_B","Strike_B","Strike_B","Defend_B","Defend_B","Defend_B","Defend_B","Zap","Dualcast+1","AscendersBane","Conserve Battery","Ball Lightning","Doom and Gloom","Cold Snap","Doubt","Defragment+1","Reinforced Body","Electrodynamics","Capacitor","Chaos","Sunder"],"relics":["Runic Dome","Golden Idol","CultistMask","Cables","Velvet Choker"],"potions_floor_usage":[16,20,22],"damage_taken":[{"damage":0,"enemies":"Cultist","floor":1,"turns":4},{"damage":1,"enemies":"Jaw Worm","floor":4,"turns":4},{"damage":4,"enemies":"Small Slimes","floor":7,"turns":4},{"damage":11,"enemies":"Exordium Thugs","floor":11,"turns":4},{"damage":13,"enemies":"3 Louse","floor":13,"turns":3},{"damage":4,"enemies":"Gremlin Gang","floor":14,"turns":6},{"damage":22,"enemies":"The Guardian","floor":16,"turns":9},{"damage":15,"enemies":"3 Byrds","floor":18,"turns":4},{"damage":2,"enemies":"2 Thieves","floor":20,"turns":3},{"damage":21,"enemies":"Centurion and Healer","floor":21,"turns":5},{"damage":27,"enemies":"Slaver and Parasite","floor":22,"turns":2}],"seed_played":"-7269502603391187702","potions_obtained":[{"floor":7,"key":"PowerPotion"},{"floor":11,"key":"Swift Potion"},{"floor":18,"key":"SkillPotion"},{"floor":20,"key":"SpeedPotion"}],"is_trial":false,"path_per_floor":["M","?","?","M","?","R","M","$","T","?","M","R","M","M","R","B",null,"M","?","M","M"],"character_chosen":"DEFECT","items_purchased":["Cold Snap"],"campfire_rested":1,"item_purchase_floors":[8],"current_hp_per_floor":[68,57,39,38,38,38,34,34,34,34,23,23,10,6,28,6,58,43,43,41,20,0],"gold":613,"neow_bonus":"BOSS_RELIC","is_prod":false,"is_daily":false,"chose_seed":false,"campfire_upgraded":2,"win_rate":0,"timestamp":1533814663,"path_taken":["M","?","?","M","?","R","?","?","T","?","M","R","M","M","R","BOSS","M","?","M","?","?"],"build_version":"2018-08-02","purchased_purges":0,"victory":false,"max_hp_per_floor":[75,75,75,75,75,75,75,75,75,75,75,75,75,75,75,75,75,75,75,75,75,75],"card_choices":[{"not_picked":["Steam","Recycle"],"picked":"Conserve Battery","floor":1},{"not_picked":["Turbo","Redo"],"picked":"Ball Lightning","floor":4},{"not_picked":["Hello World","Force Field"],"picked":"Doom and Gloom","floor":7},{"not_picked":["Leap","BootSequence"],"picked":"Defragment","floor":11},{"not_picked":["Doom and Gloom","Storm"],"picked":"Reinforced Body","floor":13},{"not_picked":["Steam Power","Undo","Steam"],"picked":"SKIP","floor":14},{"not_picked":["Rainbow","Echo Form"],"picked":"Electrodynamics","floor":16},{"not_picked":["Beam Cell","Gash+1"],"picked":"Capacitor","floor":18},{"not_picked":["Sweeping Beam+1","White Noise"],"picked":"Chaos","floor":20},{"not_picked":["Beam Cell+1","Gash"],"picked":"Sunder","floor":21}],"player_experience":219900,"relics_obtained":[{"floor":9,"key":"Cables"}],"event_choices":[{"event_name":"World of Goop","player_choice":"Gather Gold","floor":2,"damage_taken":0},{"event_name":"Golden Idol","player_choice":"Take Damage","floor":3,"damage_taken":0},{"event_name":"FaceTrader","player_choice":"Trade","floor":5,"damage_taken":0},{"event_name":"Liars Game","player_choice":"agreed","floor":10,"damage_taken":0},{"event_name":"Vampires","player_choice":"Ignored","floor":19,"damage_taken":0}],"is_beta":false,"boss_relics":[{"not_picked":["Busted Crown","White Beast Statue"],"picked":"Velvet Choker"}],"items_purged_floors":[],"is_endless":false,"potions_floor_spawned":[7,11,13,18,20,21],"killed_by":"Slaver and Parasite","ascension_level":11}