{"gold_per_floor":[118,138,154,154,169,201,201,235,262,274,28,28,39,55,55,160,160,179,193,15,195,35,35,60,60,60,60],"floor_reached":27,"playtime":822,"items_purged":[],"score":352,"play_id":"ec4cc888-9579-4581-a6cb-58dbd456b3c4","local_time":"20180923134422","is_ascension_mode":true,"campfire_choices":[{"floor":7.0,"key":"REST"},{"data":"Immolate","floor":12.0,"key":"SMITH"},{"data":"Shrug It Off","floor":15.0,"key":"SMITH"},{"floor":23,"key":"REST"}],"neow_cost":"TEN_PERCENT_HP_LOSS","seed_source_timestamp":3911782481681,"circlet_count":0,"master_deck":["Strike_R+1","Strike_R","Strike_R","Strike_R","Strike_R","Defend_R","Defend_R","Defend_R","Defend_R","Bash","Immolate+1","Cleave","Warcry+1","Thunderclap","Shrug It Off+1","Sword Boomerang","True Grit","Limit Break","Dual Wield","Inflame","Flex","Violence","Limit Break","Havoc+1","Headbutt"],"special_seed":0,"relics":["Burning Blood","Dream Catcher","Art of War","Pen Nib","Meat on the Bone","Orrery","Regal Pillow","Dead Branch"],"potions_floor_usage":[27,27],"damage_taken":[{"damage":8.0,"enemies":"Jaw Worm","floor":1.0,"turns":4.0},{"damage":0.0,"enemies":"2 Louse","floor":2.0,"turns":2.0},{"damage":1.0,"enemies":"Cultist","floor":3.0,"turns":3.0},{"damage":14.0,"enemies":"Red Slaver","floor":5.0,"turns":2.0},{"damage":39.0,"enemies":"Gremlin Nob","floor":6.0,"turns":5.0},{"damage":10.0,"enemies":"3 Sentries","floor":8.0,"turns":2.0},{"damage":13.0,"enemies":"Blue Slaver","floor":10.0,"turns":2.0},{"damage":7.0,"enemies":"Lots of Slimes","floor":13.0,"turns":2.0},{"damage":0.0,"enemies":"2 Fungi Beasts","floor":14.0,"turns":1.0},{"damage":0,"enemies":"Slime Boss","floor":16,"turns":8},{"damage":24,"enemies":"Spheric Guardian","floor":18,"turns":5},{"damage":28,"enemies":"2 Thieves","floor":19,"turns":4},{"damage":38,"enemies":"Gremlin Leader","floor":24,"turns":6},{"damage":24,"enemies":"Snake Plant","floor":27,"turns":1}],"seed_played":"-6090506493749739187","potions_obtained":[{"floor":2.0,"key":"SkillPotion"},{"floor":3.0,"key":"Strength Potion"},{"floor":8.0,"key":"Energy Potion"},{"floor":14.0,"key":"SpeedPotion"}],"is_trial":false,"path_per_floor":["M","M","M","?","M","E","R","E","T","M","$","R","M","M","R","B",null,"M","M","$","?","$","R","E","?","T"],"character_chosen":"IRONCLAD","items_purchased":["Meat on the Bone","Violence","Limit Break"],"campfire_rested":2,"item_purchase_floors":[11,20,22],"current_hp_per_floor":[70,72,72,58,50,17,38,34,34,27,27,27,38,44,44,50,72,54,44,44,23,23,44,24,24,24,0],"gold":60,"neow_bonus":"THREE_RARE_CARDS","is_prod":false,"is_daily":false,"chose_seed":false,"campfire_upgraded":2,"win_rate":0,"timestamp":1537681462,"path_taken":["M","M","M","?","?","E","R","E","T","M","?","R","M","?","R","BOSS","M","M","$","?","$","R","E","?","T","M"],"build_version":"2018-09-20","purchased_purges":0,"victory":false,"max_hp_per_floor":[72,72,72,72,72,72,72,72,72,72,72,72,72,72,72,72,72,72,72,72,72,72,72,72,72,72,72],"card_choices":[{"not_picked":["Bludgeon","Demon Form"],"picked":"Immolate","floor":0.0},{"not_picked":["Clothesline","Heavy Blade"],"picked":"Cleave","floor":1.0},{"not_picked":["Clothesline","Combust"],"picked":"Warcry","floor":2.0},{"not_picked":["Havoc","Anger"],"picked":"Thunderclap","floor":3.0},{"not_picked":["Clothesline","Berserk"],"picked":"Shrug It Off","floor":5.0},{"not_picked":["Dropkick","Armaments","Warcry"],"picked":"SKIP","floor":6.0},{"not_picked":["Body Slam","Perfected Strike","Fire Breathing"],"picked":"SKIP","floor":8.0},{"not_picked":["Twin Strike","Rage"],"picked":"Sword Boomerang","floor":10.0},{"not_picked":["Warcry","Pommel Strike","Iron Wave"],"picked":"SKIP","floor":13.0},{"not_picked":["Searing Blow","Cleave"],"picked":"True Grit","floor":14.0},{"not_picked":["Berserk","Fiend Fire"],"picked":"Limit Break","floor":16},{"not_picked":["Metallicize","Shrug It Off"],"picked":"Dual Wield","floor":17},{"not_picked":["Warcry","Carnage"],"picked":"Inflame","floor":17},{"not_picked":["Heavy Blade","True Grit"],"picked":"Flex","floor":17},{"not_picked":["Entrench+1","Clothesline","Clash"],"picked":"SKIP","floor":18},{"not_picked":["Carnage","Uppercut","Body Slam"],"picked":"SKIP","floor":19},{"not_picked":["Perfected Strike+1","Brutality"],"picked":"Havoc+1","floor":23},{"not_picked":["Thunderclap","Dual Wield"],"picked":"Headbutt","floor":24}],"player_experience":386517,"relics_obtained":[{"floor":6.0,"key":"Dream Catcher"},{"floor":8.0,"key":"Art of War"},{"floor":9.0,"key":"Pen Nib"},{"floor":24,"key":"Regal Pillow"},{"floor":26,"key":"Dead Branch"}],"event_choices":[{"event_name":"Shining Light","player_choice":"Entered Light","floor":4.0,"damage_taken":0.0},{"event_name":"Knowing Skull","player_choice":"GOLD GOLD ","floor":21,"damage_taken":0},{"event_name":"Vampires","player_choice":"Ignored","floor":25,"damage_taken":0}],"is_beta":true,"boss_relics":[{"not_picked":["Snecko Eye","Lizard Tail"],"picked":"Orrery"}],"items_purged_floors":[],"is_endless":false,"potions_floor_spawned":[2,3,8,14,24],"killed_by":"Snake Plant","ascension_level":4}