{"gold_per_floor":[111,131,131,131,145,145,155,155,166,166,247,247,3,31,45,64,64,64],"floor_reached":18,"playtime":681,"items_purged":[],"score":208,"play_id":"1e34f58d-c7f7-4508-bd80-b54c7d597b51","local_time":"20190308215121","is_ascension_mode":true,"campfire_choices":[{"data":"Toxin Wave","floor":8,"key":"SMITH"},{"data":"Neutralize","floor":10,"key":"SMITH"},{"data":"Crippling Poison","floor":17,"key":"SMITH"}],"neow_cost":"NONE","seed_source_timestamp":11898910895145,"circlet_count":0,"master_deck":["AscendersBane","Defend_G","Defend_G","Defend_G","Defend_G","Defend_G","Strike_G","Strike_G","Strike_G","Strike_G","Survivor","Neutralize+1","Toxin Wave+1","Tactician","Catalyst","Fluid Movement","Calculated Gamble","Backflip","Crippling Poison+1"],"relics":["Ring of the Snake","Onion Ring","Membership Card","Odd Mushroom"],"potions_floor_usage":[9],"damage_taken":[{"damage":5,"enemies":"Small Slimes","floor":1,"turns":8},{"damage":5,"enemies":"Jaw Worm","floor":2,"turns":6},{"damage":3,"enemies":"Cultist","floor":5,"turns":5},{"damage":17,"enemies":"Lots of Slimes","floor":7,"turns":5},{"damage":10,"enemies":"Red Slaver","floor":9,"turns":5},{"damage":14,"enemies":"The Mushroom Lair","floor":14,"turns":6},{"damage":0,"enemies":"2 Fungi Beasts","floor":15,"turns":3},{"damage":4,"enemies":"3 Louse","floor":16,"turns":2},{"damage":23,"enemies":"Hexaghost","floor":18,"turns":10}],"seed_played":"-7720111638958098303","potions_obtained":[{"floor":2,"key":"Adrenaline Potion"},{"floor":7,"key":"FearPotion"},{"floor":14,"key":"Ancient Potion"}],"is_trial":false,"path_per_floor":["M","M","PTL","PTL","M","?","M","R","M","R","T","?","$","?","M","M","R","B"],"character_chosen":"THE_SILENT","items_purchased":["Membership Card","Fluid Movement"],"campfire_rested":0,"item_purchase_floors":[13,13],"current_hp_per_floor":[54,49,49,49,46,46,29,29,19,19,19,41,41,27,27,23,23,0],"gold":64,"neow_bonus":"RANDOM_EVENT","is_prod":false,"is_daily":false,"chose_seed":false,"campfire_upgraded":3,"win_rate":0,"timestamp":1552053081,"path_taken":["M","M","PTL","PTL","M","?","M","R","M","R","T","?","$","?","?","M","R","BOSS"],"build_version":"2019-02-06","purchased_purges":0,"victory":false,"max_hp_per_floor":[66,66,66,66,66,66,66,66,66,66,66,66,66,66,66,66,66,66],"card_choices":[{"not_picked":["Bane","Setup","Quick Slash"],"picked":"SKIP","floor":1},{"not_picked":["Prepared","Finisher","Dodge and Roll"],"picked":"SKIP","floor":2},{"not_picked":["Dagger Spray","Deflect"],"picked":"Toxin Wave","floor":5},{"not_picked":["Hidden Blade","Tools of the Trade"],"picked":"Tactician","floor":7},{"not_picked":["Dagger Throw","Heel Hook"],"picked":"Catalyst","floor":9},{"not_picked":["Flying Knee","Backflip"],"picked":"Calculated Gamble","floor":14},{"not_picked":["Dagger Spray","Dagger Throw"],"picked":"Backflip","floor":15},{"not_picked":["Cloak And Dagger","Fluid Movement"],"picked":"Crippling Poison","floor":16}],"player_experience":831437,"relics_obtained":[{"floor":11,"key":"Onion Ring"},{"floor":14,"key":"Odd Mushroom"}],"event_choices":[{"damage_healed":0,"gold_gain":0,"player_choice":"Ignored","damage_taken":0,"max_hp_gain":0,"max_hp_loss":0,"event_name":"Liars Game","floor":6,"gold_loss":0},{"damage_healed":22,"gold_gain":0,"player_choice":"Banana","damage_taken":0,"max_hp_gain":0,"max_hp_loss":0,"event_name":"Big Fish","floor":12,"gold_loss":0},{"damage_healed":0,"gold_gain":0,"player_choice":"Fought Mushrooms","damage_taken":0,"max_hp_gain":0,"max_hp_loss":0,"event_name":"Mushrooms","floor":14,"gold_loss":0}],"is_beta":true,"boss_relics":[],"items_purged_floors":[],"is_endless":false,"potions_floor_spawned":[2,7,14,16],"killed_by":"Hexaghost","ascension_level":20}