{"gold_per_floor":[113,128,148,98,173,173,173,173,255,274,274,19,39,39,39,134,134,148,348,364,37,37,37,70,70],"floor_reached":25,"playtime":1246,"items_purged":["Strike_G"],"score":209,"play_id":"339328d7-ee70-4322-9aaa-b908ba0976b3","local_time":"20190809135111","is_ascension_mode":false,"campfire_choices":[{"data":"Neutralize","floor":6,"key":"SMITH"},{"floor":8,"key":"REST"},{"floor":15,"key":"REST"},{"data":"Noxious Fumes","floor":23,"key":"SMITH"}],"neow_cost":"NONE","seed_source_timestamp":150997092156551,"circlet_count":0,"master_deck":["Strike_G","Strike_G","Strike_G","Defend_G","Defend_G","Defend_G","Defend_G","Survivor","Neutralize+1","Bouncing Flask","Dodge and Roll","Deadly Poison","Poisoned Stab","Noxious Fumes+1","Glass Knife","Normality","Well Laid Plans+1","Backstab+1","Skewer","Infinite Blades+1"],"relics":["Ring of the Snake","Omamori","Dodecahedron","PreservedInsect","Question Card","Ninja Scroll","Calling Bell","Juzu Bracelet","Frozen Egg 2","Girya","Shuriken"],"potions_floor_usage":[13,13,18,24,24,24],"damage_taken":[{"damage":3,"enemies":"Jaw Worm","floor":1,"turns":7},{"damage":0,"enemies":"2 Louse","floor":2,"turns":3},{"damage":0,"enemies":"Small Slimes","floor":3,"turns":3},{"damage":3,"enemies":"Gremlin Gang","floor":10,"turns":6},{"damage":16,"enemies":"Large Slime","floor":13,"turns":6},{"damage":19,"enemies":"The Guardian","floor":16,"turns":8},{"damage":20,"enemies":"3 Byrds","floor":18,"turns":5},{"damage":5,"enemies":"Chosen","floor":20,"turns":5},{"damage":44,"enemies":"Slavers","floor":24,"turns":6},{"damage":0,"enemies":"Sentry and Sphere","floor":25,"turns":1}],"seed_played":"1053750924579639529","potions_obtained":[{"floor":2,"key":"Swift Potion"},{"floor":10,"key":"Swift Potion"},{"floor":16,"key":"Poison Potion"}],"is_trial":false,"path_per_floor":["M","M","M","?","?","R","?","R","T","M","?","$","M","?","R","B",null,"M","?","M","$","?","R","E","M"],"character_chosen":"THE_SILENT","items_purchased":["Question Card","Skewer","AttackPotion","Regen Potion","Dexterity Potion"],"campfire_rested":2,"item_purchase_floors":[12,21,21,21,21],"current_hp_per_floor":[67,67,67,67,56,56,49,70,70,67,64,64,48,48,69,50,70,50,50,45,45,70,70,41,41],"gold":70,"neow_bonus":"RANDOM_COMMON_RELIC","is_prod":false,"is_daily":false,"chose_seed":false,"campfire_upgraded":2,"win_rate":0.0,"timestamp":1565373071,"path_taken":["M","M","M","?","?","R","?","R","T","M","?","?","M","?","R","BOSS","M","?","M","$","?","R","E","M"],"build_version":"2019-07-17","purchased_purges":1,"victory":false,"max_hp_per_floor":[70,70,70,70,70,70,70,70,70,70,70,70,70,70,70,70,70,70,70,70,70,70,70,70,70],"card_choices":[{"not_picked":["Underhanded Strike","PiercingWail"],"picked":"Bouncing Flask","floor":1},{"not_picked":["Endless Agony","Blade Dance"],"picked":"Dodge and Roll","floor":2},{"not_picked":["Terror","Reflex"],"picked":"Deadly Poison","floor":3},{"not_picked":["Underhanded Strike","Heel Hook"],"picked":"Poisoned Stab","floor":10},{"not_picked":["Crippling Poison","Poisoned Stab","Outmaneuver"],"picked":"Noxious Fumes","floor":13},{"not_picked":["Unload","Die Die Die","Envenom"],"picked":"Glass Knife","floor":16},{"not_picked":["PiercingWail","Finisher+1","Quick Slash"],"picked":"Well Laid Plans+1","floor":18},{"not_picked":["Escape Plan","Slice+1","Prepared"],"picked":"Backstab+1","floor":20},{"not_picked":["Riddle With Holes","Well Laid Plans+1","Doppelganger"],"picked":"Infinite Blades+1","floor":24}],"player_experience":19071,"relics_obtained":[{"floor":9,"key":"Dodecahedron"},{"floor":17,"key":"Juzu Bracelet"},{"floor":17,"key":"Frozen Egg 2"},{"floor":17,"key":"Girya"},{"floor":24,"key":"Shuriken"}],"event_choices":[{"cards_removed":["Strike_G"],"damage_healed":0,"gold_gain":0,"player_choice":"Card Removal","damage_taken":0,"max_hp_gain":0,"max_hp_loss":0,"event_name":"The Cleric","floor":4,"gold_loss":50},{"damage_healed":0,"gold_gain":75,"player_choice":"Gather Gold","damage_taken":11,"max_hp_gain":0,"max_hp_loss":0,"event_name":"World of Goop","floor":5,"gold_loss":0},{"cards_removed":["Defend_G"],"damage_healed":0,"gold_gain":0,"player_choice":"Card Removal","damage_taken":7,"max_hp_gain":0,"max_hp_loss":0,"event_name":"Golden Wing","floor":7,"gold_loss":0},{"damage_healed":0,"gold_gain":0,"player_choice":"Success","damage_taken":3,"relics_obtained":["PreservedInsect"],"max_hp_gain":0,"max_hp_loss":0,"event_name":"Scrap Ooze","floor":11,"gold_loss":0},{"damage_healed":0,"gold_gain":0,"player_choice":"Searched \u00271\u0027 times","damage_taken":0,"relics_obtained":["Ninja Scroll"],"max_hp_gain":0,"max_hp_loss":0,"event_name":"Dead Adventurer","floor":14,"gold_loss":0},{"damage_healed":0,"gold_gain":250,"player_choice":"Bet on Owner","damage_taken":0,"max_hp_gain":0,"max_hp_loss":0,"event_name":"The Joust","floor":19,"gold_loss":50},{"damage_healed":25,"gold_gain":0,"player_choice":"Full Heal","damage_taken":0,"max_hp_gain":0,"max_hp_loss":0,"event_name":"Wheel of Change","floor":22,"gold_loss":0}],"is_beta":false,"boss_relics":[{"not_picked":["Velvet Choker","Astrolabe"],"picked":"Calling Bell"}],"items_purged_floors":[21],"is_endless":false,"potions_floor_spawned":[2,10,16],"killed_by":"Sentry and Sphere","ascension_level":0}