{"gold_per_floor":[111,111,124,4,4,4,15,15,15,35,66,66,20,36,36,36],"floor_reached":16,"playtime":360,"items_purged":[],"score":133,"play_id":"3bf61cbc-4ed2-491f-859b-9313ce474303","local_time":"20180724154810","is_ascension_mode":true,"campfire_choices":[{"data":"Capacitor","floor":6,"key":"SMITH"},{"data":"Leap","floor":8,"key":"SMITH"},{"floor":15,"key":"REST"}],"neow_cost":"NONE","seed_source_timestamp":5755483184906,"circlet_count":0,"master_deck":["Strike_B","Strike_B","Strike_B","Strike_B","Defend_B","Defend_B+1","Defend_B","Defend_B","Zap","Dualcast","Gash+1","Gash","Go for the Eyes","Capacitor+1","Leap+1","Hologram","Scrape","Turbo","Beam Cell"],"relics":["Cracked Core","NeowsBlessing","Bottled Tornado","Turnip"],"potions_floor_usage":[11,11],"damage_taken":[{"damage":0,"enemies":"2 Louse","floor":1,"turns":1},{"damage":0,"enemies":"Small Slimes","floor":3,"turns":1},{"damage":0,"enemies":"Jaw Worm","floor":5,"turns":1},{"damage":16,"enemies":"Exordium Thugs","floor":7,"turns":4},{"damage":17,"enemies":"Lots of Slimes","floor":10,"turns":4},{"damage":17,"enemies":"Gremlin Nob","floor":11,"turns":4},{"damage":0,"enemies":"Looter","floor":14,"turns":4},{"damage":29,"enemies":"Hexaghost","floor":16,"turns":7}],"seed_played":"8559088601774659496","potions_obtained":[{"floor":3,"key":"SkillPotion"},{"floor":10,"key":"Explosive Potion"},{"floor":11,"key":"FearPotion"}],"is_trial":false,"path_per_floor":["M","?","M","$","M","R","M","R","T","M","E","?","$","M","R"],"character_chosen":"DEFECT","items_purchased":["Go for the Eyes","Capacitor","Turbo"],"campfire_rested":1,"item_purchase_floors":[4,4,13],"current_hp_per_floor":[68,53,53,53,53,53,37,37,37,20,3,3,3,3,25,0],"gold":36,"neow_bonus":"THREE_ENEMY_KILL","is_prod":false,"is_daily":false,"chose_seed":false,"campfire_upgraded":2,"win_rate":0,"timestamp":1532418490,"path_taken":["M","?","M","?","?","R","?","R","T","M","E","?","?","?","R","BOSS"],"build_version":"2018-07-19v2","purchased_purges":0,"victory":false,"max_hp_per_floor":[75,75,75,75,75,75,75,75,75,75,75,75,75,75,75,75],"card_choices":[{"not_picked":["Ball Lightning","Melter"],"picked":"Gash","floor":1},{"not_picked":["Steam Power","Streamline"],"picked":"Gash","floor":3},{"not_picked":["Hello World","Go for the Eyes","Fusion"],"picked":"SKIP","floor":5},{"not_picked":["Rebound","Hologram"],"picked":"Leap","floor":7},{"not_picked":["Redo","Fusion"],"picked":"Hologram","floor":10},{"not_picked":["Rip and Tear","Conserve Battery"],"picked":"Scrape","floor":11},{"not_picked":["Redo","Steam"],"picked":"Beam Cell","floor":14}],"player_experience":171304,"relics_obtained":[{"floor":9,"key":"Bottled Tornado"},{"floor":11,"key":"Turnip"}],"event_choices":[{"event_name":"Shining Light","player_choice":"Entered Light","floor":2,"damage_taken":0},{"event_name":"Golden Wing","player_choice":"Ignored","floor":12,"damage_taken":0}],"is_beta":false,"boss_relics":[],"items_purged_floors":[],"is_endless":false,"potions_floor_spawned":[3,5,10,11],"killed_by":"Hexaghost","ascension_level":6}