{"gold_per_floor":[116,126,126,138,213,27,27,52,76,76,140,156,174,192,192,267,267,284,304,175,175,193,193,14,14,14,25,25],"floor_reached":28,"playtime":1021,"items_purged":["Sunder","Heatsinks"],"score":440,"play_id":"4e9e07ee-3d81-4854-a3db-36743ea7d599","local_time":"20181223121525","is_ascension_mode":true,"campfire_choices":[{"data":"Sunder","floor":7,"key":"SMITH"},{"data":"Trip","floor":10,"key":"SMITH"},{"floor":15,"key":"REST"},{"data":"Darkness","floor":23,"key":"SMITH"},{"floor":25,"key":"REST"}],"neow_cost":"NONE","seed_source_timestamp":3351321704917,"circlet_count":0,"master_deck":["AscendersBane","Zap+1","Dualcast+1","Leap","Cold Snap","Skim","Trip+1","Sunder+1","Reinforced Body","Streamline","Reinforced Body","Conserve Battery","Core Surge","Rainbow","Multi-Cast","Redo","Steam Power","Static Discharge","Hello World","Darkness","Turbo","Darkness+1","Leap+1","Glacier","Self Repair"],"special_seed":0,"relics":["Cracked Core","NeowsBlessing","Vajra","Centennial Puzzle","PreservedInsect","Pandora\u0027s Box","Girya"],"potions_floor_usage":[14,16,27,28],"damage_taken":[{"damage":0.0,"enemies":"2 Louse","floor":1.0,"turns":1.0},{"damage":0.0,"enemies":"Jaw Worm","floor":2.0,"turns":1.0},{"damage":0,"enemies":"Small Slimes","floor":4,"turns":1},{"damage":6,"enemies":"Lagavulin","floor":8,"turns":6},{"damage":14,"enemies":"3 Sentries","floor":11,"turns":6},{"damage":4,"enemies":"Blue Slaver","floor":12,"turns":2},{"damage":4,"enemies":"Lots of Slimes","floor":13,"turns":3},{"damage":0,"enemies":"2 Fungi Beasts","floor":14,"turns":2},{"damage":3,"enemies":"Slime Boss","floor":16,"turns":7},{"damage":29,"enemies":"Shell Parasite","floor":18,"turns":8},{"damage":8,"enemies":"2 Thieves","floor":19,"turns":3},{"damage":21,"enemies":"Centurion and Healer","floor":22,"turns":4},{"damage":10,"enemies":"Sentry and Sphere","floor":27,"turns":5},{"damage":16,"enemies":"Slavers","floor":28,"turns":1}],"seed_played":"6244008846810125968","potions_obtained":[{"floor":4,"key":"Block Potion"},{"floor":11,"key":"FocusPotion"},{"floor":14,"key":"SkillPotion"},{"floor":16,"key":"Explosive Potion"}],"is_trial":false,"path_per_floor":["M","M","?","M","?","$","R","E","T","R","?","M","M","M","R","B",null,"M","M","$","?","M","R","$","R","T","M","E"],"character_chosen":"DEFECT","items_purchased":["Trip","Sunder","Turbo","Glacier"],"campfire_rested":2,"item_purchase_floors":[6,6,20,24],"current_hp_per_floor":[64,64,43,43,32,32,32,26,26,26,12,8,4,4,25,22,59,30,22,22,22,1,1,1,22,22,12,0],"gold":25,"neow_bonus":"THREE_ENEMY_KILL","is_prod":false,"is_daily":false,"chose_seed":false,"campfire_upgraded":3,"win_rate":0,"timestamp":1545538525,"path_taken":["M","M","?","M","?","$","R","E","T","R","?","M","M","M","R","BOSS","M","M","$","?","M","R","$","R","T","?","E"],"build_version":"2018-12-20","purchased_purges":2,"victory":false,"max_hp_per_floor":[71,71,71,71,71,71,71,71,71,71,71,71,71,71,71,71,71,71,71,71,71,71,71,71,71,71,71,71],"card_choices":[{"not_picked":["Lockon","Scrape"],"picked":"Leap","floor":1.0},{"not_picked":["Rebound","Coolheaded"],"picked":"Cold Snap","floor":2.0},{"not_picked":["Steam","Coolheaded"],"picked":"Skim","floor":4},{"not_picked":["Barrage","Cold Snap"],"picked":"Reinforced Body","floor":8},{"not_picked":["Gash","Hello World"],"picked":"Streamline","floor":11},{"not_picked":["Beam Cell","Rebound"],"picked":"Reinforced Body","floor":12},{"not_picked":["Go for the Eyes","Recycle"],"picked":"Conserve Battery","floor":13},{"not_picked":["Gash","Coolheaded","Sweeping Beam"],"picked":"SKIP","floor":14},{"not_picked":["Fission","All For One"],"picked":"Core Surge","floor":16},{"not_picked":["Static Discharge","Hello World","Ball Lightning"],"picked":"SKIP","floor":18},{"not_picked":["Chill","Gash"],"picked":"Darkness","floor":19},{"not_picked":["Conserve Battery","Amplify"],"picked":"Leap+1","floor":22},{"not_picked":["Sweeping Beam","Streamline"],"picked":"Self Repair","floor":27}],"player_experience":634229,"relics_obtained":[{"floor":8,"key":"Vajra"},{"floor":9,"key":"Centennial Puzzle"},{"floor":11,"key":"PreservedInsect"},{"floor":26,"key":"Girya"}],"event_choices":[{"damage_healed":0,"gold_gain":0,"player_choice":"Entered Light","damage_taken":21,"max_hp_gain":0,"max_hp_loss":0,"event_name":"Shining Light","floor":3,"gold_loss":0,"cards_upgraded":["Zap","Dualcast"]},{"damage_healed":0,"gold_gain":75,"player_choice":"Gather Gold","damage_taken":11,"max_hp_gain":0,"max_hp_loss":0,"event_name":"World of Goop","floor":5,"gold_loss":0},{"damage_healed":0,"gold_gain":0,"player_choice":"Searched \u00271\u0027 times","damage_taken":0,"max_hp_gain":0,"max_hp_loss":0,"event_name":"Dead Adventurer","floor":11,"gold_loss":0},{"damage_healed":0,"gold_gain":0,"player_choice":"Copied","damage_taken":0,"max_hp_gain":0,"max_hp_loss":0,"event_name":"Duplicator","floor":21,"gold_loss":0,"cards_obtained":["Darkness"]}],"is_beta":true,"boss_relics":[{"not_picked":["Calling Bell","Tiny House"],"picked":"Pandora\u0027s Box"}],"items_purged_floors":[20,24],"is_endless":false,"potions_floor_spawned":[4,11,12,14,16,22],"killed_by":"Slavers","ascension_level":20}