{"gold_per_floor":[361,371,129,144,144,172,172,200,227,402,22,33,33,33,33,132,132,152,152,184,202,202,202,202],"floor_reached":24,"playtime":1099,"items_purged":[],"score":202,"play_id":"9dea22f0-5239-47b0-a3d9-8e59d5ea4b2d","local_time":"20190805104229","is_ascension_mode":false,"campfire_choices":[{"data":"Flex","floor":7,"key":"SMITH"},{"floor":13,"key":"REST"},{"floor":15,"key":"REST"},{"data":"Impervious","floor":23,"key":"SMITH"}],"neow_cost":"CURSE","seed_source_timestamp":1129687005595106,"circlet_count":0,"master_deck":["Strike_R+1","Strike_R+1","Strike_R+1","Strike_R+1","Strike_R+1","Defend_R+1","Defend_R+1","Defend_R+1","Defend_R+1","Bash","Injury","Clothesline","Flex+1","Reaper","Anger","Impervious+1","Anger","Pommel Strike"],"relics":["Burning Blood","Chemical X","Bag of Marbles","Omamori","Potion Belt","Pantograph","Black Star","Red Mask"],"potions_floor_usage":[18,21,24],"damage_taken":[{"damage":0,"enemies":"2 Louse","floor":1,"turns":4},{"damage":8,"enemies":"Jaw Worm","floor":2,"turns":5},{"damage":5,"enemies":"Small Slimes","floor":4,"turns":3},{"damage":22,"enemies":"Gremlin Nob","floor":6,"turns":4},{"damage":33,"enemies":"3 Sentries","floor":8,"turns":10},{"damage":17,"enemies":"Red Slaver","floor":12,"turns":5},{"damage":66,"enemies":"Slime Boss","floor":16,"turns":15},{"damage":32,"enemies":"3 Byrds","floor":18,"turns":8},{"damage":41,"enemies":"Masked Bandits","floor":20,"turns":6},{"damage":1,"enemies":"Chosen","floor":21,"turns":3},{"damage":62,"enemies":"Book of Stabbing","floor":24,"turns":6}],"seed_played":"-5383783803764075252","potions_obtained":[{"floor":1,"key":"GamblersBrew"},{"floor":4,"key":"Strength Potion"},{"floor":12,"key":"Energy Potion"}],"is_trial":false,"path_per_floor":["M","M","$","M","?","E","R","E","T","?","$","M","R","$","R","B",null,"M","?","?","M","?","R","E"],"character_chosen":"IRONCLAD","items_purchased":["Chemical X","Flex","Pantograph","Reaper"],"campfire_rested":2,"item_purchase_floors":[3,3,11,11],"current_hp_per_floor":[80,78,78,79,79,63,63,36,36,36,36,29,53,53,77,28,80,60,80,46,60,60,60,0],"gold":202,"neow_bonus":"TWO_FIFTY_GOLD","is_prod":false,"is_daily":false,"chose_seed":false,"campfire_upgraded":2,"win_rate":0,"timestamp":1565016149,"path_taken":["M","M","$","M","?","E","R","E","T","?","?","M","R","?","R","BOSS","M","?","?","M","?","R","E"],"build_version":"2019-06-28","purchased_purges":0,"victory":false,"max_hp_per_floor":[80,80,80,80,80,80,80,80,80,80,80,80,80,80,80,80,80,80,80,80,80,80,80,80],"card_choices":[{"not_picked":["Cleave","Reckless Charge"],"picked":"Clothesline","floor":1},{"not_picked":["True Grit","Burning Pact","Armaments"],"picked":"SKIP","floor":2},{"not_picked":["Heavy Blade","Wild Strike","Entrench"],"picked":"SKIP","floor":4},{"not_picked":["Twin Strike","Dual Wield","Power Through"],"picked":"SKIP","floor":6},{"not_picked":["True Grit","Evolve","Body Slam"],"picked":"SKIP","floor":8},{"not_picked":["Metallicize","Heavy Blade"],"picked":"Anger","floor":12},{"not_picked":["Offering","Limit Break"],"picked":"Impervious","floor":16},{"not_picked":["Wild Strike","Thunderclap"],"picked":"Anger","floor":18},{"not_picked":["Clash","Heavy Blade+1"],"picked":"Pommel Strike","floor":21}],"player_experience":20700,"relics_obtained":[{"floor":6,"key":"Bag of Marbles"},{"floor":8,"key":"Omamori"},{"floor":9,"key":"Potion Belt"},{"floor":20,"key":"Red Mask"}],"event_choices":[{"damage_healed":0,"gold_gain":0,"player_choice":"Leave","damage_taken":0,"max_hp_gain":0,"max_hp_loss":0,"event_name":"The Cleric","floor":5,"gold_loss":0},{"damage_healed":0,"gold_gain":175,"player_choice":"AGREE","damage_taken":0,"max_hp_gain":0,"max_hp_loss":0,"event_name":"Liars Game","floor":10,"gold_loss":0,"cards_obtained":["Doubt"]},{"damage_healed":26,"gold_gain":0,"player_choice":"Heal","damage_taken":0,"max_hp_gain":0,"max_hp_loss":0,"event_name":"The Library","floor":19,"gold_loss":0},{"damage_healed":0,"gold_gain":0,"player_choice":"Fought Bandits","damage_taken":0,"max_hp_gain":0,"max_hp_loss":0,"event_name":"Masked Bandits","floor":20,"gold_loss":0},{"damage_healed":0,"gold_gain":0,"player_choice":"Simplicity","damage_taken":0,"max_hp_gain":0,"max_hp_loss":0,"event_name":"Back to Basics","floor":22,"gold_loss":0,"cards_upgraded":["Strike_R","Strike_R","Strike_R","Strike_R","Strike_R","Defend_R","Defend_R","Defend_R","Defend_R"]}],"is_beta":true,"boss_relics":[{"not_picked":["Orrery","Lizard Tail"],"picked":"Black Star"}],"items_purged_floors":[],"is_endless":false,"potions_floor_spawned":[1,4,12],"killed_by":"Book of Stabbing","ascension_level":0}