{"gold_per_floor":[118,133,26,26,36,36,48,48,48,113,124,140,140,152,152,228,278,292,342,40,40,55,55,68,88,88,105,105,133,133,167,167,167],"floor_reached":33,"playtime":1285,"items_purged":["Strike_B"],"score":576,"play_id":"2db17698-647d-4e2b-9ad5-14644be765fe","local_time":"20190322225547","is_ascension_mode":true,"campfire_choices":[{"data":"Defragment","floor":6,"key":"SMITH"},{"data":"Buffer","floor":8,"key":"SMITH"},{"floor":13,"key":"REST"},{"data":"Darkness","floor":15,"key":"SMITH"},{"data":"Coolheaded","floor":23,"key":"SMITH"},{"floor":28,"key":"REST"},{"floor":30,"key":"REST"},{"data":"Consume","floor":32,"key":"SMITH"}],"neow_cost":"NONE","seed_source_timestamp":15441269419274,"circlet_count":0,"master_deck":["AscendersBane","Strike_B","Strike_B","Strike_B","Defend_B","Defend_B","Defend_B","Defend_B+1","Zap","Dualcast","Leap","Conserve Battery","Defragment+1","Doom and Gloom","Buffer+1","Core Surge","Coolheaded+1","Skim","Darkness+1","Echo Form","Capacitor","Consume+1","Self Repair","Redo+1","Multi-Cast","Turbo"],"relics":["Art of War","Ancient Tea Set","Question Card","Tiny House","Potion Belt","Nloth\u0027s Gift","Shuriken","Cables","DataDisk"],"potions_floor_usage":[10,16,29,29,29,31,31],"damage_taken":[{"damage":1,"enemies":"Cultist","floor":1,"turns":4},{"damage":4,"enemies":"Small Slimes","floor":2,"turns":3},{"damage":0,"enemies":"2 Louse","floor":5,"turns":2},{"damage":6,"enemies":"Lots of Slimes","floor":7,"turns":2},{"damage":35,"enemies":"3 Sentries","floor":10,"turns":7},{"damage":3,"enemies":"Exordium Wildlife","floor":11,"turns":5},{"damage":9,"enemies":"Red Slaver","floor":12,"turns":3},{"damage":10,"enemies":"Lots of Slimes","floor":14,"turns":4},{"damage":0,"enemies":"Hexaghost","floor":16,"turns":9},{"damage":2,"enemies":"Spheric Guardian","floor":18,"turns":5},{"damage":17,"enemies":"Shell Parasite","floor":22,"turns":9},{"damage":42,"enemies":"Sentry and Sphere","floor":24,"turns":8},{"damage":0,"enemies":"Snecko","floor":25,"turns":7},{"damage":32,"enemies":"Centurion and Healer","floor":27,"turns":7},{"damage":18,"enemies":"Book of Stabbing","floor":29,"turns":6},{"damage":26,"enemies":"Gremlin Leader","floor":31,"turns":9},{"damage":22,"enemies":"Collector","floor":33,"turns":2}],"seed_played":"58673915416581587","potions_obtained":[{"floor":2,"key":"GamblersBrew"},{"floor":5,"key":"Energy Potion"},{"floor":14,"key":"Regen Potion"},{"floor":16,"key":"Explosive Potion"},{"floor":17,"key":"Weak Potion"},{"floor":22,"key":"SpeedPotion"},{"floor":24,"key":"EssenceOfSteel"},{"floor":29,"key":"SteroidPotion"}],"is_trial":false,"path_per_floor":["M","M","$","?","M","R","M","R","T","?","M","M","R","M","R","B",null,"M","?","$","?","M","R","M","M","T","M","R","E","R","E","R","B"],"character_chosen":"DEFECT","items_purchased":["Defragment","Doom and Gloom","Self Repair","Potion Belt"],"campfire_rested":3,"item_purchase_floors":[3,3,20,20],"current_hp_per_floor":[63,59,59,59,59,59,53,53,53,18,15,6,27,17,17,32,66,64,64,64,64,54,54,19,33,33,8,30,19,41,22,22,0],"gold":167,"neow_bonus":"RANDOM_COMMON_RELIC","is_prod":false,"is_daily":false,"chose_seed":false,"campfire_upgraded":5,"win_rate":0,"timestamp":1553266547,"path_taken":["M","M","$","?","?","R","M","R","T","?","M","M","R","M","R","BOSS","M","?","$","?","?","R","M","M","T","M","R","E","R","E","R","BOSS"],"build_version":"2019-01-23","purchased_purges":1,"victory":false,"max_hp_per_floor":[71,71,71,71,71,71,71,71,71,71,71,71,71,71,71,71,76,76,76,76,76,76,76,76,76,76,76,76,76,76,76,76,76],"card_choices":[{"not_picked":["Barrage","Chaos"],"picked":"Leap","floor":1},{"not_picked":["Static Discharge","Auto Shields"],"picked":"Conserve Battery","floor":2},{"not_picked":["Stack","Hologram"],"picked":"Core Surge","floor":5},{"not_picked":["Compile Driver","Ball Lightning"],"picked":"Coolheaded","floor":7},{"not_picked":["Storm","Reinforced Body","Stack","Force Field"],"picked":"SKIP","floor":11},{"not_picked":["Compile Driver","Genetic Algorithm","Ball Lightning"],"picked":"Skim","floor":12},{"not_picked":["Hologram","Redo","Coolheaded"],"picked":"Darkness","floor":14},{"not_picked":["Amplify","Seek","Rainbow"],"picked":"Echo Form","floor":16},{"not_picked":["Aggregate","Gash","Go for the Eyes"],"picked":"Capacitor","floor":17},{"not_picked":["Sweeping Beam","Leap","Conserve Battery"],"picked":"Consume","floor":18},{"not_picked":["Sweeping Beam","Steam Power","Ball Lightning","Barrage"],"picked":"SKIP","floor":22},{"not_picked":["Stack","Ball Lightning","Barrage"],"picked":"Redo+1","floor":24},{"not_picked":["Cold Snap+1","Steam","Stack"],"picked":"Multi-Cast","floor":25},{"not_picked":["Darkness","Coolheaded","Sweeping Beam+1"],"picked":"Turbo","floor":27},{"not_picked":["Blizzard","Gash","Redo","Stack"],"picked":"SKIP","floor":29},{"not_picked":["Blizzard","Gash","Redo","Stack"],"picked":"SKIP","floor":29},{"not_picked":["Defragment","Beam Cell","Streamline+1","Thunder Strike"],"picked":"SKIP","floor":31}],"player_experience":872224,"relics_obtained":[{"floor":9,"key":"Ancient Tea Set"},{"floor":10,"key":"Question Card"},{"floor":26,"key":"Shuriken"},{"floor":29,"key":"Cables"},{"floor":31,"key":"DataDisk"}],"event_choices":[{"damage_healed":0,"gold_gain":0,"player_choice":"1 cards matched","damage_taken":0,"max_hp_gain":0,"max_hp_loss":0,"event_name":"Match and Keep!","floor":4,"gold_loss":0,"cards_obtained":["Buffer"]},{"damage_healed":0,"gold_gain":0,"player_choice":"Searched \u00271\u0027 times","damage_taken":0,"max_hp_gain":0,"max_hp_loss":0,"event_name":"Dead Adventurer","floor":10,"gold_loss":0},{"damage_healed":0,"gold_gain":50,"player_choice":"Stole From Cult","damage_taken":0,"max_hp_gain":0,"max_hp_loss":0,"event_name":"Nest","floor":19,"gold_loss":0},{"damage_healed":0,"gold_gain":0,"player_choice":"Traded Relic","damage_taken":0,"relics_obtained":["Nloth\u0027s Gift"],"max_hp_gain":0,"max_hp_loss":0,"event_name":"N\u0027loth","floor":21,"relics_lost":["Cracked Core"],"gold_loss":0}],"is_beta":false,"boss_relics":[{"not_picked":["Philosopher\u0027s Stone","Black Star"],"picked":"Tiny House"}],"items_purged_floors":[20],"is_endless":false,"potions_floor_spawned":[2,5,14,16,22,24,25,29],"killed_by":"Collector","ascension_level":15}