{"gold_per_floor":[134,134,134,149,149,199,211,223,260,272,314,356,368,415,427,539,551,548,560],"floor_reached":19,"playtime":1188,"items_purged":[],"score":183,"play_id":"5d5b1d3b-0e44-4e52-8591-0ce042bcb9d1","local_time":"20190809202943","daily_mods":["Allstar","Flight","Elite Swarm"],"is_ascension_mode":false,"campfire_choices":[{"floor":7,"key":"REST"},{"floor":10,"key":"REST"},{"floor":13,"key":"REST"},{"floor":15,"key":"REST"}],"neow_cost":"","seed_source_timestamp":0,"circlet_count":0,"master_deck":["Strike_B","Strike_B","Strike_B","Strike_B","Defend_B","Defend_B","Defend_B","Defend_B+1","Zap","Dualcast","Secret Weapon","Master of Strategy","HandOfGreed","Metamorphosis+1","Good Instincts","Streamline","Gash","All For One","Machine Learning","All For One","Go for the Eyes","Machine Learning","Doubt","Shame","Decay","Undo","Leap+1"],"special_seed":18118,"relics":["Cracked Core","PreservedInsect","Matryoshka","MawBank","NlothsMask","War Paint","Vajra","Bottled Flame","Calling Bell","Potion Belt","Question Card","Prayer Wheel"],"potions_floor_usage":[],"damage_taken":[{"damage":7,"enemies":"Small Slimes","floor":1,"turns":3},{"damage":0,"enemies":"2 Louse","floor":4,"turns":1},{"damage":26,"enemies":"3 Sentries","floor":6,"turns":4},{"damage":20,"enemies":"Gremlin Nob","floor":11,"turns":3},{"damage":21,"enemies":"Lagavulin","floor":12,"turns":4},{"damage":0,"enemies":"Cultist","floor":14,"turns":2},{"damage":27,"enemies":"Hexaghost","floor":16,"turns":7},{"damage":39,"enemies":"2 Thieves","floor":18,"turns":4},{"damage":43,"enemies":"Shell Parasite","floor":19,"turns":5}],"seed_played":"2585140164168515366","potions_obtained":[{"floor":1,"key":"Regen Potion"},{"floor":3,"key":"SteroidPotion"},{"floor":3,"key":"EntropicBrew"},{"floor":18,"key":"Energy Potion"}],"is_trial":false,"path_per_floor":["M","?","?","M","T","E","R","?","T","R","E","E","R","M","R","B",null,"M","M"],"character_chosen":"DEFECT","items_purchased":[],"campfire_rested":4,"item_purchase_floors":[],"current_hp_per_floor":[68,50,50,50,50,24,46,46,46,68,48,27,49,49,71,44,75,36,0],"gold":560,"neow_bonus":"","is_prod":false,"is_daily":true,"chose_seed":false,"campfire_upgraded":0,"win_rate":0,"timestamp":1565400583,"path_taken":["M","?","?","?","?","E","R","?","T","R","E","E","R","?","R","BOSS","M","?"],"build_version":"2019-07-17","purchased_purges":0,"victory":false,"max_hp_per_floor":[75,75,75,75,75,75,75,75,75,75,75,75,75,75,75,75,75,75,75],"card_choices":[{"not_picked":["Steam","Aggregate"],"picked":"Streamline","floor":1},{"not_picked":["Leap","Genetic Algorithm"],"picked":"Gash","floor":4},{"not_picked":["Machine Learning","Seek"],"picked":"All For One","floor":6},{"not_picked":["Meteor Strike","Rainbow"],"picked":"Machine Learning","floor":11},{"not_picked":["Biased Cognition","Multi-Cast"],"picked":"All For One","floor":12},{"not_picked":["Coolheaded","Capacitor"],"picked":"Go for the Eyes","floor":14},{"not_picked":["Core Surge","Thunder Strike"],"picked":"Machine Learning","floor":16},{"not_picked":["Barrage+1","Static Discharge","Leap"],"picked":"Undo","floor":18},{"not_picked":["Ball Lightning+1","Compile Driver","Rip and Tear"],"picked":"Leap+1","floor":18}],"player_experience":92477,"relics_obtained":[{"floor":5,"key":"Matryoshka"},{"floor":6,"key":"MawBank"},{"floor":9,"key":"War Paint"},{"floor":11,"key":"Vajra"},{"floor":12,"key":"Bottled Flame"},{"floor":17,"key":"Potion Belt"},{"floor":17,"key":"Question Card"},{"floor":17,"key":"Prayer Wheel"}],"event_choices":[{"damage_healed":0,"gold_gain":0,"player_choice":"Success","damage_taken":18,"relics_obtained":["PreservedInsect"],"max_hp_gain":0,"max_hp_loss":0,"event_name":"Scrap Ooze","floor":2,"gold_loss":0},{"damage_healed":0,"gold_gain":0,"player_choice":"Got Potions","damage_taken":0,"max_hp_gain":0,"max_hp_loss":0,"event_name":"Lab","floor":3,"gold_loss":0},{"damage_healed":0,"gold_gain":0,"player_choice":"Trade","damage_taken":0,"relics_obtained":["NlothsMask"],"max_hp_gain":0,"max_hp_loss":0,"event_name":"FaceTrader","floor":8,"gold_loss":0}],"is_beta":false,"boss_relics":[{"not_picked":["Runic Pyramid","Velvet Choker"],"picked":"Calling Bell"}],"items_purged_floors":[],"is_endless":false,"potions_floor_spawned":[1,4,11,18],"killed_by":"Shell Parasite","ascension_level":0}