{"gold_per_floor":[111,111,39,55,75,75,91,91,137,160,68,79,96,96,96,201,201,212,9,9,9,24,55,55,87,87,87,103,103,133,79,79,79],"floor_reached":33,"playtime":1613,"items_purged":[],"score":454,"play_id":"333b4b77-0fa5-4db0-ab84-6f9c10ccd797","local_time":"20180813121326","is_ascension_mode":true,"campfire_choices":[{"data":"Multi-Cast","floor":6.0,"key":"SMITH"},{"data":"Dualcast","floor":8.0,"key":"SMITH"},{"data":"Defragment","floor":15.0,"key":"SMITH"},{"data":"Seek","floor":24,"key":"SMITH"},{"data":"Tempest","floor":29,"key":"SMITH"},{"data":"Transmutation","floor":32,"key":"SMITH"}],"neow_cost":"NONE","seed_source_timestamp":0,"circlet_count":0,"master_deck":["Zap","Dualcast+1","AscendersBane","Streamline","Cold Snap","Gash","Hologram","Multi-Cast+1","Redo","Defragment+1","Defragment","Ball Lightning","FTL","Ball Lightning","Seek+1","Coolheaded","Reprogram","Sweeping Beam","Gash","Loop","Auto Shields","Go for the Eyes","Stack","Transmutation+1","Tempest+1","Reinforced Body","Static Discharge+1","Doom and Gloom","Turbo"],"special_seed":0,"relics":["Coffee Dripper","FaceOfCleric","Dream Catcher","Odd Mushroom","Pandora\u0027s Box","Anchor","Omamori","Mummified Hand","Du-Vu Doll"],"potions_floor_usage":[23,28],"damage_taken":[{"damage":0.0,"enemies":"Small Slimes","floor":1.0,"turns":3.0},{"damage":0.0,"enemies":"Cultist","floor":4.0,"turns":3.0},{"damage":4.0,"enemies":"Jaw Worm","floor":5.0,"turns":4.0},{"damage":10.0,"enemies":"Exordium Wildlife","floor":7.0,"turns":3.0},{"damage":19.0,"floor":10.0,"turns":6.0},{"damage":21.0,"enemies":"Blue Slaver","floor":12.0,"turns":3.0},{"damage":18.0,"enemies":"Lots of Slimes","floor":13.0,"turns":3.0},{"damage":7.0,"enemies":"Slime Boss","floor":16.0,"turns":6.0},{"damage":10.0,"enemies":"3 Byrds","floor":18.0,"turns":3.0},{"damage":9.0,"enemies":"2 Thieves","floor":22.0,"turns":3.0},{"damage":35,"enemies":"Book of Stabbing","floor":23,"turns":5},{"damage":17,"enemies":"Gremlin Leader","floor":25,"turns":5},{"damage":1,"enemies":"Chosen and Byrds","floor":28,"turns":6},{"damage":26,"enemies":"Book of Stabbing","floor":30,"turns":3},{"damage":22,"enemies":"Collector","floor":33,"turns":2}],"seed_played":"-6818957029787349295","potions_obtained":[{"floor":10.0,"key":"Explosive Potion"},{"floor":12.0,"key":"PowerPotion"},{"floor":18.0,"key":"SkillPotion"},{"floor":25,"key":"Swift Potion"},{"floor":30,"key":"LiquidBronze"}],"is_trial":false,"path_per_floor":["M","?","$","M","M","R","M","R","T","?","$","M","M","?","R","B",null,"M","$","?","?","M","E","R","E","T","?","M","R","E","$","R"],"character_chosen":"DEFECT","items_purchased":["Cold Snap","Gash","Defragment","Ball Lightning","Transmutation","Turbo"],"campfire_rested":0,"item_purchase_floors":[3,3,11,11,19,31],"current_hp_per_floor":[68,68,68,69,66,66,57,57,57,39,39,19,2,29,29,23,67,58,58,58,83,75,41,41,29,29,29,29,29,4,4,4,0],"gold":79,"neow_bonus":"BOSS_RELIC","is_prod":false,"is_daily":false,"chose_seed":false,"campfire_upgraded":6,"win_rate":0,"timestamp":1534133606,"path_taken":["M","?","$","M","M","R","M","R","T","?","?","?","M","?","R","BOSS","M","$","?","?","?","E","R","E","T","?","M","R","E","?","R","BOSS"],"build_version":"2018-08-09","purchased_purges":0,"victory":false,"max_hp_per_floor":[75,75,75,76,77,77,78,78,78,79,79,80,81,81,81,82,82,83,83,83,83,84,85,85,86,86,86,87,87,88,88,88,88],"card_choices":[{"not_picked":["Beam Cell","Sweeping Beam"],"picked":"Streamline","floor":1.0},{"not_picked":["Redo","Compile Driver"],"picked":"Hologram","floor":4.0},{"not_picked":["Fusion","Stack"],"picked":"Multi-Cast","floor":5.0},{"not_picked":["BootSequence","Compile Driver"],"picked":"Redo","floor":7.0},{"not_picked":["Gash","Rebound"],"picked":"Defragment","floor":10.0},{"not_picked":["Leap","Hyperbeam"],"picked":"FTL","floor":12.0},{"not_picked":["Sweeping Beam","Storm"],"picked":"Ball Lightning","floor":13.0},{"not_picked":["Core Surge","Machine Learning"],"picked":"Seek","floor":16.0},{"not_picked":["Barrage","Leap"],"picked":"Stack","floor":18.0},{"not_picked":["Go for the Eyes","Redo"],"picked":"Tempest","floor":22.0},{"not_picked":["Redo","Go for the Eyes","Hologram"],"picked":"SKIP","floor":23},{"not_picked":["Conserve Battery","Gash"],"picked":"Reinforced Body","floor":25},{"not_picked":["All For One","Tempest"],"picked":"Static Discharge+1","floor":28},{"not_picked":["Stack","Darkness"],"picked":"Doom and Gloom","floor":30}],"player_experience":235652,"relics_obtained":[{"floor":9.0,"key":"Dream Catcher"},{"floor":10.0,"key":"Odd Mushroom"},{"floor":23,"key":"Anchor"},{"floor":25,"key":"Omamori"},{"floor":26,"key":"Mummified Hand"},{"floor":30,"key":"Du-Vu Doll"}],"event_choices":[{"event_name":"FaceTrader","player_choice":"Trade","floor":2.0,"damage_taken":0.0},{"event_name":"Mushrooms","player_choice":"Fought Mushrooms","floor":10.0,"damage_taken":0.0},{"event_name":"Big Fish","player_choice":"Banana","floor":14.0,"damage_taken":0.0},{"event_name":"Beggar","player_choice":"Ignored","floor":20.0,"damage_taken":0.0},{"event_name":"Bonfire Elementals","player_choice":"UNCOMMON","floor":21.0,"damage_taken":0.0},{"event_name":"Vampires","player_choice":"Ignored","floor":27,"damage_taken":0}],"is_beta":false,"boss_relics":[{"not_picked":["Lizard Tail","Sozu"],"picked":"Pandora\u0027s Box"}],"items_purged_floors":[],"is_endless":false,"potions_floor_spawned":[10,12,13,18,25,30],"killed_by":"Collector","ascension_level":11}