{"gold_per_floor":[112,128,54,54,72,72,88,88,114,114,125,137,149,168,168,168],"floor_reached":16,"playtime":478,"items_purged":[],"score":154,"play_id":"cb867719-ab6a-4978-af75-905bb05be7c3","local_time":"20180830135424","is_ascension_mode":true,"campfire_choices":[{"data":"Dualcast","floor":6,"key":"SMITH"},{"data":"Lockon","floor":8,"key":"SMITH"},{"data":"Redo","floor":10,"key":"SMITH"},{"floor":15,"key":"REST"}],"neow_cost":"NONE","seed_source_timestamp":21492014428502,"circlet_count":0,"master_deck":["Strike_B","Strike_B","Strike_B","Strike_B","Defend_B","Defend_B","Defend_B","Defend_B","Zap","Dualcast+1","AscendersBane","Tempest","Coolheaded","Lockon+1","Redo+1","Conserve Battery","Cold Snap","Redo","Hologram","FTL"],"relics":["Nuclear Battery","Vajra"],"potions_floor_usage":[14],"damage_taken":[{"damage":18,"enemies":"Jaw Worm","floor":1,"turns":4},{"damage":0,"enemies":"Small Slimes","floor":2,"turns":2},{"damage":14,"enemies":"2 Louse","floor":5,"turns":3},{"damage":0,"enemies":"Large Slime","floor":7,"turns":3},{"damage":4,"enemies":"Exordium Wildlife","floor":11,"turns":2},{"damage":21,"enemies":"Exordium Thugs","floor":12,"turns":3},{"damage":6,"enemies":"Looter","floor":13,"turns":3},{"damage":1,"enemies":"Blue Slaver","floor":14,"turns":2},{"damage":33,"enemies":"The Guardian","floor":16,"turns":5}],"seed_played":"-832352791030450583","potions_obtained":[{"floor":5,"key":"SteroidPotion"},{"floor":7,"key":"Regen Potion"}],"is_trial":false,"path_per_floor":["M","M","$","?","M","R","M","R","T","R","M","M","M","M","R"],"character_chosen":"DEFECT","items_purchased":["Lockon"],"campfire_rested":1,"item_purchase_floors":[3],"current_hp_per_floor":[50,50,50,50,36,36,36,36,36,36,32,11,5,9,31,0],"gold":168,"neow_bonus":"BOSS_RELIC","is_prod":false,"is_daily":false,"chose_seed":false,"campfire_upgraded":3,"win_rate":0,"timestamp":1535608464,"path_taken":["M","M","$","?","M","R","M","R","T","R","M","M","M","M","R","BOSS"],"build_version":"2018-08-28","purchased_purges":0,"victory":false,"max_hp_per_floor":[75,75,75,75,75,75,75,75,75,75,75,75,75,75,75,75],"card_choices":[{"not_picked":["Stack","Static Discharge"],"picked":"Tempest","floor":1},{"not_picked":["Stack","Cold Snap"],"picked":"Coolheaded","floor":2},{"not_picked":["Reprogram","Leap"],"picked":"Redo","floor":5},{"not_picked":["Rip and Tear","Coolheaded"],"picked":"Conserve Battery","floor":7},{"not_picked":["Sweeping Beam","Hello World"],"picked":"Cold Snap","floor":11},{"not_picked":["Ball Lightning","Storm"],"picked":"Redo","floor":12},{"not_picked":["Beam Cell","Hyperbeam"],"picked":"Hologram","floor":13},{"not_picked":["Go for the Eyes","Static Discharge"],"picked":"FTL","floor":14}],"player_experience":277303,"relics_obtained":[{"floor":9,"key":"Vajra"}],"event_choices":[{"event_name":"The Cleric","player_choice":"Leave","floor":4,"damage_taken":0}],"is_beta":true,"boss_relics":[],"items_purged_floors":[],"is_endless":false,"potions_floor_spawned":[5,7,12],"killed_by":"The Guardian","ascension_level":12}