{"gold_per_floor":[109,63,43,59,70,101,101,127,152,152,327,327,327,356,356,458,458,474,492,3,3,14,45,63,63],"floor_reached":25,"playtime":3465,"items_purged":["Doubt"],"score":239,"play_id":"2b7a2cce-3cd0-4556-a426-4c90a7579f92","local_time":"20190810170457","is_ascension_mode":false,"campfire_choices":[{"data":"Armaments","floor":7.0,"key":"SMITH"},{"data":"Anger","floor":10.0,"key":"SMITH"},{"data":"Blood for Blood","floor":13.0,"key":"SMITH"},{"data":"Rupture","floor":15.0,"key":"SMITH"}],"neow_cost":"NONE","seed_source_timestamp":0,"circlet_count":0,"master_deck":["Strike_R","Strike_R","Strike_R","Strike_R","Strike_R","Defend_R","Defend_R","Defend_R+1","Defend_R","Bash","Anger+1","Armaments+1","Flex","Juggernaut+1","Metallicize","Blood for Blood+1","Rupture+1","Reaper","Pommel Strike","Heavy Blade+1","Clothesline+1","Mind Blast+1","RitualDagger+1","Bloodletting+1","Warcry"],"special_seed":0,"relics":["Burning Blood","Strawberry","Potion Belt","Juzu Bracelet","Bronze Scales","Boot","Busted Crown","Molten Egg 2","War Paint"],"potions_floor_usage":[23,24,24,25],"damage_taken":[{"damage":1.0,"enemies":"Cultist","floor":1.0,"turns":3.0},{"damage":2.0,"enemies":"2 Louse","floor":4.0,"turns":3.0},{"damage":8.0,"enemies":"Jaw Worm","floor":5.0,"turns":3.0},{"damage":28.0,"enemies":"3 Sentries","floor":6.0,"turns":8.0},{"damage":13.0,"enemies":"Gremlin Nob","floor":8.0,"turns":4.0},{"damage":20.0,"enemies":"Lagavulin","floor":14.0,"turns":5.0},{"damage":12.0,"enemies":"Hexaghost","floor":16.0,"turns":8.0},{"damage":17,"enemies":"Shell Parasite","floor":18,"turns":5},{"damage":5,"enemies":"Chosen","floor":19,"turns":4},{"damage":19,"enemies":"Centurion and Healer","floor":22,"turns":3},{"damage":45,"enemies":"Gremlin Leader","floor":23,"turns":7},{"damage":16,"enemies":"Snecko","floor":24,"turns":4},{"damage":47,"enemies":"3 Cultists","floor":25,"turns":4}],"seed_played":"6299346138792905995","potions_obtained":[{"floor":1.0,"key":"AttackPotion"},{"floor":3.0,"key":"Weak Potion"},{"floor":6.0,"key":"SteroidPotion"},{"floor":14.0,"key":"Ancient Potion"},{"floor":16.0,"key":"BloodPotion"},{"floor":18,"key":"SpeedPotion"},{"floor":23,"key":"Strength Potion"}],"is_trial":false,"path_per_floor":["M","$","?","M","M","E","R","E","T","R","?","?","R","E","R","B",null,"M","M","$","?","M","E","M","M"],"character_chosen":"IRONCLAD","items_purchased":["Armaments","Molten Egg 2","Strength Potion","Clothesline+1","Mind Blast+1"],"campfire_rested":0,"item_purchase_floors":[2,20,20,20,20],"current_hp_per_floor":[87,87,87,87,85,63,63,56,56,56,56,56,56,42,42,36,87,76,77,77,71,58,19,30,0],"gold":63,"neow_bonus":"RANDOM_COMMON_RELIC","is_prod":false,"is_daily":false,"chose_seed":false,"campfire_upgraded":4,"win_rate":0.0,"timestamp":1565471097,"path_taken":["M","$","?","M","M","E","R","E","T","R","?","?","R","E","R","BOSS","M","M","$","?","M","E","M","M"],"build_version":"2019-07-17","purchased_purges":1,"victory":false,"max_hp_per_floor":[87,87,87,87,87,87,87,87,87,87,87,87,87,87,87,87,87,87,87,87,87,87,87,87,87],"card_choices":[{"not_picked":["Sword Boomerang","Warcry"],"picked":"Anger","floor":1.0},{"not_picked":["True Grit","Disarm"],"picked":"Flex","floor":4.0},{"not_picked":["Entrench","Thunderclap"],"picked":"Juggernaut","floor":5.0},{"not_picked":["Infernal Blade","Warcry"],"picked":"Metallicize","floor":6.0},{"not_picked":["Impervious","Clash"],"picked":"Blood for Blood","floor":8.0},{"not_picked":["Perfected Strike","Infernal Blade"],"picked":"Rupture","floor":14.0},{"not_picked":["Bludgeon","Brutality"],"picked":"Reaper","floor":16.0},{"not_picked":[],"picked":"Pommel Strike","floor":18},{"not_picked":[],"picked":"Heavy Blade+1","floor":19},{"not_picked":[],"picked":"Bloodletting","floor":22},{"not_picked":[],"picked":"Warcry","floor":23},{"not_picked":["Combust"],"picked":"SKIP","floor":24}],"player_experience":43134,"relics_obtained":[{"floor":6.0,"key":"Potion Belt"},{"floor":8.0,"key":"Juzu Bracelet"},{"floor":9.0,"key":"Bronze Scales"},{"floor":14.0,"key":"Boot"},{"floor":23,"key":"War Paint"}],"event_choices":[{"damage_healed":0.0,"max_hp_gain":0.0,"max_hp_loss":0.0,"gold_gain":0.0,"event_name":"The Woman in Blue","player_choice":"Bought 1 Potion","floor":3.0,"gold_loss":0.0,"damage_taken":0.0},{"damage_healed":0.0,"max_hp_gain":0.0,"max_hp_loss":0.0,"gold_gain":175.0,"event_name":"Liars Game","player_choice":"AGREE","floor":11.0,"gold_loss":0.0,"damage_taken":0.0,"cards_obtained":["Doubt"]},{"damage_healed":0.0,"max_hp_gain":0.0,"max_hp_loss":0.0,"gold_gain":0.0,"event_name":"Upgrade Shrine","player_choice":"Upgraded","floor":12.0,"gold_loss":0.0,"damage_taken":0.0,"cards_upgraded":["Juggernaut"]},{"damage_healed":0,"gold_gain":0,"player_choice":"Joined the Cult","damage_taken":6,"max_hp_gain":0,"max_hp_loss":0,"event_name":"Nest","floor":21,"gold_loss":0,"cards_obtained":["RitualDagger"]}],"is_beta":false,"boss_relics":[{"not_picked":["Cursed Key","Black Blood"],"picked":"Busted Crown"}],"items_purged_floors":[20],"is_endless":false,"potions_floor_spawned":[1,6,14,16,18,23],"killed_by":"3 Cultists","ascension_level":0}