{"gold_per_floor":[117,137,62,76,95,95,120,136,136,167,167,182,182,182,182,286,286,305,334,28,38,54,54,66,66,66,79,79,94,9,9,9,9],"floor_reached":33,"playtime":2568,"items_purged":["Strike_R","Defend_R"],"score":309,"play_id":"8a2269b2-0bbd-4ac4-bb87-d9630453af43","local_time":"20190809163737","is_ascension_mode":false,"campfire_choices":[{"data":"Perfected Strike","floor":6,"key":"SMITH"},{"floor":11,"key":"REST"},{"data":"Double Tap","floor":15,"key":"SMITH"},{"data":"Apotheosis","floor":23,"key":"SMITH"},{"data":"Bash","floor":25,"key":"SMITH"},{"data":"True Grit","floor":28,"key":"SMITH"},{"floor":32,"key":"REST"}],"neow_cost":"NONE","seed_source_timestamp":1559762007350200,"circlet_count":0,"master_deck":["Strike_R+1","Strike_R+1","Strike_R+1","Strike_R+1","Defend_R+1","Defend_R+1","Defend_R+1","Bash+1","Battle Trance","Spot Weakness","Perfected Strike+1","Pommel Strike","Shrug It Off+1","True Grit","Double Tap+1","Pommel Strike+1","Perfected Strike+1","Barricade","Wild Strike+1","Twin Strike+1","Wild Strike+1","Apotheosis+1","Pommel Strike+1","Twin Strike+1","Wild Strike+1","True Grit+1","Flex"],"relics":["Burning Blood","Bronze Scales","Prayer Wheel","Molten Egg 2","Pocketwatch","Sozu","Red Mask","Bag of Preparation","PreservedInsect"],"potions_floor_usage":[],"damage_taken":[{"damage":0,"enemies":"Cultist","floor":1,"turns":4},{"damage":7,"enemies":"Small Slimes","floor":2,"turns":5},{"damage":0,"enemies":"2 Louse","floor":4,"turns":2},{"damage":13,"enemies":"Red Slaver","floor":5,"turns":3},{"damage":36,"enemies":"Lagavulin","floor":7,"turns":9},{"damage":5,"enemies":"Looter","floor":8,"turns":4},{"damage":32,"enemies":"Gremlin Nob","floor":10,"turns":5},{"damage":0,"enemies":"3 Louse","floor":12,"turns":3},{"damage":0,"enemies":"Slime Boss","floor":16,"turns":3},{"damage":7,"enemies":"Shell Parasite","floor":18,"turns":4},{"damage":41,"enemies":"Masked Bandits","floor":19,"turns":4},{"damage":0,"enemies":"Chosen","floor":21,"turns":4},{"damage":12,"enemies":"Centurion and Healer","floor":22,"turns":5},{"damage":0,"enemies":"Snake Plant","floor":24,"turns":1},{"damage":6,"enemies":"Shelled Parasite and Fungi","floor":27,"turns":5},{"damage":6,"enemies":"Snecko","floor":29,"turns":3},{"damage":124,"enemies":"Collector","floor":33,"turns":7}],"seed_played":"-1966821523443278806","potions_obtained":[{"floor":4,"key":"Poison Potion"},{"floor":7,"key":"Swift Potion"},{"floor":10,"key":"FairyPotion"}],"is_trial":false,"path_per_floor":["M","M","$","M","M","R","E","M","T","E","R","M","?","?","R","B",null,"M","?","$","M","M","R","M","R","T","M","R","M","?","?","R","B"],"character_chosen":"IRONCLAD","items_purchased":["Wild Strike+1","Apotheosis"],"campfire_rested":2,"item_purchase_floors":[20,20],"current_hp_per_floor":[88,87,87,88,81,81,51,52,52,26,52,58,40,40,40,46,88,87,52,52,58,52,52,58,58,58,58,58,58,58,58,84,0],"gold":9,"neow_bonus":"TEN_PERCENT_HP_BONUS","is_prod":false,"is_daily":false,"chose_seed":false,"campfire_upgraded":5,"win_rate":0.0,"timestamp":1565361457,"path_taken":["M","M","$","?","M","R","E","M","T","E","R","M","?","?","R","BOSS","M","?","$","M","M","R","M","R","T","M","R","M","?","?","R","BOSS"],"build_version":"2019-07-17","purchased_purges":2,"victory":false,"max_hp_per_floor":[88,88,88,88,88,88,88,88,88,88,88,88,88,88,88,88,88,88,88,88,88,88,88,88,88,88,88,88,88,88,88,88,88],"card_choices":[{"not_picked":["Warcry","Intimidate"],"picked":"Battle Trance","floor":1},{"not_picked":["Feel No Pain","Flex"],"picked":"Spot Weakness","floor":2},{"not_picked":["Headbutt","Pommel Strike"],"picked":"Perfected Strike","floor":4},{"not_picked":["Combust","Headbutt"],"picked":"Pommel Strike","floor":5},{"not_picked":["Heavy Blade","Fire Breathing"],"picked":"Shrug It Off","floor":7},{"not_picked":["Fire Breathing","Seeing Red"],"picked":"True Grit","floor":8},{"not_picked":["Heavy Blade","Thunderclap"],"picked":"Double Tap","floor":10},{"not_picked":["Heavy Blade+1","Flex"],"picked":"Pommel Strike+1","floor":12},{"not_picked":["Dropkick+1","Pommel Strike+1"],"picked":"Perfected Strike+1","floor":12},{"not_picked":["Brutality","Fiend Fire+1"],"picked":"Barricade","floor":16},{"not_picked":["Sword Boomerang+1","Body Slam+1"],"picked":"Wild Strike+1","floor":18},{"not_picked":["Dropkick+1","Intimidate"],"picked":"Twin Strike+1","floor":18},{"not_picked":["Warcry","Sword Boomerang+1","Flex"],"picked":"SKIP","floor":21},{"not_picked":["Headbutt+1","Anger+1","Heavy Blade+1"],"picked":"SKIP","floor":21},{"not_picked":["Cleave+1","Twin Strike+1"],"picked":"Pommel Strike+1","floor":22},{"not_picked":["Flex","Infernal Blade","Fire Breathing+1"],"picked":"SKIP","floor":22},{"not_picked":["Iron Wave+1","Intimidate"],"picked":"Twin Strike+1","floor":24},{"not_picked":["Reaper+1","Bloodletting","Rampage+1"],"picked":"SKIP","floor":24},{"not_picked":["Clothesline+1","Heavy Blade+1"],"picked":"Wild Strike+1","floor":27},{"not_picked":["Perfected Strike+1","Hemokinesis+1"],"picked":"True Grit","floor":27},{"not_picked":["Clash+1","Hemokinesis+1"],"picked":"Flex","floor":29},{"not_picked":["Sword Boomerang+1","Rampage+1","Cleave+1"],"picked":"SKIP","floor":29}],"player_experience":350955,"relics_obtained":[{"floor":7,"key":"Bronze Scales"},{"floor":9,"key":"Prayer Wheel"},{"floor":10,"key":"Molten Egg 2"},{"floor":19,"key":"Red Mask"},{"floor":26,"key":"Bag of Preparation"}],"event_choices":[{"damage_healed":0,"gold_gain":0,"player_choice":"Success","damage_taken":18,"relics_obtained":["Pocketwatch"],"max_hp_gain":0,"max_hp_loss":0,"event_name":"Scrap Ooze","floor":13,"gold_loss":0},{"damage_healed":0,"gold_gain":0,"player_choice":"Forge","damage_taken":0,"max_hp_gain":0,"max_hp_loss":0,"event_name":"Accursed Blacksmith","floor":14,"gold_loss":0,"cards_upgraded":["Shrug It Off"]},{"damage_healed":0,"gold_gain":0,"player_choice":"Fought Bandits","damage_taken":0,"max_hp_gain":0,"max_hp_loss":0,"event_name":"Masked Bandits","floor":19,"gold_loss":0},{"damage_healed":0,"gold_gain":0,"player_choice":"Obtained Relic","damage_taken":0,"relics_obtained":["PreservedInsect"],"max_hp_gain":0,"max_hp_loss":0,"event_name":"Addict","floor":30,"gold_loss":85},{"damage_healed":0,"gold_gain":0,"player_choice":"Simplicity","damage_taken":0,"max_hp_gain":0,"max_hp_loss":0,"event_name":"Back to Basics","floor":31,"gold_loss":0,"cards_upgraded":["Strike_R","Strike_R","Strike_R","Strike_R","Defend_R","Defend_R","Defend_R"]}],"is_beta":false,"boss_relics":[{"not_picked":["Fusion Hammer","White Beast Statue"],"picked":"Sozu"}],"items_purged_floors":[3,20],"is_endless":false,"potions_floor_spawned":[4,7,10,18,22,24,29],"killed_by":"Collector","ascension_level":0}