{"gold_per_floor":[116,134,134,134,134,134,177,177,226,251,251],"floor_reached":11,"playtime":323,"items_purged":[],"score":142,"play_id":"a0b17e03-9a03-40cf-af77-9d5c031a3e35","local_time":"20190119194320","is_ascension_mode":true,"campfire_choices":[{"data":"Chaos","floor":6,"key":"SMITH"},{"data":"Coolheaded","floor":8,"key":"SMITH"}],"neow_cost":"NONE","seed_source_timestamp":4287649324658,"circlet_count":0,"master_deck":["AscendersBane","Strike_B","Strike_B","Strike_B","Defend_B","Defend_B","Defend_B","Defend_B","Zap","Dualcast","Amplify","Chaos+1","Glacier","Coolheaded+1","Conserve Battery"],"relics":["Cracked Core","Golden Idol","Matryoshka","Frozen Egg 2","Art of War","Potion Belt"],"potions_floor_usage":[11],"damage_taken":[{"damage":2,"enemies":"2 Louse","floor":1,"turns":2},{"damage":7,"enemies":"Jaw Worm","floor":2,"turns":3},{"damage":17,"enemies":"Lagavulin","floor":7,"turns":7},{"damage":5,"enemies":"Small Slimes","floor":10,"turns":4},{"damage":9,"enemies":"Gremlin Gang","floor":11,"turns":3}],"seed_played":"4117576750664700694","potions_obtained":[{"floor":2,"key":"Energy Potion"},{"floor":10,"key":"Regen Potion"}],"is_trial":false,"path_per_floor":["M","M","?","?","T","R","E","R","T","M","M"],"character_chosen":"DEFECT","items_purchased":[],"campfire_rested":0,"item_purchase_floors":[],"current_hp_per_floor":[62,55,60,34,34,34,17,17,17,12,12],"gold":251,"neow_bonus":"TRANSFORM_CARD","is_prod":false,"is_daily":false,"chose_seed":false,"campfire_upgraded":2,"win_rate":0,"timestamp":1547898200,"path_taken":["M","M","?","?","?","R","E","R","T","M","M"],"build_version":"2019-01-17","purchased_purges":0,"victory":false,"max_hp_per_floor":[71,71,76,76,76,76,76,76,76,76,76],"card_choices":[{"not_picked":["Turbo","Reinforced Body"],"picked":"Chaos","floor":1},{"not_picked":["Beam Cell","Go for the Eyes"],"picked":"Glacier","floor":2},{"not_picked":["Scrape","Skim"],"picked":"Coolheaded","floor":7},{"not_picked":["Turbo","Beam Cell"],"picked":"Conserve Battery","floor":10}],"player_experience":683013,"relics_obtained":[{"floor":5,"key":"Matryoshka"},{"floor":7,"key":"Frozen Egg 2"},{"floor":9,"key":"Art of War"},{"floor":9,"key":"Potion Belt"}],"event_choices":[{"damage_healed":0,"gold_gain":0,"player_choice":"Donut","damage_taken":0,"max_hp_gain":5,"max_hp_loss":0,"event_name":"Big Fish","floor":3,"gold_loss":0},{"damage_healed":0,"gold_gain":0,"player_choice":"Take Damage","damage_taken":26,"relics_obtained":["Golden Idol"],"max_hp_gain":0,"max_hp_loss":0,"event_name":"Golden Idol","floor":4,"gold_loss":0}],"is_beta":true,"boss_relics":[],"items_purged_floors":[],"is_endless":false,"potions_floor_spawned":[2,10],"killed_by":"Gremlin Gang","ascension_level":20}