{"gold_per_floor":[118,135,210,160,180,207,207,225,251,273,273,283,51,77,77,172,172,182,37,37,37,14,14,30,30,77,177,26,36,50,25,25,25],"floor_reached":33,"playtime":37807,"items_purged":["Strike_R","Strike_R","Strike_R"],"score":253,"play_id":"e9d4072d-7b3e-4dc8-a356-ac4e2b8eaf47","local_time":"20190808002645","is_ascension_mode":false,"campfire_choices":[{"floor":7,"key":"REST"},{"floor":11,"key":"REST"},{"floor":15,"key":"REST"},{"floor":23,"key":"REST"},{"data":"Armaments","floor":25,"key":"SMITH"},{"floor":32,"key":"REST"}],"neow_cost":"NONE","seed_source_timestamp":1366121212272800,"circlet_count":0,"master_deck":["Strike_R","Defend_R","Defend_R","Defend_R","Defend_R+1","Bash","Purity","True Grit+1","Pommel Strike","Pommel Strike","Thunderclap","Sword Boomerang","Armaments+1","Headbutt","Rupture","Offering","Iron Wave","Shrug It Off","Armaments","Pommel Strike","Flex","Shrug It Off","Clothesline","Shrug It Off"],"relics":["Burning Blood","Lantern","Centennial Puzzle","Odd Mushroom","Pen Nib","Bag of Preparation","Velvet Choker","Enchiridion","War Paint"],"potions_floor_usage":[],"damage_taken":[{"damage":3,"enemies":"2 Louse","floor":1,"turns":3},{"damage":5,"enemies":"Small Slimes","floor":2,"turns":7},{"damage":6,"enemies":"Jaw Worm","floor":5,"turns":5},{"damage":43,"enemies":"Lagavulin","floor":6,"turns":8},{"damage":6,"enemies":"2 Fungi Beasts","floor":8,"turns":3},{"damage":24,"enemies":"The Mushroom Lair","floor":10,"turns":7},{"damage":0,"enemies":"Looter","floor":12,"turns":3},{"damage":22,"enemies":"3 Sentries","floor":14,"turns":12},{"damage":73,"enemies":"The Guardian","floor":16,"turns":17},{"damage":22,"enemies":"3 Byrds","floor":18,"turns":5},{"damage":6,"enemies":"Spheric Guardian","floor":24,"turns":3},{"damage":7,"enemies":"3 Cultists","floor":29,"turns":5},{"damage":7,"enemies":"Snecko","floor":30,"turns":4},{"damage":92,"enemies":"Collector","floor":33,"turns":10}],"seed_played":"-3975549549798229251","potions_obtained":[{"floor":2,"key":"Dexterity Potion"},{"floor":5,"key":"Swift Potion"},{"floor":6,"key":"Dexterity Potion"},{"floor":12,"key":"SteroidPotion"}],"is_trial":false,"path_per_floor":["M","M","?","?","M","E","R","M","T","?","R","M","$","E","R","B",null,"M","$","?","?","$","R","M","R","T","?","$","M","M","$","R","B"],"character_chosen":"IRONCLAD","items_purchased":["Pen Nib","Shrug It Off","Armaments","Flex","Shrug It Off"],"campfire_rested":5,"item_purchase_floors":[13,19,22,28,31],"current_hp_per_floor":[80,80,69,69,69,32,56,56,56,38,62,68,68,52,76,9,80,64,64,48,33,33,58,58,58,58,58,58,57,56,56,81,0],"gold":25,"neow_bonus":"RANDOM_COLORLESS","is_prod":false,"is_daily":false,"chose_seed":false,"campfire_upgraded":1,"win_rate":0.0,"timestamp":1565216805,"path_taken":["M","M","?","?","M","E","R","M","T","?","R","?","$","E","R","BOSS","M","$","?","?","?","R","M","R","T","?","$","?","M","$","R","BOSS"],"build_version":"2019-07-17","purchased_purges":3,"victory":false,"max_hp_per_floor":[80,80,80,80,80,80,80,80,80,80,80,80,80,80,80,80,80,80,80,80,85,85,85,85,85,85,85,85,85,85,85,85,85],"card_choices":[{"not_picked":["Burning Pact","Intimidate"],"picked":"True Grit","floor":1},{"not_picked":["Rupture","Clothesline"],"picked":"Pommel Strike","floor":2},{"not_picked":["Warcry","Body Slam"],"picked":"Pommel Strike","floor":5},{"not_picked":["Fire Breathing","Feel No Pain"],"picked":"Thunderclap","floor":6},{"not_picked":["Clash","Anger"],"picked":"Sword Boomerang","floor":8},{"not_picked":["Reaper","Headbutt"],"picked":"Armaments","floor":10},{"not_picked":["Fire Breathing","Thunderclap"],"picked":"Headbutt","floor":12},{"not_picked":["Bludgeon","Flame Barrier"],"picked":"Rupture","floor":14},{"not_picked":["Dark Embrace","Limit Break"],"picked":"Offering","floor":16},{"not_picked":["Whirlwind","Sever Soul"],"picked":"Iron Wave","floor":18},{"not_picked":["Inflame","Thunderclap"],"picked":"Pommel Strike","floor":24},{"not_picked":["Hemokinesis","Fire Breathing+1"],"picked":"Shrug It Off","floor":29},{"not_picked":["Heavy Blade+1","Searing Blow"],"picked":"Clothesline","floor":30}],"player_experience":239934,"relics_obtained":[{"floor":6,"key":"Lantern"},{"floor":9,"key":"Centennial Puzzle"},{"floor":10,"key":"Odd Mushroom"},{"floor":14,"key":"Bag of Preparation"},{"floor":20,"key":"Enchiridion"},{"floor":26,"key":"War Paint"}],"event_choices":[{"damage_healed":0,"gold_gain":75,"player_choice":"Gather Gold","damage_taken":11,"max_hp_gain":0,"max_hp_loss":0,"event_name":"World of Goop","floor":3,"gold_loss":0},{"cards_removed":["Strike_R"],"damage_healed":0,"gold_gain":0,"player_choice":"Card Removal","damage_taken":0,"max_hp_gain":0,"max_hp_loss":0,"event_name":"The Cleric","floor":4,"gold_loss":50},{"damage_healed":0,"gold_gain":0,"player_choice":"Fought Mushrooms","damage_taken":0,"max_hp_gain":0,"max_hp_loss":0,"event_name":"Mushrooms","floor":10,"gold_loss":0},{"damage_healed":0,"gold_gain":0,"player_choice":"Obtained Book","damage_taken":16,"max_hp_gain":0,"max_hp_loss":0,"event_name":"Cursed Tome","floor":20,"gold_loss":0},{"damage_healed":0,"gold_gain":0,"player_choice":"Shed Blood","damage_taken":20,"max_hp_gain":5,"max_hp_loss":0,"event_name":"Forgotten Altar","floor":21,"gold_loss":0},{"damage_healed":0,"gold_gain":100,"player_choice":"Pray","damage_taken":0,"max_hp_gain":0,"max_hp_loss":0,"event_name":"Golden Shrine","floor":27,"gold_loss":0}],"is_beta":false,"boss_relics":[{"not_picked":["Tiny House","Philosopher\u0027s Stone"],"picked":"Velvet Choker"}],"items_purged_floors":[13,19,28],"is_endless":false,"potions_floor_spawned":[2,5,6,12,14,24,29],"killed_by":"Collector","ascension_level":0}