{"gold_per_floor":[115,115,130,130,208,208,219,219,219,247,265,285,318,171,171,267,267,279,314,328,338,338,363,363,110,110,121,121,121,148,12,12,113,113,132,144,1143,1158,1172,1192,1192],"floor_reached":41,"playtime":2075,"items_purged":[],"score":567,"play_id":"abf14ef3-6566-422c-a752-cff0e87340dc","local_time":"20190808103128","is_ascension_mode":true,"campfire_choices":[{"data":"Infernal Blade","floor":6,"key":"SMITH"},{"data":"Perfected Strike","floor":15,"key":"SMITH"},{"floor":24,"key":"REST"},{"data":"Fiend Fire","floor":29,"key":"SMITH"},{"data":"Impervious","floor":32,"key":"SMITH"}],"neow_cost":"NONE","seed_source_timestamp":1387249478589137,"circlet_count":0,"master_deck":["Strike_R","Strike_R","Strike_R","Strike_R+1","Strike_R","Defend_R+1","Defend_R","Defend_R+1","Bash","Uppercut+1","Infernal Blade+1","Ghostly Armor","Perfected Strike+1","Cleave","Clash","Wild Strike","Fiend Fire+1","Pommel Strike+1","Thunderclap+1","Power Through+1","Flex","Heavy Blade+1","Fiend Fire","Seeing Red+1","Impervious+1","Feed","Infernal Blade+1","Body Slam+1","Normality","Normality","Battle Trance"],"relics":["Burning Blood","NeowsBlessing","War Paint","Happy Flower","Bag of Preparation","Orichalcum","Mark of Pain","Red Mask","Self Forming Clay","Bottled Flame","Bronze Scales","Frozen Egg 2","Lizard Tail"],"potions_floor_usage":[11,11,16,16,23,30,33,33,33,39,40],"damage_taken":[{"damage":0,"enemies":"2 Louse","floor":1,"turns":1},{"damage":0,"enemies":"Jaw Worm","floor":3,"turns":1},{"damage":0,"enemies":"Small Slimes","floor":7,"turns":1},{"damage":14,"enemies":"Gremlin Nob","floor":10,"turns":3},{"damage":0,"enemies":"3 Louse","floor":11,"turns":3},{"damage":6,"enemies":"Large Slime","floor":12,"turns":5},{"damage":15,"enemies":"Lagavulin","floor":13,"turns":5},{"damage":0,"enemies":"Slime Boss","floor":16,"turns":4},{"damage":8,"enemies":"2 Thieves","floor":18,"turns":3},{"damage":18,"enemies":"Masked Bandits","floor":19,"turns":4},{"damage":0,"enemies":"Chosen","floor":20,"turns":3},{"damage":20,"enemies":"Shelled Parasite and Fungi","floor":21,"turns":7},{"damage":47,"enemies":"Gremlin Leader","floor":23,"turns":8},{"damage":0,"enemies":"Snecko","floor":27,"turns":3},{"damage":2,"enemies":"Book of Stabbing","floor":30,"turns":3},{"damage":66,"enemies":"Automaton","floor":33,"turns":9},{"damage":0,"enemies":"3 Shapes","floor":35,"turns":2},{"damage":0,"enemies":"Orb Walker","floor":36,"turns":2},{"damage":25,"enemies":"Sphere and 2 Shapes","floor":38,"turns":4},{"damage":39,"enemies":"Transient","floor":39,"turns":5},{"damage":10,"enemies":"Jaw Worm Horde","floor":40,"turns":3},{"damage":126,"enemies":"Giant Head","floor":41,"turns":9}],"seed_played":"-3889255108903846211","potions_obtained":[{"floor":1,"key":"FearPotion"},{"floor":10,"key":"SkillPotion"},{"floor":12,"key":"FearPotion"},{"floor":13,"key":"Strength Potion"},{"floor":21,"key":"Weak Potion"},{"floor":23,"key":"EssenceOfSteel"},{"floor":28,"key":"SkillPotion"},{"floor":28,"key":"Explosive Potion"},{"floor":30,"key":"SpeedPotion"},{"floor":35,"key":"BloodPotion"},{"floor":36,"key":"Weak Potion"}],"is_trial":false,"path_per_floor":["M","?","M","?","?","R","M","?","T","E","M","M","E","$","R","B",null,"M","?","M","M","?","E","R","$","T","M","?","R","E","$","R","B",null,"M","M","?","M","M","M","E"],"character_chosen":"IRONCLAD","items_purchased":["Orichalcum","Bottled Flame","Impervious"],"campfire_rested":1,"item_purchase_floors":[14,25,31],"current_hp_per_floor":[80,64,70,70,70,70,76,76,76,68,74,74,65,65,65,71,80,78,66,72,58,80,39,63,63,63,69,69,69,73,73,73,13,80,80,80,80,61,28,44,0],"gold":1192,"neow_bonus":"THREE_ENEMY_KILL","is_prod":false,"is_daily":false,"chose_seed":false,"campfire_upgraded":4,"win_rate":0,"timestamp":1565274688,"path_taken":["M","?","M","?","?","R","M","?","T","E","M","?","E","$","R","BOSS","M","?","M","M","?","E","R","$","T","M","?","R","E","$","R","BOSS","M","?","?","M","M","M","E"],"build_version":"2019-06-28","purchased_purges":0,"victory":false,"max_hp_per_floor":[80,80,80,80,80,80,80,80,80,80,80,80,80,80,80,80,80,80,80,80,80,80,80,80,80,80,80,80,80,80,80,80,80,80,80,80,80,80,80,80,80],"card_choices":[{"not_picked":["Reckless Charge","Warcry"],"picked":"Uppercut","floor":1},{"not_picked":["Feel No Pain","Battle Trance"],"picked":"Infernal Blade","floor":3},{"not_picked":["Body Slam","Clash"],"picked":"Ghostly Armor","floor":7},{"not_picked":["True Grit","Heavy Blade"],"picked":"Cleave","floor":10},{"not_picked":["Havoc","Sentinel"],"picked":"Clash","floor":11},{"not_picked":["Thunderclap","Bloodletting","Body Slam"],"picked":"SKIP","floor":12},{"not_picked":["Sentinel","Combust"],"picked":"Wild Strike","floor":13},{"not_picked":["Exhume","Juggernaut"],"picked":"Fiend Fire","floor":16},{"not_picked":["Sword Boomerang","Iron Wave+1"],"picked":"Pommel Strike+1","floor":18},{"not_picked":["True Grit","Body Slam"],"picked":"Thunderclap+1","floor":19},{"not_picked":["Perfected Strike","Armaments"],"picked":"Power Through+1","floor":20},{"not_picked":["Pommel Strike+1","Rage"],"picked":"Flex","floor":21},{"not_picked":["Evolve","Dual Wield"],"picked":"Heavy Blade+1","floor":23},{"not_picked":["Twin Strike+1","Clothesline"],"picked":"Fiend Fire","floor":27},{"not_picked":["Flex","Armaments"],"picked":"Seeing Red+1","floor":30},{"not_picked":["Demon Form+1","Barricade+1"],"picked":"Feed","floor":33},{"not_picked":["Armaments+1","Sever Soul"],"picked":"Infernal Blade+1","floor":35},{"not_picked":["Evolve+1","Clothesline","Body Slam+1"],"picked":"SKIP","floor":36},{"not_picked":["Evolve+1","Clothesline"],"picked":"Body Slam+1","floor":36},{"not_picked":["Wild Strike","Headbutt","Evolve+1"],"picked":"SKIP","floor":38},{"not_picked":["True Grit","Headbutt+1"],"picked":"Battle Trance","floor":39},{"not_picked":["Blood for Blood+1","Anger","Barricade+1"],"picked":"SKIP","floor":40}],"player_experience":53540,"relics_obtained":[{"floor":9,"key":"War Paint"},{"floor":10,"key":"Happy Flower"},{"floor":13,"key":"Bag of Preparation"},{"floor":19,"key":"Red Mask"},{"floor":23,"key":"Self Forming Clay"},{"floor":26,"key":"Bronze Scales"},{"floor":30,"key":"Frozen Egg 2"}],"event_choices":[{"damage_healed":0,"gold_gain":0,"player_choice":"Entered Light","damage_taken":16,"max_hp_gain":0,"max_hp_loss":0,"event_name":"Shining Light","floor":2,"gold_loss":0,"cards_upgraded":["Strike_R","Uppercut"]},{"damage_healed":0,"gold_gain":0,"player_choice":"Leave","damage_taken":0,"max_hp_gain":0,"max_hp_loss":0,"event_name":"The Cleric","floor":4,"gold_loss":0},{"damage_healed":0,"gold_gain":78,"player_choice":"Gained Gold","damage_taken":0,"max_hp_gain":0,"max_hp_loss":0,"event_name":"Golden Wing","floor":5,"gold_loss":0},{"damage_healed":0,"gold_gain":0,"cards_transformed":["Defend_R"],"player_choice":"Transformed","damage_taken":0,"max_hp_gain":0,"max_hp_loss":0,"event_name":"Transmorgrifier","floor":8,"gold_loss":0,"cards_obtained":["Perfected Strike"]},{"damage_healed":0,"gold_gain":0,"player_choice":"Fought Bandits","damage_taken":0,"max_hp_gain":0,"max_hp_loss":0,"event_name":"Masked Bandits","floor":19,"gold_loss":0},{"damage_healed":26,"gold_gain":0,"player_choice":"Heal","damage_taken":0,"max_hp_gain":0,"max_hp_loss":0,"event_name":"The Library","floor":22,"gold_loss":0},{"damage_healed":0,"gold_gain":0,"player_choice":"Got Potions","damage_taken":0,"max_hp_gain":0,"max_hp_loss":0,"event_name":"Lab","floor":28,"gold_loss":0},{"damage_healed":0,"gold_gain":999,"player_choice":"Gold","damage_taken":0,"max_hp_gain":0,"max_hp_loss":0,"event_name":"MindBloom","floor":37,"gold_loss":0,"cards_obtained":["Normality","Normality"]}],"is_beta":true,"boss_relics":[{"not_picked":["Runic Dome","Coffee Dripper"],"picked":"Mark of Pain"},{"not_picked":["Velvet Choker","Orrery"],"picked":"Lizard Tail"}],"items_purged_floors":[],"is_endless":false,"potions_floor_spawned":[1,10,12,13,21,23,30,35,36],"killed_by":"Giant Head","ascension_level":2}