{"gold_per_floor":[110,110,122,141,141,141,141,141,141,158,170,186,197,47,47,118,118,134,169,37,37,55,55,55,55,79,79,79,79,23,35,35,113,113,130,144,155,5,5,30,30,56,56,56,66,86,102,117,117,117],"floor_reached":50,"playtime":2375,"items_purged":["Strike_B","Strike_B"],"score":1138,"play_id":"b3d48fb4-9160-4fbe-bc85-5030d73e7f1d","local_time":"20190302123359","is_ascension_mode":true,"campfire_choices":[{"data":"Streamline","floor":6.0,"key":"SMITH"},{"data":"Zap","floor":8.0,"key":"SMITH"},{"data":"Hologram","floor":15.0,"key":"SMITH"},{"data":"Buffer","floor":23.0,"key":"SMITH"},{"data":"Genetic Algorithm","floor":25.0,"key":"SMITH"},{"data":"Thunder Strike","floor":29.0,"key":"SMITH"},{"data":"Seek","floor":32.0,"key":"SMITH"},{"data":"Beam Cell","floor":41.0,"key":"SMITH"},{"data":"Coolheaded","floor":44.0,"key":"SMITH"},{"floor":49.0,"key":"RECALL"}],"neow_cost":"NONE","seed_source_timestamp":14637192191720,"circlet_count":0,"master_deck":["AscendersBane","Strike_B","Defend_B","Defend_B","Defend_B","Defend_B","Zap+1","Dualcast","Hologram+1","Streamline+1","Chill","Genetic Algorithm+1","FTL","Hologram+1","Buffer+1","Thunder Strike+1","Turbo+1","Auto Shields","Seek+1","All For One","Redo+1","Hologram","Beam Cell+1","Impatience","Stack+1","Coolheaded+1","Recycle","Steam+1"],"special_seed":0,"relics":["Cracked Core","NeowsBlessing","CultistMask","Dream Catcher","Coffee Dripper","Red Mask","Calipers","Unceasing Top","Cursed Key","Kunai","Shuriken"],"potions_floor_usage":[50,50],"damage_taken":[{"damage":0.0,"enemies":"Jaw Worm","floor":1.0,"turns":1.0},{"damage":0.0,"enemies":"Cultist","floor":3.0,"turns":1.0},{"damage":0.0,"enemies":"Small Slimes","floor":4.0,"turns":1.0},{"damage":2.0,"enemies":"2 Fungi Beasts","floor":10.0,"turns":2.0},{"damage":9.0,"enemies":"Blue Slaver","floor":11.0,"turns":3.0},{"damage":7.0,"enemies":"Large Slime","floor":12.0,"turns":4.0},{"damage":1.0,"enemies":"Looter","floor":13.0,"turns":3.0},{"damage":9.0,"enemies":"Slime Boss","floor":16.0,"turns":9.0},{"damage":0.0,"enemies":"Spheric Guardian","floor":18.0,"turns":3.0},{"damage":0.0,"enemies":"Masked Bandits","floor":19.0,"turns":1.0},{"damage":16.0,"enemies":"Chosen","floor":22.0,"turns":5.0},{"damage":0.0,"enemies":"Centurion and Healer","floor":31.0,"turns":8.0},{"damage":20.0,"enemies":"Automaton","floor":33.0,"turns":10.0},{"damage":0.0,"enemies":"3 Shapes","floor":35.0,"turns":3.0},{"damage":9.0,"enemies":"3 Darklings","floor":36.0,"turns":6.0},{"damage":13.0,"enemies":"4 Shapes","floor":37.0,"turns":7.0},{"damage":0.0,"enemies":"Giant Head","floor":40.0,"turns":6.0},{"damage":0.0,"enemies":"Nemesis","floor":42.0,"turns":4.0},{"damage":0.0,"enemies":"Sphere and 2 Shapes","floor":45.0,"turns":3.0},{"damage":0.0,"enemies":"Transient","floor":46.0,"turns":6.0},{"damage":0.0,"enemies":"Maw","floor":47.0,"turns":5.0},{"damage":0.0,"enemies":"Spire Growth","floor":48.0,"turns":7.0},{"damage":47,"enemies":"Donu and Deca","floor":50,"turns":7}],"seed_played":"-1021974391434394575","potions_obtained":[{"floor":10.0,"key":"Poison Potion"},{"floor":11.0,"key":"Energy Potion"},{"floor":16.0,"key":"LiquidBronze"},{"floor":18.0,"key":"AttackPotion"},{"floor":36.0,"key":"Energy Potion"},{"floor":40.0,"key":"EssenceOfSteel"},{"floor":48.0,"key":"SteroidPotion"}],"is_trial":false,"path_per_floor":["M","?","M","M","?","R","?","R","T","M","M","M","M","$","R","B",null,"M","?","$","?","M","R","T","R","T","?","T","R","$","M","R","B",null,"M","M","M","$","?","E","R","E","T","R","M","M","M","M","R","B"],"character_chosen":"DEFECT","items_purchased":["Buffer","SkillPotion","SkillPotion","Beam Cell"],"campfire_rested":0,"item_purchase_floors":[14,20,30,38],"current_hp_per_floor":[64,64,64,64,64,64,64,64,64,62,53,46,45,45,45,36,62,62,62,62,62,46,46,46,46,46,46,46,46,46,46,46,26,60,60,51,38,38,38,38,38,38,38,38,38,38,38,38,38,0],"gold":117,"neow_bonus":"THREE_ENEMY_KILL","is_prod":false,"is_daily":false,"chose_seed":false,"campfire_upgraded":9,"win_rate":0,"timestamp":1551501239,"path_taken":["M","?","M","?","?","R","?","R","T","?","M","M","M","$","R","BOSS","M","?","$","?","M","R","?","R","T","?","?","R","$","M","R","BOSS","M","M","M","$","?","E","R","E","T","R","M","M","M","M","R","BOSS"],"build_version":"2019-02-06","purchased_purges":2,"victory":false,"max_hp_per_floor":[71,71,71,71,71,71,71,71,71,71,71,71,71,71,71,71,71,71,71,71,71,71,71,71,71,71,71,71,71,71,71,71,71,71,71,71,71,71,71,71,71,71,71,71,71,71,71,71,71,71],"card_choices":[{"not_picked":["Stack","Barrage"],"picked":"Hologram","floor":1.0},{"not_picked":["Compile Driver","Fusion"],"picked":"Streamline","floor":3.0},{"not_picked":["Rebound","Barrage"],"picked":"Chill","floor":4.0},{"not_picked":["Coolheaded","Turbo"],"picked":"Genetic Algorithm","floor":10.0},{"not_picked":["Rebound","Compile Driver"],"picked":"FTL","floor":11.0},{"not_picked":["Go for the Eyes","Reprogram"],"picked":"Hologram","floor":12.0},{"not_picked":["Stack","Rebound","Gash"],"picked":"SKIP","floor":13.0},{"not_picked":["Fission","Multi-Cast"],"picked":"Thunder Strike","floor":16.0},{"not_picked":["Redo","Steam"],"picked":"Turbo+1","floor":18.0},{"not_picked":["Gash","Redo","Streamline"],"picked":"SKIP","floor":22.0},{"not_picked":["Gash","Chill"],"picked":"Seek","floor":31.0},{"not_picked":["Core Surge","Seek"],"picked":"All For One","floor":33.0},{"not_picked":["Hologram","Streamline"],"picked":"Redo+1","floor":35.0},{"not_picked":["Hello World","Force Field","Amplify"],"picked":"SKIP","floor":36.0},{"not_picked":["Hello World","Force Field","Amplify"],"picked":"SKIP","floor":36.0},{"not_picked":["Hologram","Barrage+1","Cold Snap"],"picked":"SKIP","floor":37.0},{"not_picked":["Barrage+1","Cold Snap"],"picked":"Hologram","floor":37.0},{"not_picked":["Madness","Dark Shackles"],"picked":"Impatience","floor":39.0},{"not_picked":["Blizzard","Capacitor+1"],"picked":"Stack+1","floor":40.0},{"not_picked":["Amplify","Doom and Gloom"],"picked":"Coolheaded","floor":42.0},{"not_picked":["Conserve Battery","Chill+1"],"picked":"Recycle","floor":45.0},{"not_picked":["Beam Cell","Sweeping Beam"],"picked":"Steam+1","floor":46.0},{"not_picked":["Darkness","Streamline","Capacitor"],"picked":"SKIP","floor":47.0},{"not_picked":["Steam Power","Chaos","Beam Cell"],"picked":"SKIP","floor":48.0}],"player_experience":809843,"relics_obtained":[{"floor":9.0,"key":"Dream Catcher"},{"floor":19.0,"key":"Red Mask"},{"floor":24.0,"key":"Calipers"},{"floor":28.0,"key":"Unceasing Top"},{"floor":40.0,"key":"Kunai"},{"floor":42.0,"key":"Shuriken"}],"event_choices":[{"damage_healed":0.0,"max_hp_gain":0.0,"max_hp_loss":0.0,"gold_gain":0.0,"event_name":"FaceTrader","player_choice":"Trade","floor":2.0,"gold_loss":0.0,"damage_taken":0.0,"relics_obtained":["CultistMask"]},{"damage_healed":0.0,"max_hp_gain":0.0,"max_hp_loss":0.0,"gold_gain":0.0,"event_name":"Living Wall","player_choice":"Grow","floor":5.0,"gold_loss":0.0,"damage_taken":0.0,"cards_upgraded":["Hologram"]},{"cards_removed":["Strike_B"],"damage_healed":0.0,"max_hp_gain":0.0,"max_hp_loss":0.0,"gold_gain":0.0,"event_name":"Bonfire Elementals","player_choice":"Offered Basic","floor":7.0,"gold_loss":0.0,"damage_taken":0.0},{"damage_healed":0.0,"max_hp_gain":0.0,"max_hp_loss":0.0,"gold_gain":0.0,"event_name":"Masked Bandits","player_choice":"Fought Bandits","floor":19.0,"gold_loss":0.0,"damage_taken":0.0},{"damage_healed":0.0,"max_hp_gain":0.0,"max_hp_loss":0.0,"gold_gain":0.0,"event_name":"Beggar","player_choice":"Ignored","floor":21.0,"gold_loss":0.0,"damage_taken":0.0},{"damage_healed":0.0,"max_hp_gain":0.0,"max_hp_loss":0.0,"gold_gain":0.0,"event_name":"The Library","player_choice":"Read","floor":27.0,"gold_loss":0.0,"damage_taken":0.0,"cards_obtained":["Auto Shields"]},{"damage_healed":0.0,"max_hp_gain":0.0,"max_hp_loss":0.0,"gold_gain":0.0,"event_name":"SensoryStone","player_choice":"Memory 1","floor":39.0,"gold_loss":0.0,"damage_taken":0.0}],"is_beta":true,"boss_relics":[{"not_picked":["Orrery","Black Star"],"picked":"Coffee Dripper"},{"not_picked":["Tiny House","Lizard Tail"],"picked":"Cursed Key"}],"items_purged_floors":[20,38],"is_endless":false,"potions_floor_spawned":[10,11,12,16,18,36,40,45,46,47,48],"killed_by":"Donu and Deca","ascension_level":20}