{"gold_per_floor":[113,124,137,312,312,312,17,46,46,67,67,67,99,110,110,110],"floor_reached":16,"playtime":846,"items_purged":[],"score":119,"play_id":"500abdc4-4379-44e0-8b05-f49f93200485","local_time":"20190808024116","is_ascension_mode":true,"campfire_choices":[{"data":"Anger","floor":6,"key":"SMITH"},{"floor":12,"key":"REST"},{"floor":15,"key":"REST"}],"neow_cost":"NONE","seed_source_timestamp":1360268577812462,"circlet_count":0,"master_deck":["Strike_R","Strike_R","Strike_R","Strike_R","Strike_R","Defend_R","Defend_R","Defend_R","Defend_R","Bash","Anger+1","Doubt","Regret","Shrug It Off","Exhume","Clothesline","Power Through"],"relics":["Burning Blood","NeowsBlessing","WingedGreaves","Orichalcum","Juzu Bracelet","Bottled Flame","Mercury Hourglass","Odd Mushroom","Prayer Wheel","Magic Flower"],"potions_floor_usage":[13,13,14,16],"damage_taken":[{"damage":0,"enemies":"Jaw Worm","floor":1,"turns":1},{"damage":0,"enemies":"Small Slimes","floor":2,"turns":1},{"damage":0,"enemies":"2 Louse","floor":3,"turns":1},{"damage":40,"enemies":"3 Sentries","floor":8,"turns":11},{"damage":14,"enemies":"The Mushroom Lair","floor":10,"turns":4},{"damage":4,"enemies":"Gremlin Nob","floor":13,"turns":4},{"damage":19,"enemies":"Large Slime","floor":14,"turns":6},{"damage":79,"enemies":"Hexaghost","floor":16,"turns":14}],"seed_played":"-5344937778464491540","potions_obtained":[{"floor":1,"key":"SteroidPotion"},{"floor":2,"key":"GamblersBrew"},{"floor":10,"key":"Block Potion"},{"floor":13,"key":"SpeedPotion"}],"is_trial":false,"path_per_floor":["M","M","M","?","?","R","$","E","T","?","T","R","E","M","R","B"],"character_chosen":"IRONCLAD","items_purchased":["Orichalcum","Juzu Bracelet"],"campfire_rested":2,"item_purchase_floors":[7,7],"current_hp_per_floor":[80,80,80,80,80,80,80,46,46,38,38,62,64,54,78,0],"gold":110,"neow_bonus":"THREE_ENEMY_KILL","is_prod":false,"is_daily":false,"chose_seed":false,"campfire_upgraded":1,"win_rate":0,"timestamp":1565246476,"path_taken":["M","M","M","?","?","R","$","E","T","?","?","R","E","M","R","BOSS"],"build_version":"2019-06-28","purchased_purges":0,"victory":false,"max_hp_per_floor":[80,80,80,80,80,80,80,80,80,80,80,80,80,80,80,80],"card_choices":[{"not_picked":["Dropkick","Metallicize"],"picked":"Anger","floor":1},{"not_picked":["Body Slam","Armaments","Havoc"],"picked":"SKIP","floor":2},{"not_picked":["Ghostly Armor","Bloodletting","Entrench"],"picked":"SKIP","floor":3},{"not_picked":["Reaper","Thunderclap","Cleave"],"picked":"SKIP","floor":8},{"not_picked":["Dropkick","Sentinel"],"picked":"Shrug It Off","floor":10},{"not_picked":["Evolve","Armaments"],"picked":"Exhume","floor":13},{"not_picked":["Shrug It Off","Thunderclap"],"picked":"Clothesline","floor":14},{"not_picked":["Dropkick","Body Slam"],"picked":"Power Through","floor":14}],"player_experience":47648,"relics_obtained":[{"floor":8,"key":"Bottled Flame"},{"floor":9,"key":"Mercury Hourglass"},{"floor":10,"key":"Odd Mushroom"},{"floor":11,"key":"Prayer Wheel"},{"floor":13,"key":"Magic Flower"}],"event_choices":[{"damage_healed":0,"gold_gain":175,"player_choice":"AGREE","damage_taken":0,"max_hp_gain":0,"max_hp_loss":0,"event_name":"Liars Game","floor":4,"gold_loss":0,"cards_obtained":["Doubt"]},{"damage_healed":0,"gold_gain":0,"player_choice":"Box","damage_taken":0,"relics_obtained":["WingedGreaves"],"max_hp_gain":0,"max_hp_loss":0,"event_name":"Big Fish","floor":5,"gold_loss":0,"cards_obtained":["Regret"]},{"damage_healed":0,"gold_gain":0,"player_choice":"Fought Mushrooms","damage_taken":0,"max_hp_gain":0,"max_hp_loss":0,"event_name":"Mushrooms","floor":10,"gold_loss":0}],"is_beta":true,"boss_relics":[],"items_purged_floors":[],"is_endless":false,"potions_floor_spawned":[1,2,10,13],"killed_by":"Hexaghost","ascension_level":2}