{"gold_per_floor":[119,44,58,58,58,58,69,69,69,16,30,85,85,138,138,210,210,229,236,27,38,38,38,38,38,38,38,53,71,71,71,116,116,116,193,193,210,210,227,240,255,255,255,255,255,275,275,275,301,89,89,86,92,92,92,92,92],"floor_reached":57,"playtime":3336,"items_purged":[],"score":1856,"play_id":"7d42d071-694f-4c90-9105-0e669666bf52","local_time":"20190427134558","is_ascension_mode":true,"campfire_choices":[{"data":"Defragment","floor":6.0,"key":"SMITH"},{"data":"Streamline","floor":8.0,"key":"SMITH"},{"data":"Coolheaded","floor":13.0,"key":"SMITH"},{"data":"Time Bomb","floor":15.0,"key":"SMITH"},{"data":"Consume","floor":23.0,"key":"SMITH"},{"data":"Defragment","floor":25.0,"key":"SMITH"},{"data":"vexMod:FullService","floor":27.0,"key":"SMITH"},{"data":"Seek","floor":34.0,"key":"SMITH"},{"data":"vexMod:Hex","floor":42.0,"key":"SMITH"},{"data":"Electrodynamics","floor":44.0,"key":"SMITH"},{"floor":48.0,"key":"REST"},{"floor":51.0,"key":"RECALL"},{"data":"Heatsinks","floor":55,"key":"SMITH"}],"neow_cost":"NONE","seed_source_timestamp":10778553347003,"circlet_count":0,"master_deck":["AscendersBane","Dualcast","Cold Snap","Defragment+1","Streamline+1","Coolheaded+1","Glacier","Time Bomb+1","Seek+1","FTL","Double Energy","Lockon","Heatsinks+1","Glacier","Defragment+1","Hyperbeam","Consume+1","vexMod:FullService+1","Biased Cognition","Electrodynamics+1","vexMod:Hex+1","Core Surge","Skim"],"special_seed":0,"relics":["Cracked Core","NeowsBlessing","vexMod:DeviousBotling","Tiny Chest","Ancient Tea Set","Replay:Grab Bag","Bottled Tornado","Sozu","Pandora\u0027s Box","Inserter","Gambling Chip","ReplayTheSpireMod:Lightbulb","Painkiller Herb","Bag of Marbles","Mirror"],"potions_floor_usage":[],"damage_taken":[{"damage":0.0,"enemies":"Jaw Worm","floor":1.0,"turns":1.0},{"damage":0.0,"enemies":"Cultist","floor":3.0,"turns":1.0},{"damage":0.0,"enemies":"2 Louse","floor":7.0,"turns":1.0},{"damage":21.0,"enemies":"Lots of Slimes","floor":11.0,"turns":4.0},{"damage":25.0,"enemies":"Gremlin Nob","floor":12.0,"turns":4.0},{"damage":0.0,"enemies":"The Guardian","floor":16.0,"turns":11.0},{"damage":0.0,"enemies":"Spheric Guardian","floor":18.0,"turns":4.0},{"damage":8.0,"enemies":"Shell Parasite","floor":19.0,"turns":5.0},{"damage":4.0,"enemies":"Snake Plant","floor":21.0,"turns":5.0},{"damage":0.0,"enemies":"3 Cultists","floor":28.0,"turns":5.0},{"damage":0.0,"enemies":"Snecko","floor":29.0,"turns":6.0},{"damage":13.0,"enemies":"Champ","floor":35.0,"turns":8.0},{"damage":0.0,"enemies":"Orb Walker","floor":37.0,"turns":4.0},{"damage":16.0,"enemies":"3 Darklings","floor":39.0,"turns":2.0},{"damage":13.0,"enemies":"4 Shapes","floor":40.0,"turns":3.0},{"damage":0.0,"enemies":"Maw","floor":41.0,"turns":6.0},{"damage":6.0,"enemies":"Writhing Mass","floor":46.0,"turns":5.0},{"damage":3.0,"enemies":"R_Hoarder","floor":49.0,"turns":7.0},{"damage":7.0,"enemies":"Time Eater","floor":52.0,"turns":12.0},{"damage":32,"enemies":"Awakened One","floor":53,"turns":22},{"damage":59,"enemies":"Shield and Spear","floor":57,"turns":8}],"seed_played":"-8909733882060172582","potions_obtained":[{"floor":7.0,"key":"Fire Potion"},{"floor":11.0,"key":"LiquidBronze"}],"is_trial":false,"path_per_floor":["M","$","M","?","$","R","M","R","T","$","M","E","R","T","R","B",null,"M","M","$","M","$","R","?","R","T","R","M","M","PTL","PTL","T","?","R","B",null,"?","?","?","?","?","T","T","T","T","?","T","T","E","T","T","B","B",null,"T","T","E"],"character_chosen":"DEFECT","items_purchased":["Defragment","Coolheaded","vexMod:FullService","Core Surge","Skim"],"campfire_rested":1,"item_purchase_floors":[2,10,20,50,50],"current_hp_per_floor":[64,64,64,64,64,64,64,64,64,64,43,18,18,18,18,18,58,58,50,50,48,48,48,48,48,48,48,48,48,48,48,48,48,48,35,62,65,65,49,36,39,39,39,39,39,36,36,57,57,57,57,53,24,59,59,59,0],"gold":92,"neow_bonus":"THREE_ENEMY_KILL","is_prod":false,"is_daily":false,"chose_seed":false,"campfire_upgraded":11,"win_rate":0,"timestamp":1556343958,"path_taken":["M","$","M","?","?","R","M","R","T","?","M","E","R","?","R","BOSS","M","?","$","M","?","R","?","R","T","R","M","M","PTL","PTL","?","?","R","BOSS","?","?","?","?","?","T","?","T","T","?","T","T","E","T","T","BOSS","BOSS","T","T","E"],"build_version":"2019-01-23","purchased_purges":0,"victory":false,"max_hp_per_floor":[71,71,71,71,71,71,71,71,71,71,71,71,71,71,71,71,71,71,71,71,71,71,71,71,71,71,71,71,71,71,71,71,71,71,71,71,71,71,71,71,71,71,71,71,71,71,71,71,71,71,71,71,71,71,71,71,71],"card_choices":[{"not_picked":["Barrage","Gash"],"picked":"Cold Snap","floor":1.0},{"not_picked":["Cold Snap","vexMod:DiverseOrb","Steam Power"],"picked":"SKIP","floor":3.0},{"not_picked":["Stack","vexMod:SharpOrbs"],"picked":"Streamline","floor":7.0},{"not_picked":["Chill","vexMod:SystemUpdate"],"picked":"Glacier","floor":11.0},{"not_picked":["Streamline","Sunder"],"picked":"Time Bomb","floor":12.0},{"not_picked":["ReplayTheSpireMod:Omega Cannon","Amplify"],"picked":"Seek","floor":16.0},{"not_picked":["Hologram","Barrage"],"picked":"Consume","floor":18.0},{"not_picked":["Doom and Gloom","Go for the Eyes"],"picked":"SKIP","floor":19.0},{"not_picked":["Doom and Gloom","Go for the Eyes"],"picked":"SKIP","floor":19.0},{"not_picked":["Skim","vexMod:OrbBoomerang"],"picked":"Biased Cognition","floor":21.0},{"not_picked":["Ball Lightning","Hologram","ReplaySolidLightProjector"],"picked":"SKIP","floor":28.0},{"not_picked":["BasicCrystalCard","Melter+1","ReplayGash+1"],"picked":"SKIP","floor":29.0},{"not_picked":["Hyperbeam","Biased Cognition"],"picked":"Electrodynamics","floor":35.0},{"not_picked":["vexMod:BeamPop+1","Doom and Gloom","Barrage"],"picked":"SKIP","floor":37.0},{"not_picked":["ReplayTheSpireMod:GoodbyeWorld+1","vexMod:ChargeBeam","Ball Lightning+1"],"picked":"SKIP","floor":39.0},{"not_picked":["Crystallizer","Stack","ReplayGash"],"picked":"SKIP","floor":40.0},{"not_picked":["vexMod:DiverseOrb","Recycle"],"picked":"SKIP","floor":41.0},{"not_picked":["vexMod:RocketPunch","Rebound","vexMod:OrbBoomerang"],"picked":"SKIP","floor":46.0},{"not_picked":["ReplayTheSpireMod:Calculation Training","ReplayGash","Gash+1"],"picked":"SKIP","floor":49.0}],"player_experience":959217,"relics_obtained":[{"floor":9.0,"key":"Bottled Tornado"},{"floor":12.0,"key":"Tiny Chest"},{"floor":14.0,"key":"Ancient Tea Set"},{"floor":26.0,"key":"Gambling Chip"},{"floor":32.0,"key":"ReplayTheSpireMod:Lightbulb"},{"floor":45.0,"key":"Bag of Marbles"},{"floor":49.0,"key":"Mirror"}],"event_choices":[{"damage_healed":0.0,"max_hp_gain":0.0,"max_hp_loss":0.0,"gold_gain":0.0,"event_name":"The Mausoleum","player_choice":"Ignored","floor":24.0,"gold_loss":0.0,"damage_taken":0.0},{"cards_removed":["Force Field"],"damage_healed":0.0,"max_hp_gain":0.0,"max_hp_loss":0.0,"gold_gain":0.0,"event_name":"Back to Basics","player_choice":"Elegance","floor":33.0,"gold_loss":0.0,"damage_taken":0.0},{"damage_healed":0.0,"max_hp_gain":0.0,"max_hp_loss":0.0,"gold_gain":0.0,"cards_transformed":["Zap"],"event_name":"Transmorgrifier","player_choice":"Transformed","floor":38.0,"gold_loss":0.0,"damage_taken":0.0,"cards_obtained":["vexMod:Hex"]}],"is_beta":false,"boss_relics":[{"not_picked":["Runic Dome","vexMod:BigBerry"],"picked":"Replay:Grab Bag"},{"not_picked":["Cursed Key","vexMod:EndlessSickness"],"picked":"vexMod:DeviousBotling"},{"not_picked":["Fusion Hammer","Velvet Choker"],"picked":"Sozu"},{"not_picked":["FrozenCore","Calling Bell"],"picked":"Pandora\u0027s Box"},{"not_picked":["Black Star","Honey Jar"],"picked":"Inserter"},{"not_picked":["Orrery","vexMod:ImprovementManual"],"picked":"Painkiller Herb"}],"items_purged_floors":[],"is_endless":false,"potions_floor_spawned":[7,11,12,21,28,35,37,39],"killed_by":"Shield and Spear","ascension_level":20}