{"gold_per_floor":[112,36,54,4,4,30,46,46,46,46,62,92,105,32,32,32],"floor_reached":16,"playtime":527,"items_purged":[],"score":125,"play_id":"7edee4f5-b8e5-4562-a369-b82653fe0649","local_time":"20180722115352","is_ascension_mode":true,"campfire_choices":[{"data":"Creative AI","floor":8,"key":"SMITH"},{"data":"Darkness","floor":10,"key":"SMITH"},{"data":"Echo Form","floor":15,"key":"SMITH"}],"neow_cost":"NONE","seed_source_timestamp":13128254091341,"circlet_count":0,"master_deck":["Strike_B","Strike_B","Strike_B","Defend_B","Defend_B","Defend_B","Defend_B","Zap","Dualcast","Compile Driver","Echo Form+1","Sunder","Creative AI+1","Darkness+1","Scrape","Steam Power","BootSequence"],"special_seed":0,"relics":["Philosopher\u0027s Stone","Meat on the Bone","Art of War","Matryoshka","Emotion Chip"],"potions_floor_usage":[],"damage_taken":[{"damage":0,"enemies":"Cultist","floor":1,"turns":3},{"damage":4,"enemies":"Small Slimes","floor":3,"turns":4},{"damage":23,"enemies":"3 Sentries","floor":6,"turns":5},{"damage":14,"enemies":"2 Louse","floor":7,"turns":3},{"damage":28,"enemies":"Exordium Wildlife","floor":11,"turns":3},{"damage":8,"enemies":"Looter","floor":13,"turns":3},{"damage":32,"enemies":"Hexaghost","floor":16,"turns":7}],"seed_played":"5087550839139642606","potions_obtained":[{"floor":6,"key":"SkillPotion"},{"floor":7,"key":"LiquidBronze"}],"is_trial":false,"path_per_floor":["M","$","M","?","?","E","M","R","T","R","M","?","M","$","R"],"character_chosen":"DEFECT","items_purchased":["Echo Form","BootSequence"],"campfire_rested":0,"item_purchase_floors":[2,14],"current_hp_per_floor":[75,75,71,71,68,45,43,43,43,43,27,27,31,31,31,0],"gold":32,"neow_bonus":"BOSS_RELIC","is_prod":false,"is_daily":false,"chose_seed":false,"campfire_upgraded":3,"win_rate":0,"timestamp":1532231632,"path_taken":["M","$","?","?","?","E","M","R","T","R","?","?","?","$","R","BOSS"],"build_version":"2018-07-19v2","purchased_purges":0,"victory":false,"max_hp_per_floor":[75,75,75,75,75,75,75,75,75,75,75,75,75,75,75,75],"card_choices":[{"not_picked":["Turbo","Aggregate"],"picked":"Compile Driver","floor":1},{"not_picked":["Barrage","Reinforced Body"],"picked":"Sunder","floor":3},{"not_picked":["Redo","Steam"],"picked":"Creative AI","floor":6},{"not_picked":["Reprogram","Steam"],"picked":"Darkness","floor":7},{"not_picked":["Melter","Sunder"],"picked":"Scrape","floor":11},{"not_picked":["Compile Driver","Coolheaded"],"picked":"Steam Power","floor":13}],"player_experience":151013,"relics_obtained":[{"floor":6,"key":"Art of War"},{"floor":9,"key":"Matryoshka"}],"event_choices":[{"event_name":"The Cleric","player_choice":"Card Removal","floor":4,"damage_taken":0},{"event_name":"Scrap Ooze","player_choice":"success","floor":5,"damage_taken":3},{"event_name":"Dead Adventurer","player_choice":"Searched \u00273\u0027 times","floor":12,"damage_taken":0}],"is_beta":false,"boss_relics":[],"items_purged_floors":[],"is_endless":false,"potions_floor_spawned":[6,7],"killed_by":"Hexaghost","ascension_level":5}