{"gold_per_floor":[115,134,134,134,134,134,147,147,147,167,23,23,86,106,106,210,260,271,271,291,39,53,53,53,53,53,72,72,72,91,110,110,215,215,226,240,240,50,60,60,115,115,140,154,154,172,172,191,191,191],"floor_reached":50,"playtime":4932,"items_purged":["Regret","Strike_G"],"score":484,"play_id":"ad711a8b-ac83-484e-b531-77fc49b59af5","local_time":"20190807220824","is_ascension_mode":false,"campfire_choices":[{"data":"Neutralize","floor":6,"key":"SMITH"},{"data":"Dagger Spray","floor":8,"key":"SMITH"},{"data":"Deadly Poison","floor":15,"key":"SMITH"},{"floor":24,"key":"REST"},{"data":"Crippling Poison","floor":28,"key":"SMITH"},{"floor":32,"key":"REST"},{"floor":40,"key":"REST"},{"floor":47,"key":"REST"},{"floor":49,"key":"REST"}],"neow_cost":"NONE","seed_source_timestamp":446596766602925,"circlet_count":0,"master_deck":["Strike_G+1","Strike_G+1","Defend_G+1","Defend_G+1","Defend_G+1","Defend_G+1","Defend_G+1","Survivor","Neutralize+1","Terror","Dagger Spray+1","A Thousand Cuts","Flying Knee+1","Leg Sweep","Well Laid Plans","Poisoned Stab","Deadly Poison+1","Tools of the Trade","Bane","Crippling Poison+1","Malaise","Dodge and Roll+1","Bullet Time","Footwork","Backflip+1","Backflip","Madness","Madness","Secret Technique","Infinite Blades+1","Glass Knife","Parasite","Catalyst+1","Dagger Throw+1","Bouncing Flask"],"relics":["Ring of the Snake","NeowsBlessing","Centennial Puzzle","Mummified Hand","Whetstone","Regal Pillow","Tiny House","Snake Skull","Paper Crane","Orrery","Girya","Lantern"],"potions_floor_usage":[16,33,33,36,39,46],"damage_taken":[{"damage":0,"enemies":"2 Louse","floor":1,"turns":1},{"damage":0,"enemies":"Small Slimes","floor":2,"turns":1},{"damage":0,"enemies":"Jaw Worm","floor":7,"turns":1},{"damage":0,"enemies":"Lots of Slimes","floor":10,"turns":1},{"damage":12,"enemies":"Gremlin Nob","floor":13,"turns":4},{"damage":0,"enemies":"2 Fungi Beasts","floor":14,"turns":4},{"damage":45,"enemies":"Slime Boss","floor":16,"turns":16},{"damage":20,"enemies":"3 Byrds","floor":18,"turns":5},{"damage":4,"enemies":"Shell Parasite","floor":20,"turns":6},{"damage":2,"enemies":"Shelled Parasite and Fungi","floor":22,"turns":5},{"damage":2,"enemies":"3 Cultists","floor":27,"turns":5},{"damage":18,"enemies":"Sentry and Sphere","floor":30,"turns":8},{"damage":0,"enemies":"Cultist and Chosen","floor":31,"turns":5},{"damage":38,"enemies":"Champ","floor":33,"turns":13},{"damage":12,"enemies":"3 Shapes","floor":35,"turns":4},{"damage":4,"enemies":"3 Darklings","floor":36,"turns":6},{"damage":26,"enemies":"Sphere and 2 Shapes","floor":39,"turns":8},{"damage":60,"enemies":"2 Orb Walkers","floor":41,"turns":8},{"damage":0,"enemies":"Writhing Mass","floor":44,"turns":9},{"damage":4,"enemies":"Jaw Worm Horde","floor":46,"turns":3},{"damage":35,"enemies":"Spire Growth","floor":48,"turns":6},{"damage":53,"enemies":"Donu and Deca","floor":50,"turns":7}],"seed_played":"3162012119465406554","potions_obtained":[{"floor":1,"key":"SpeedPotion"},{"floor":2,"key":"GamblersBrew"},{"floor":13,"key":"Block Potion"},{"floor":16,"key":"Ancient Potion"},{"floor":33,"key":"Explosive Potion"},{"floor":35,"key":"Weak Potion"},{"floor":39,"key":"Dexterity Potion"},{"floor":48,"key":"SteroidPotion"}],"is_trial":false,"path_per_floor":["M","M","?","?","?","R","M","R","T","M","$","T","?","M","R","B",null,"M","?","M","$","M","?","R","?","T","M","R","?","M","M","R","B",null,"M","M","?","$","M","R","?","$","T","M","?","M","R","M","R","B"],"character_chosen":"THE_SILENT","items_purchased":["Well Laid Plans","Snake Skull","Secret Technique"],"campfire_rested":5,"item_purchase_floors":[11,21,38],"current_hp_per_floor":[70,70,63,63,63,63,63,63,63,63,63,63,51,51,51,6,75,55,55,51,51,49,35,74,74,74,72,72,72,54,54,80,42,80,68,64,54,54,28,67,7,7,7,7,7,3,42,7,46,0],"gold":191,"neow_bonus":"THREE_ENEMY_KILL","is_prod":false,"is_daily":false,"chose_seed":false,"campfire_upgraded":4,"win_rate":0.0,"timestamp":1565208504,"path_taken":["M","M","?","?","?","R","M","R","T","?","$","?","?","M","R","BOSS","M","?","M","$","M","?","R","?","T","?","R","?","M","M","R","BOSS","M","M","?","$","M","R","?","?","T","M","?","?","R","M","R","BOSS"],"build_version":"2019-07-17","purchased_purges":2,"victory":false,"max_hp_per_floor":[70,70,70,70,70,70,70,70,70,70,70,70,70,70,70,70,75,75,75,75,75,75,80,80,80,80,80,80,80,80,80,80,80,80,80,80,80,80,80,80,80,80,80,80,80,80,80,80,80,80],"card_choices":[{"not_picked":["Deflect","Backflip"],"picked":"Terror","floor":1},{"not_picked":["Prepared","Slice"],"picked":"Dagger Spray","floor":2},{"not_picked":["Predator","Flechettes"],"picked":"Flying Knee","floor":7},{"not_picked":["Poisoned Stab","Reflex"],"picked":"Leg Sweep","floor":10},{"not_picked":["Heel Hook","Distraction"],"picked":"Poisoned Stab","floor":13},{"not_picked":["Sucker Punch","Envenom"],"picked":"Deadly Poison","floor":14},{"not_picked":["Wraith Form v2","Venomology"],"picked":"Tools of the Trade","floor":16},{"not_picked":["Acrobatics","Quick Slash"],"picked":"Bane","floor":17},{"not_picked":["Blur","Backflip"],"picked":"Crippling Poison","floor":18},{"not_picked":["Deflect","Dagger Spray"],"picked":"Dodge and Roll+1","floor":20},{"not_picked":["Slice+1","Leg Sweep","Flying Knee"],"picked":"SKIP","floor":22},{"not_picked":["Skewer","Underhanded Strike","Tactician"],"picked":"SKIP","floor":27},{"not_picked":["Skewer","Malaise","Prepared"],"picked":"SKIP","floor":30},{"not_picked":["Dagger Throw","Tactician","Bane"],"picked":"SKIP","floor":31},{"not_picked":["Die Die Die","Tools of the Trade"],"picked":"Bullet Time","floor":33},{"not_picked":["Dagger Throw+1","PiercingWail"],"picked":"Footwork","floor":34},{"not_picked":["Doppelganger","Dodge and Roll"],"picked":"Deadly Poison","floor":34},{"not_picked":["Dagger Spray+1","Bane"],"picked":"Backflip+1","floor":35},{"not_picked":["Skewer","Predator"],"picked":"Backflip","floor":36},{"not_picked":["Distraction","Deflect"],"picked":"Infinite Blades+1","floor":39},{"not_picked":["Blade Dance+1","Dodge and Roll+1"],"picked":"Glass Knife","floor":41},{"not_picked":["Deadly Poison","Predator+1"],"picked":"Catalyst+1","floor":44},{"not_picked":["Dagger Spray","Endless Agony+1"],"picked":"Dagger Throw+1","floor":46},{"not_picked":["Flying Knee+1","Calculated Gamble"],"picked":"Bouncing Flask","floor":48}],"player_experience":34813,"relics_obtained":[{"floor":9,"key":"Mummified Hand"},{"floor":12,"key":"Whetstone"},{"floor":13,"key":"Regal Pillow"},{"floor":26,"key":"Paper Crane"},{"floor":41,"key":"Girya"},{"floor":43,"key":"Lantern"}],"event_choices":[{"cards_removed":["Strike_G"],"damage_healed":0,"gold_gain":0,"player_choice":"Card Removal","damage_taken":7,"max_hp_gain":0,"max_hp_loss":0,"event_name":"Golden Wing","floor":3,"gold_loss":0},{"damage_healed":0,"gold_gain":0,"cards_transformed":["Strike_G"],"player_choice":"Change","damage_taken":0,"max_hp_gain":0,"max_hp_loss":0,"event_name":"Living Wall","floor":4,"gold_loss":0,"cards_obtained":["A Thousand Cuts"]},{"damage_healed":0,"gold_gain":0,"player_choice":"Box","damage_taken":0,"relics_obtained":["Centennial Puzzle"],"max_hp_gain":0,"max_hp_loss":0,"event_name":"Big Fish","floor":5,"gold_loss":0,"cards_obtained":["Regret"]},{"damage_healed":0,"gold_gain":0,"player_choice":"Searched \u00271\u0027 times","damage_taken":0,"max_hp_gain":0,"max_hp_loss":0,"event_name":"Dead Adventurer","floor":13,"gold_loss":0},{"damage_healed":0,"gold_gain":0,"player_choice":"Read","damage_taken":0,"max_hp_gain":0,"max_hp_loss":0,"event_name":"The Library","floor":19,"gold_loss":0,"cards_obtained":["Malaise"]},{"damage_healed":0,"gold_gain":0,"player_choice":"Shed Blood","damage_taken":19,"max_hp_gain":5,"max_hp_loss":0,"event_name":"Forgotten Altar","floor":23,"gold_loss":0},{"damage_healed":0,"gold_gain":0,"player_choice":"Ignored","damage_taken":0,"max_hp_gain":0,"max_hp_loss":0,"event_name":"Ghosts","floor":25,"gold_loss":0},{"damage_healed":0,"gold_gain":0,"player_choice":"Simplicity","damage_taken":0,"max_hp_gain":0,"max_hp_loss":0,"event_name":"Back to Basics","floor":29,"gold_loss":0,"cards_upgraded":["Strike_G","Defend_G","Defend_G","Defend_G","Defend_G"]},{"damage_healed":0,"gold_gain":0,"player_choice":"Embrace Madness","damage_taken":10,"max_hp_gain":0,"max_hp_loss":0,"event_name":"Winding Halls","floor":37,"gold_loss":0,"cards_obtained":["Madness","Madness"]},{"damage_healed":0,"gold_gain":0,"player_choice":"Fight","damage_taken":0,"max_hp_gain":0,"max_hp_loss":0,"event_name":"Mysterious Sphere","floor":41,"gold_loss":0},{"cards_removed":["Deadly Poison"],"damage_healed":0,"gold_gain":0,"player_choice":"Removed Skill","damage_taken":0,"max_hp_gain":0,"max_hp_loss":0,"event_name":"Falling","floor":45,"gold_loss":0}],"is_beta":false,"boss_relics":[{"not_picked":["White Beast Statue","Lizard Tail"],"picked":"Tiny House"},{"not_picked":["Astrolabe","Sozu"],"picked":"Orrery"}],"items_purged_floors":[11,21],"is_endless":false,"potions_floor_spawned":[1,2,13,16,20,30,31,33,35,39,48],"killed_by":"Donu and Deca","ascension_level":0}