{"gold_per_floor":[109,109,122,6,17,17,17,46,115,127,127],"floor_reached":11,"playtime":1456,"items_purged":["Strike_R"],"score":98,"play_id":"e8eaee94-2e40-45ce-ae17-f34786949d3d","local_time":"20190809154833","is_ascension_mode":false,"campfire_choices":[{"data":"Pommel Strike","floor":6,"key":"SMITH"}],"neow_cost":"NONE","seed_source_timestamp":1558294274019800,"circlet_count":0,"master_deck":["Strike_R","Strike_R","Strike_R","Strike_R","Defend_R","Defend_R","Defend_R","Defend_R","Bash","Battle Trance","Regret","Pommel Strike+1","Spot Weakness","Headbutt","Perfected Strike"],"relics":["Burning Blood","Red Skull","Bronze Scales","Bottled Lightning","Pear"],"potions_floor_usage":[],"damage_taken":[{"damage":0,"enemies":"Small Slimes","floor":1,"turns":5},{"damage":26,"enemies":"Jaw Worm","floor":3,"turns":10},{"damage":14,"enemies":"2 Louse","floor":5,"turns":3},{"damage":40,"enemies":"Lagavulin","floor":8,"turns":6},{"damage":11,"enemies":"Exordium Wildlife","floor":10,"turns":4},{"damage":32,"enemies":"3 Sentries","floor":11,"turns":4}],"seed_played":"357883817790305708","potions_obtained":[{"floor":1,"key":"SpeedPotion"},{"floor":3,"key":"Block Potion"},{"floor":10,"key":"BloodPotion"}],"is_trial":false,"path_per_floor":["M","?","M","$","M","R","?","E","T","M","?"],"character_chosen":"IRONCLAD","items_purchased":["Spot Weakness"],"campfire_rested":0,"item_purchase_floors":[4],"current_hp_per_floor":[88,88,68,68,60,60,60,26,26,21,0],"gold":127,"neow_bonus":"TEN_PERCENT_HP_BONUS","is_prod":false,"is_daily":false,"chose_seed":false,"campfire_upgraded":1,"win_rate":0.0,"timestamp":1565358513,"path_taken":["M","?","M","$","M","R","?","E","T","M","?"],"build_version":"2019-07-17","purchased_purges":1,"victory":false,"max_hp_per_floor":[88,88,88,88,88,88,88,88,88,88,98],"card_choices":[{"not_picked":["Infernal Blade","Cleave"],"picked":"Battle Trance","floor":1},{"not_picked":["Wild Strike","Sword Boomerang"],"picked":"Pommel Strike","floor":3},{"not_picked":["Corruption","Hemokinesis"],"picked":"Headbutt","floor":5},{"not_picked":["Rupture","Reckless Charge","Warcry"],"picked":"SKIP","floor":8},{"not_picked":["Thunderclap","Bloodletting"],"picked":"Perfected Strike","floor":10}],"player_experience":349499,"relics_obtained":[{"floor":8,"key":"Bronze Scales"},{"floor":9,"key":"Bottled Lightning"}],"event_choices":[{"damage_healed":0,"gold_gain":0,"player_choice":"Box","damage_taken":0,"relics_obtained":["Red Skull"],"max_hp_gain":0,"max_hp_loss":0,"event_name":"Big Fish","floor":2,"gold_loss":0,"cards_obtained":["Regret"]},{"damage_healed":0,"gold_gain":0,"player_choice":"Ignored","damage_taken":0,"max_hp_gain":0,"max_hp_loss":0,"event_name":"Liars Game","floor":7,"gold_loss":0},{"damage_healed":0,"gold_gain":0,"player_choice":"Searched \u00272\u0027 times","damage_taken":0,"relics_obtained":["Pear"],"max_hp_gain":0,"max_hp_loss":0,"event_name":"Dead Adventurer","floor":11,"gold_loss":0}],"is_beta":false,"boss_relics":[],"items_purged_floors":[4],"is_endless":false,"potions_floor_spawned":[1,3,10],"killed_by":"3 Sentries","ascension_level":0}