{"gold_per_floor":[112,126,201,251,8,8,28,55,79,79,94,109,109,24,24,96,96,113,113,113,5,22,48,48,48],"floor_reached":25,"playtime":599,"items_purged":[],"score":438,"play_id":"ec97c9e3-883a-4239-89f6-cdc08e85f1b3","local_time":"20181130184410","is_ascension_mode":true,"campfire_choices":[{"data":"Beam Cell","floor":6.0,"key":"SMITH"},{"data":"Sunder","floor":10.0,"key":"SMITH"},{"data":"Defragment","floor":15.0,"key":"SMITH"},{"data":"Rainbow","floor":24.0,"key":"SMITH"}],"neow_cost":"NONE","seed_source_timestamp":2070580072524,"circlet_count":0,"master_deck":["AscendersBane","Strike_B","Strike_B","Strike_B","Strike_B","Defend_B","Defend_B","Defend_B","Defend_B","Zap+1","Dualcast","Beam Cell+1","Ball Lightning","Electrodynamics","Sunder+1","Coolheaded","Capacitor","Doom and Gloom","Defragment+1","Rainbow+1","Conserve Battery","Defragment+1","Tempest+1"],"special_seed":0,"relics":["Cracked Core","Regal Pillow","Bronze Scales","Coffee Dripper","Bag of Preparation"],"potions_floor_usage":[25],"damage_taken":[{"damage":2.0,"enemies":"2 Louse","floor":1.0,"turns":3.0},{"damage":0.0,"enemies":"Small Slimes","floor":2.0,"turns":2.0},{"damage":1.0,"enemies":"Cultist","floor":7.0,"turns":3.0},{"damage":20.0,"enemies":"Lagavulin","floor":8.0,"turns":4.0},{"damage":0.0,"enemies":"Large Slime","floor":11.0,"turns":2.0},{"damage":17.0,"enemies":"Exordium Wildlife","floor":12.0,"turns":3.0},{"damage":13.0,"enemies":"Hexaghost","floor":16.0,"turns":7.0},{"damage":13.0,"enemies":"2 Thieves","floor":18.0,"turns":4.0},{"damage":0.0,"enemies":"Chosen","floor":22.0,"turns":3.0},{"damage":27.0,"enemies":"Slavers","floor":23.0,"turns":4.0},{"damage":34,"enemies":"Book of Stabbing","floor":25,"turns":2}],"seed_played":"8586391387066617173","potions_obtained":[{"floor":2.0,"key":"FocusPotion"},{"floor":8.0,"key":"Regen Potion"},{"floor":16.0,"key":"Regen Potion"}],"is_trial":false,"path_per_floor":["M","M","?","?","$","R","M","E","T","R","M","M","?","$","R","B",null,"M","?","?","$","M","E","R","E"],"character_chosen":"DEFECT","items_purchased":["Electrodynamics","Sunder","Defragment","AttackPotion","FearPotion"],"campfire_rested":0,"item_purchase_floors":[5,5,14,21,21],"current_hp_per_floor":[62,62,51,44,44,44,43,23,23,23,23,15,15,15,15,2,54,53,53,53,53,53,26,26,0],"gold":48,"neow_bonus":"UPGRADE_CARD","is_prod":false,"is_daily":false,"chose_seed":false,"campfire_upgraded":4,"win_rate":0,"timestamp":1543574650,"path_taken":["M","M","?","?","$","R","M","E","T","R","M","?","?","?","R","BOSS","M","?","?","$","?","E","R","E"],"build_version":"2018-11-15","purchased_purges":0,"victory":false,"max_hp_per_floor":[71,71,71,71,71,71,71,71,71,71,71,71,71,71,71,71,71,71,71,71,71,71,71,71,71],"card_choices":[{"not_picked":["Hologram","Auto Shields"],"picked":"Beam Cell","floor":1.0},{"not_picked":["Steam","Hologram"],"picked":"Ball Lightning","floor":2.0},{"not_picked":["Coolheaded","Storm","Hologram"],"picked":"SKIP","floor":7.0},{"not_picked":["Storm","Hologram"],"picked":"Coolheaded","floor":7.0},{"not_picked":["Meteor Strike","Cold Snap"],"picked":"Capacitor","floor":8.0},{"not_picked":["Turbo","Lockon","Compile Driver"],"picked":"SKIP","floor":11.0},{"not_picked":["Machine Learning","Lockon"],"picked":"Doom and Gloom","floor":12.0},{"not_picked":["Echo Form","All For One"],"picked":"Rainbow","floor":16.0},{"not_picked":["Rip and Tear","Streamline+1"],"picked":"Conserve Battery","floor":18.0},{"not_picked":["Melter","Go for the Eyes"],"picked":"Tempest+1","floor":22.0},{"not_picked":["Sweeping Beam","Fusion","Rip and Tear"],"picked":"SKIP","floor":23.0}],"player_experience":583868,"relics_obtained":[{"floor":8.0,"key":"Regal Pillow"},{"floor":9.0,"key":"Bronze Scales"},{"floor":23.0,"key":"Bag of Preparation"}],"event_choices":[{"damage_healed":0.0,"max_hp_gain":0.0,"max_hp_loss":0.0,"gold_gain":75.0,"event_name":"World of Goop","player_choice":"Gather Gold","floor":3.0,"gold_loss":0.0,"damage_taken":11.0},{"damage_healed":0.0,"max_hp_gain":0.0,"max_hp_loss":0.0,"gold_gain":50.0,"event_name":"FaceTrader","player_choice":"Touch","floor":4.0,"gold_loss":0.0,"damage_taken":7.0},{"damage_healed":0.0,"max_hp_gain":0.0,"max_hp_loss":0.0,"gold_gain":0.0,"event_name":"Dead Adventurer","player_choice":"Searched \u00270\u0027 times","floor":13.0,"gold_loss":0.0,"damage_taken":0.0},{"damage_healed":0.0,"max_hp_gain":0.0,"max_hp_loss":0.0,"gold_gain":0.0,"event_name":"The Library","player_choice":"Read","floor":19.0,"gold_loss":0.0,"damage_taken":0.0,"cards_obtained":["Defragment"]},{"damage_healed":0.0,"max_hp_gain":0.0,"max_hp_loss":0.0,"gold_gain":0.0,"event_name":"Accursed Blacksmith","player_choice":"Forge","floor":20.0,"gold_loss":0.0,"damage_taken":0.0,"cards_upgraded":["Defragment"]}],"is_beta":true,"boss_relics":[{"not_picked":["White Beast Statue","Nuclear Battery"],"picked":"Coffee Dripper"}],"items_purged_floors":[],"is_endless":false,"potions_floor_spawned":[2,8,16],"killed_by":"Book of Stabbing","ascension_level":20}