{"gold_per_floor":[115,128,128,144,162,201,222,222,222,222,256,279,299,189,189,282,345,359,409,13,13,29,29,29,29,56,77,93,111,36,36,36,131,131,155,171,171,171],"floor_reached":38,"playtime":1910,"items_purged":[],"score":826,"play_id":"105237e3-f272-4b7c-921e-d3129b4f5264","local_time":"20180921222212","is_ascension_mode":true,"campfire_choices":[{"data":"Defragment","floor":8.0,"key":"SMITH"},{"floor":15.0,"key":"REST"},{"floor":23.0,"key":"REST"},{"data":"Defragment","floor":24.0,"key":"SMITH"},{"floor":32.0,"key":"REST"}],"neow_cost":"NONE","seed_source_timestamp":7813897913028,"circlet_count":0,"master_deck":["Strike_B","Strike_B","Strike_B","Defend_B","Defend_B","Defend_B","Defend_B","Zap","Dualcast+1","AscendersBane","Rainbow","FTL","Undo","Stack","Defragment+1","Sweeping Beam","Ball Lightning","Defragment+1","Leap","Loop","Cold Snap","Leap","Electrodynamics","Force Field","Stack","Heatsinks","Defragment+1","Tempest","Redo","Steam Power","Doom and Gloom","Core Surge","Melter"],"special_seed":0,"relics":["FrozenCore","Golden Idol","Orichalcum","Kunai","Mummified Hand","Tiny House","WingedGreaves","Blood Vial"],"potions_floor_usage":[],"damage_taken":[{"damage":2.0,"enemies":"Jaw Worm","floor":1.0,"turns":4.0},{"damage":2.0,"enemies":"2 Louse","floor":2.0,"turns":3.0},{"damage":0.0,"enemies":"Cultist","floor":4.0,"turns":4.0},{"damage":17.0,"enemies":"Lots of Slimes","floor":5.0,"turns":4.0},{"damage":12.0,"enemies":"Lagavulin","floor":6.0,"turns":6.0},{"damage":12.0,"enemies":"Gremlin Gang","floor":7.0,"turns":6.0},{"damage":0.0,"enemies":"3 Sentries","floor":11.0,"turns":7.0},{"damage":0.0,"enemies":"2 Fungi Beasts","floor":12.0,"turns":2.0},{"damage":5.0,"enemies":"3 Louse","floor":13.0,"turns":4.0},{"damage":14.0,"enemies":"Slime Boss","floor":16.0,"turns":6.0},{"damage":47.0,"enemies":"3 Byrds","floor":18.0,"turns":4.0},{"damage":2.0,"enemies":"Spheric Guardian","floor":22.0,"turns":4.0},{"damage":16.0,"enemies":"Snake Plant","floor":27.0,"turns":5.0},{"damage":8.0,"enemies":"3 Cultists","floor":28.0,"turns":3.0},{"damage":10.0,"enemies":"Sentry and Sphere","floor":29.0,"turns":5.0},{"damage":17.0,"enemies":"Automaton","floor":33.0,"turns":10.0},{"damage":18.0,"enemies":"3 Darklings","floor":35.0,"turns":4.0},{"damage":2.0,"enemies":"3 Shapes","floor":36.0,"turns":5.0},{"damage":43,"enemies":"Spire Growth","floor":38,"turns":4}],"seed_played":"4002490774109512553","potions_obtained":[{"floor":1.0,"key":"Ancient Potion"},{"floor":2.0,"key":"EssenceOfSteel"},{"floor":12.0,"key":"EssenceOfSteel"},{"floor":13.0,"key":"Swift Potion"},{"floor":18.0,"key":"Swift Potion"},{"floor":28.0,"key":"Dexterity Potion"},{"floor":33.0,"key":"SneckoOil"},{"floor":35.0,"key":"Block Potion"}],"is_trial":false,"path_per_floor":["M","M","?","M","M","E","M","R","T","?","E","M","M","$","R","B",null,"M","?","$","?","M","R","R","$","T","M","M","M","?","$","R","B",null,"M","M","?"],"character_chosen":"DEFECT","items_purchased":["Cold Snap","Leap","WingedGreaves","Heatsinks"],"campfire_rested":3,"item_purchase_floors":[14,14,20,20],"current_hp_per_floor":[62,60,60,60,43,31,19,19,19,19,19,19,14,14,33,19,58,11,11,11,11,9,29,29,29,29,15,9,1,1,1,21,6,53,37,37,37,0],"gold":171,"neow_bonus":"ONE_RANDOM_RARE_CARD","is_prod":false,"is_daily":false,"chose_seed":false,"campfire_upgraded":2,"win_rate":0,"timestamp":1537539732,"path_taken":["M","M","?","?","?","E","?","R","T","?","E","M","M","$","R","BOSS","M","?","?","?","M","R","R","$","T","M","?","M","?","?","R","BOSS","M","M","?","M"],"build_version":"2018-09-20","purchased_purges":0,"victory":false,"max_hp_per_floor":[71,71,64,64,64,64,64,64,64,64,64,64,64,64,64,64,69,69,69,69,69,69,69,69,69,69,69,69,69,69,69,69,69,69,69,69,69,69],"card_choices":[{"not_picked":["Beam Cell","Gash"],"picked":"FTL","floor":1.0},{"not_picked":["Gash","Conserve Battery"],"picked":"Undo","floor":2.0},{"not_picked":["Steam Power","Steam"],"picked":"Stack","floor":4.0},{"not_picked":["Turbo","Machine Learning"],"picked":"Defragment","floor":5.0},{"not_picked":["Gash","Consume"],"picked":"Sweeping Beam","floor":6.0},{"not_picked":["Loop","FTL"],"picked":"Ball Lightning","floor":7.0},{"not_picked":["Steam Power","Self Repair"],"picked":"Defragment","floor":11.0},{"not_picked":["Reprogram","Hologram"],"picked":"Leap","floor":12.0},{"not_picked":["Conserve Battery","Gash"],"picked":"Loop","floor":13.0},{"not_picked":["Seek","Reboot"],"picked":"Electrodynamics","floor":16.0},{"not_picked":["Coolheaded","Aggregate"],"picked":"Force Field","floor":17.0},{"not_picked":["Lockon","Barrage"],"picked":"Stack","floor":18.0},{"not_picked":["Go for the Eyes","Steam"],"picked":"Tempest","floor":22.0},{"not_picked":["Go for the Eyes","Steam"],"picked":"Redo","floor":27.0},{"not_picked":["Gash","Heatsinks"],"picked":"Steam Power","floor":28.0},{"not_picked":["Streamline+1","Beam Cell"],"picked":"Doom and Gloom","floor":29.0},{"not_picked":["Electrodynamics","Rainbow"],"picked":"Core Surge","floor":33.0},{"not_picked":["Doom and Gloom","Gash"],"picked":"Melter","floor":35.0},{"not_picked":["Melter","Redo","Cold Snap"],"picked":"SKIP","floor":36.0}],"player_experience":370028,"relics_obtained":[{"floor":6.0,"key":"Orichalcum"},{"floor":9.0,"key":"Kunai"},{"floor":11.0,"key":"Mummified Hand"},{"floor":26.0,"key":"Blood Vial"}],"event_choices":[{"event_name":"Golden Idol","player_choice":"Lose Max HP","floor":3.0,"damage_taken":0.0},{"event_name":"Scrap Ooze","player_choice":"unsuccessful","floor":10.0,"damage_taken":0.0},{"event_name":"Nest","player_choice":"Stole From Cult","floor":19.0,"damage_taken":0.0},{"event_name":"Duplicator","player_choice":"One dupe","floor":21.0,"damage_taken":0.0},{"event_name":"Beggar","player_choice":"Gave Gold","floor":30.0,"damage_taken":0.0},{"event_name":"Mysterious Sphere","player_choice":"Ignore","floor":37.0,"damage_taken":0.0}],"is_beta":true,"boss_relics":[{"not_picked":["Philosopher\u0027s Stone","Fusion Hammer"],"picked":"Tiny House"},{"not_picked":["Empty Cage","Eternal Feather"],"picked":"FrozenCore"}],"items_purged_floors":[],"is_endless":false,"potions_floor_spawned":[1,2,5,12,13,18,28,33,35],"killed_by":"Spire Growth","ascension_level":20}