{"gold_per_floor":[110,385,396,413,430,430,459,459,459,491,128,128,139,150,150,222,222,242,2,2,2,17,17,17,17,42,42,76,148,148,166,166,166],"floor_reached":33,"playtime":961,"items_purged":["Regret"],"score":533,"play_id":"9a454213-b233-40bb-a0bd-81ae5552f727","local_time":"20190128154353","is_ascension_mode":true,"campfire_choices":[{"data":"Perfected Strike","floor":6.0,"key":"SMITH"},{"data":"Bash","floor":8.0,"key":"SMITH"},{"data":"Infernal Blade","floor":12.0,"key":"SMITH"},{"data":"Offering","floor":15.0,"key":"SMITH"},{"data":"True Grit","floor":23,"key":"SMITH"},{"data":"Immolate","floor":25,"key":"SMITH"},{"data":"Shrug It Off","floor":27,"key":"SMITH"},{"data":"Ghostly Armor","floor":30,"key":"SMITH"},{"floor":32,"key":"REST"}],"neow_cost":"NONE","seed_source_timestamp":24331736939988,"circlet_count":0,"master_deck":["AscendersBane","Strike_R+1","Strike_R+1","Strike_R+1","Defend_R+1","Defend_R+1","Defend_R+1","Bash+1","Ghostly Armor+1","Infernal Blade+1","Perfected Strike+1","Shrug It Off+1","Offering+1","Immolate+1","Hemokinesis+1","Battle Trance+1","Bludgeon+1","True Grit+1"],"special_seed":0,"relics":["Burning Blood","NeowsBlessing","Nunchaku","Mango","Bird Faced Urn","Juzu Bracelet","Astrolabe","Medical Kit","Anchor","Potion Belt","Self Forming Clay"],"potions_floor_usage":[28,33],"damage_taken":[{"damage":0.0,"enemies":"Small Slimes","floor":1.0,"turns":1.0},{"damage":0.0,"enemies":"Cultist","floor":3.0,"turns":1.0},{"damage":0.0,"enemies":"Jaw Worm","floor":4.0,"turns":1.0},{"damage":19.0,"enemies":"Gremlin Gang","floor":5.0,"turns":6.0},{"damage":36.0,"enemies":"Lagavulin","floor":7.0,"turns":6.0},{"damage":40.0,"enemies":"Gremlin Nob","floor":10.0,"turns":5.0},{"damage":0.0,"enemies":"Looter","floor":13.0,"turns":1.0},{"damage":9.0,"enemies":"Exordium Thugs","floor":14.0,"turns":5.0},{"damage":6.0,"enemies":"Slime Boss","floor":16.0,"turns":3.0},{"damage":18.0,"enemies":"Shell Parasite","floor":18.0,"turns":2.0},{"damage":4,"enemies":"Chosen","floor":22,"turns":3},{"damage":26,"enemies":"Book of Stabbing","floor":28,"turns":5},{"damage":2,"enemies":"Snake Plant","floor":31,"turns":3},{"damage":91,"enemies":"Automaton","floor":33,"turns":12}],"seed_played":"-2876553783564648484","potions_obtained":[{"floor":1.0,"key":"Ancient Potion"},{"floor":5.0,"key":"SteroidPotion"},{"floor":18.0,"key":"Explosive Potion"},{"floor":28,"key":"Regen Potion"}],"is_trial":false,"path_per_floor":["M","?","M","M","M","R","E","R","T","E","$","R","M","M","R","B",null,"M","$","?","?","M","R","$","R","T","R","E","T","R","M","R","B"],"character_chosen":"IRONCLAD","items_purchased":["Offering","Juzu Bracelet","Medical Kit","True Grit"],"campfire_rested":1,"item_purchase_floors":[11,11,19,19],"current_hp_per_floor":[78,78,80,80,67,67,37,37,51,17,17,17,23,20,20,20,76,64,64,94,94,94,94,94,94,94,94,74,74,74,78,94,18],"gold":166,"neow_bonus":"THREE_ENEMY_KILL","is_prod":false,"is_daily":false,"chose_seed":false,"campfire_upgraded":8,"win_rate":0,"timestamp":1548661433,"path_taken":["M","?","?","M","?","R","E","R","T","E","$","R","M","M","R","BOSS","M","$","?","?","M","R","$","R","T","R","E","?","R","M","R","BOSS"],"build_version":"2019-01-23","purchased_purges":1,"victory":false,"max_hp_per_floor":[80,80,80,80,80,80,80,80,94,94,94,94,94,94,94,94,94,94,94,94,94,94,94,94,94,94,94,94,94,94,94,94,94],"card_choices":[{"not_picked":["Pommel Strike","Sword Boomerang"],"picked":"Ghostly Armor","floor":1.0},{"not_picked":["Clash","Pummel"],"picked":"Infernal Blade","floor":3.0},{"not_picked":["Fire Breathing","Burning Pact","Twin Strike"],"picked":"SKIP","floor":4.0},{"not_picked":["Spot Weakness","Sever Soul"],"picked":"Perfected Strike","floor":5.0},{"not_picked":["Body Slam","Cleave","Berserk"],"picked":"SKIP","floor":7.0},{"not_picked":["Clash","Corruption"],"picked":"Shrug It Off","floor":10.0},{"not_picked":["Combust","Sword Boomerang","Bloodletting"],"picked":"SKIP","floor":13.0},{"not_picked":["Infernal Blade","Anger","Clothesline"],"picked":"SKIP","floor":14.0},{"not_picked":["Fiend Fire","Barricade"],"picked":"Immolate","floor":16.0},{"not_picked":["Shrug It Off","Iron Wave","Pommel Strike"],"picked":"SKIP","floor":18.0},{"not_picked":["Clash","Ghostly Armor","Sword Boomerang"],"picked":"SKIP","floor":22},{"not_picked":["Clothesline","Inflame","Spot Weakness"],"picked":"SKIP","floor":28},{"not_picked":["Reckless Charge","Infernal Blade","Anger"],"picked":"SKIP","floor":31}],"player_experience":703744,"relics_obtained":[{"floor":7.0,"key":"Nunchaku"},{"floor":9.0,"key":"Mango"},{"floor":10.0,"key":"Bird Faced Urn"},{"floor":26,"key":"Anchor"},{"floor":28,"key":"Potion Belt"},{"floor":29,"key":"Self Forming Clay"}],"event_choices":[{"damage_healed":0.0,"max_hp_gain":0.0,"max_hp_loss":0.0,"gold_gain":275.0,"event_name":"Golden Shrine","player_choice":"Desecrate","floor":2.0,"gold_loss":0.0,"damage_taken":0.0,"cards_obtained":["Regret"]},{"damage_healed":31,"gold_gain":0,"player_choice":"Heal","damage_taken":0,"max_hp_gain":0,"max_hp_loss":0,"event_name":"The Library","floor":20,"gold_loss":0},{"damage_healed":0,"gold_gain":0,"player_choice":"Simplicity","damage_taken":0,"max_hp_gain":0,"max_hp_loss":0,"event_name":"Back to Basics","floor":21,"gold_loss":0,"cards_upgraded":["Strike_R","Strike_R","Strike_R","Defend_R","Defend_R","Defend_R"]}],"is_beta":true,"boss_relics":[{"not_picked":["Lizard Tail","Black Star"],"picked":"Astrolabe"}],"items_purged_floors":[11],"is_endless":false,"potions_floor_spawned":[1,5,10,14,18,28],"killed_by":"Automaton","ascension_level":13}