{"gold_per_floor":[111,127,41,41,55,55,82,82,82,97,97],"floor_reached":11,"playtime":363,"items_purged":[],"score":146,"play_id":"e02e8db6-7d4c-4615-9281-15f65b4bd55e","local_time":"20190110205656","is_ascension_mode":true,"campfire_choices":[{"data":"Hologram","floor":6.0,"key":"SMITH"},{"data":"Turbo","floor":8.0,"key":"SMITH"}],"neow_cost":"NONE","seed_source_timestamp":9185496586443,"circlet_count":0,"master_deck":["AscendersBane","Strike_B","Strike_B","Strike_B","Strike_B","Defend_B","Defend_B","Defend_B","Defend_B","Zap","Dualcast","Meteor Strike","Cold Snap","Self Repair","Ball Lightning","Leap","Hologram+1","Turbo+1"],"special_seed":0,"relics":["Cracked Core","WingedGreaves","Ginger"],"potions_floor_usage":[11,11],"damage_taken":[{"damage":1.0,"enemies":"Cultist","floor":1.0,"turns":3.0},{"damage":4.0,"enemies":"2 Louse","floor":2.0,"turns":3.0},{"damage":9.0,"enemies":"Small Slimes","floor":5.0,"turns":4.0},{"damage":46.0,"enemies":"3 Sentries","floor":7.0,"turns":8.0},{"damage":4.0,"enemies":"Blue Slaver","floor":10.0,"turns":3.0},{"damage":0,"enemies":"Gremlin Nob","floor":11,"turns":2}],"seed_played":"-2434966304696836383","potions_obtained":[{"floor":5.0,"key":"Fire Potion"},{"floor":7.0,"key":"EssenceOfSteel"}],"is_trial":false,"path_per_floor":["M","M","$","?","M","R","E","R","T","M","E"],"character_chosen":"DEFECT","items_purchased":["Ball Lightning","Leap"],"campfire_rested":0,"item_purchase_floors":[3,3],"current_hp_per_floor":[63,59,59,59,57,57,18,18,18,14,14],"gold":97,"neow_bonus":"ONE_RANDOM_RARE_CARD","is_prod":false,"is_daily":false,"chose_seed":false,"campfire_upgraded":2,"win_rate":0,"timestamp":1547125016,"path_taken":["M","M","?","?","M","R","E","R","T","M","E"],"build_version":"2019-01-09","purchased_purges":0,"victory":false,"max_hp_per_floor":[71,71,71,71,71,71,71,71,71,71,71],"card_choices":[{"not_picked":["Gash","Stack"],"picked":"Cold Snap","floor":1.0},{"not_picked":["Chaos","Sweeping Beam"],"picked":"Self Repair","floor":2.0},{"not_picked":["Barrage","Lockon"],"picked":"Hologram","floor":5.0},{"not_picked":["Melter","Ball Lightning"],"picked":"Turbo","floor":7.0},{"not_picked":["Static Discharge","Turbo","Sweeping Beam"],"picked":"SKIP","floor":10.0}],"player_experience":676223,"relics_obtained":[{"floor":7.0,"key":"WingedGreaves"},{"floor":9.0,"key":"Ginger"}],"event_choices":[{"damage_healed":0.0,"max_hp_gain":0.0,"max_hp_loss":0.0,"gold_gain":0.0,"event_name":"Scrap Ooze","player_choice":"Fled","floor":4.0,"gold_loss":0.0,"damage_taken":0.0}],"is_beta":true,"boss_relics":[],"items_purged_floors":[],"is_endless":false,"potions_floor_spawned":[5,7],"killed_by":"Gremlin Nob","ascension_level":20}