{"gold_per_floor":[18,31,42,53,70,96,96,114,140,160,125,136,86,117,117,222,222,234,234,248,173,187,201,201],"floor_reached":24,"playtime":2669,"items_purged":["Strike_R"],"score":214,"play_id":"14099290-e469-4bb5-8208-dda4b93d40ed","local_time":"20190806224706","is_ascension_mode":false,"campfire_choices":[{"data":"Fire Breathing","floor":7,"key":"SMITH"},{"data":"Fire Breathing","floor":15,"key":"SMITH"}],"neow_cost":"NO_GOLD","seed_source_timestamp":181564164873708,"circlet_count":0,"master_deck":["Strike_R","Strike_R","Defend_R","Defend_R","Defend_R","Bash","Uppercut","Rage","Fire Breathing+1","Warcry","Pommel Strike","Fire Breathing+1","Iron Wave","Anger","Inflame","Thunderclap","Reaper","Feed","Sword Boomerang+1","Warcry+1","Dropkick+1","Anger"],"relics":["Burning Blood","Lantern","Bag of Preparation","Bag of Marbles","Philosopher\u0027s Stone"],"potions_floor_usage":[5,6,14,16,16],"damage_taken":[{"damage":5,"enemies":"Small Slimes","floor":1,"turns":4},{"damage":2,"enemies":"2 Louse","floor":2,"turns":3},{"damage":0,"enemies":"Cultist","floor":3,"turns":3},{"damage":8,"enemies":"Exordium Wildlife","floor":4,"turns":4},{"damage":14,"enemies":"Exordium Thugs","floor":5,"turns":5},{"damage":33,"enemies":"3 Sentries","floor":6,"turns":8},{"damage":8,"enemies":"Blue Slaver","floor":8,"turns":4},{"damage":0,"enemies":"Exordium Wildlife","floor":10,"turns":3},{"damage":0,"enemies":"Large Slime","floor":12,"turns":2},{"damage":21,"enemies":"Lagavulin","floor":14,"turns":4},{"damage":26,"enemies":"Hexaghost","floor":16,"turns":7},{"damage":5,"enemies":"Shell Parasite","floor":18,"turns":3},{"damage":13,"enemies":"3 Byrds","floor":20,"turns":4},{"damage":50,"enemies":"Snake Plant","floor":22,"turns":5},{"damage":17,"enemies":"Snecko","floor":23,"turns":4},{"damage":39,"enemies":"Book of Stabbing","floor":24,"turns":4}],"seed_played":"6024270372220520087","potions_obtained":[{"floor":1,"key":"PowerPotion"},{"floor":3,"key":"SkillPotion"},{"floor":6,"key":"FearPotion"},{"floor":12,"key":"Explosive Potion"},{"floor":14,"key":"Poison Potion"}],"is_trial":false,"path_per_floor":["M","M","M","M","M","E","R","M","T","M","$","M","?","E","R","B",null,"M","$","M","$","M","M","E"],"character_chosen":"IRONCLAD","items_purchased":["Inflame"],"campfire_rested":0,"item_purchase_floors":[11],"current_hp_per_floor":[80,80,80,78,70,43,43,41,41,47,47,53,53,38,38,27,80,83,83,79,79,35,30,0],"gold":201,"neow_bonus":"REMOVE_TWO","is_prod":false,"is_daily":false,"chose_seed":false,"campfire_upgraded":2,"win_rate":0,"timestamp":1565124426,"path_taken":["M","M","M","M","M","E","R","M","T","M","$","M","?","E","R","BOSS","M","$","M","$","M","M","E"],"build_version":"2019-07-17","purchased_purges":1,"victory":false,"max_hp_per_floor":[80,80,80,80,80,80,80,80,80,80,80,80,80,80,80,80,80,83,83,86,86,86,86,86],"card_choices":[{"not_picked":["Feel No Pain","True Grit"],"picked":"Uppercut","floor":1},{"not_picked":["Corruption","Rage","Blood for Blood"],"picked":"SKIP","floor":2},{"not_picked":["Corruption","Blood for Blood"],"picked":"Rage","floor":2},{"not_picked":["Blood for Blood","Perfected Strike"],"picked":"Fire Breathing","floor":3},{"not_picked":["Bludgeon","Headbutt"],"picked":"Warcry","floor":4},{"not_picked":["Body Slam","Clash"],"picked":"Pommel Strike","floor":5},{"not_picked":["Intimidate","Carnage"],"picked":"Fire Breathing","floor":6},{"not_picked":["Warcry","Seeing Red"],"picked":"Iron Wave","floor":8},{"not_picked":["Body Slam","Blood for Blood"],"picked":"Anger","floor":10},{"not_picked":["Flex","Heavy Blade"],"picked":"Thunderclap","floor":12},{"not_picked":["Warcry","Anger"],"picked":"Reaper","floor":14},{"not_picked":["Impervious","Dark Embrace"],"picked":"Feed","floor":16},{"not_picked":["Body Slam+1","Blood for Blood"],"picked":"Sword Boomerang+1","floor":18},{"not_picked":["Rage+1","Heavy Blade"],"picked":"Warcry+1","floor":20},{"not_picked":["Spot Weakness","Thunderclap"],"picked":"Dropkick+1","floor":22},{"not_picked":["Heavy Blade+1","Iron Wave"],"picked":"Anger","floor":23}],"player_experience":25202,"relics_obtained":[{"floor":6,"key":"Lantern"},{"floor":9,"key":"Bag of Preparation"},{"floor":14,"key":"Bag of Marbles"}],"event_choices":[{"cards_removed":["Defend_R"],"damage_healed":0,"gold_gain":0,"player_choice":"Card Removal","damage_taken":0,"max_hp_gain":0,"max_hp_loss":0,"event_name":"The Cleric","floor":13,"gold_loss":50}],"is_beta":false,"boss_relics":[{"not_picked":["Runic Cube","Lizard Tail"],"picked":"Philosopher\u0027s Stone"}],"items_purged_floors":[21],"is_endless":false,"potions_floor_spawned":[1,3,6,12,14],"killed_by":"Book of Stabbing","ascension_level":0}