{"gold_per_floor":[119,44,194,37,87,87,118,132,132,132,144,176],"floor_reached":12,"playtime":261,"items_purged":["Strike_G","Doubt"],"score":222,"play_id":"2feacde9-7d0e-48d2-bf03-029cefe57eee","local_time":"20190129121330","is_ascension_mode":true,"campfire_choices":[{"data":"Neutralize","floor":6,"key":"SMITH"},{"data":"Noxious Fumes","floor":10,"key":"SMITH"}],"neow_cost":"NONE","seed_source_timestamp":13791419119624,"circlet_count":0,"master_deck":["AscendersBane","Defend_G","Defend_G","Defend_G","Defend_G","Defend_G","Strike_G","Strike_G","Strike_G","Strike_G","Survivor","Neutralize+1","Deadly Poison","Backflip","Noxious Fumes+1"],"relics":["Ring of the Snake","NeowsBlessing","Molten Egg 2","keyreminder:keyreminder","Letter Opener","Oddly Smooth Stone"],"potions_floor_usage":[],"damage_taken":[{"damage":0,"enemies":"Small Slimes","floor":1,"turns":1},{"damage":0,"enemies":"Gremlin Nob","floor":7,"turns":1},{"damage":0,"enemies":"Jaw Worm","floor":8,"turns":1},{"damage":0,"enemies":"Cultist","floor":11,"turns":4},{"damage":34,"enemies":"3 Sentries","floor":12,"turns":8}],"seed_played":"-3213206923351312526","potions_obtained":[{"floor":7,"key":"LiquidBronze"}],"is_trial":false,"path_per_floor":["M","$","?","$","?","R","E","M","T","R","M","E"],"character_chosen":"THE_SILENT","items_purchased":["Swift Potion"],"campfire_rested":0,"item_purchase_floors":[4],"current_hp_per_floor":[59,59,59,59,59,59,59,59,59,59,59,25],"gold":176,"neow_bonus":"THREE_ENEMY_KILL","is_prod":false,"is_daily":false,"chose_seed":false,"campfire_upgraded":2,"win_rate":0,"timestamp":1548735210,"path_taken":["M","$","?","$","?","R","E","M","T","R","M","E"],"build_version":"2019-01-23","purchased_purges":2,"victory":false,"max_hp_per_floor":[66,66,66,66,66,66,66,66,66,66,66,66],"card_choices":[{"not_picked":["Poisoned Stab","Acrobatics"],"picked":"Deadly Poison","floor":1},{"not_picked":["Flechettes","Prepared"],"picked":"Backflip","floor":7},{"not_picked":["Deflect","Dodge and Roll"],"picked":"Noxious Fumes","floor":8},{"not_picked":["Outmaneuver","Flechettes+1","Underhanded Strike+1"],"picked":"SKIP","floor":11}],"player_experience":723291,"relics_obtained":[{"floor":7,"key":"Molten Egg 2"},{"floor":9,"key":"Letter Opener"},{"floor":12,"key":"Oddly Smooth Stone"}],"event_choices":[{"damage_healed":0,"gold_gain":150,"player_choice":"AGREE","damage_taken":0,"max_hp_gain":0,"max_hp_loss":0,"event_name":"Liars Game","floor":3,"gold_loss":0,"cards_obtained":["Doubt"]},{"damage_healed":0,"gold_gain":50,"player_choice":"Pray","damage_taken":0,"max_hp_gain":0,"max_hp_loss":0,"event_name":"Golden Shrine","floor":5,"gold_loss":0}],"is_beta":true,"boss_relics":[],"items_purged_floors":[2,4],"is_endless":false,"potions_floor_spawned":[7,11,12],"killed_by":"3 Sentries","ascension_level":20}