{"gold_per_floor":[110,126,301,301,33,33,106,135,135,170,170,198,198,217,217,320,320,338,338,358,368,387,387,387,416,416,416,121,138,138,56,56,56],"floor_reached":33,"playtime":1268,"items_purged":["Doubt"],"score":400,"play_id":"d6efaa67-a128-44a8-abb3-fc1b2d2bddfb","local_time":"20190806124047","is_ascension_mode":true,"campfire_choices":[{"data":"Uppercut","floor":6,"key":"SMITH"},{"data":"Limit Break","floor":11,"key":"SMITH"},{"data":"Flex","floor":13,"key":"SMITH"},{"data":"Flex","floor":15,"key":"SMITH"},{"floor":23,"key":"REST"},{"floor":27,"key":"REST"},{"floor":30,"key":"REST"},{"data":"Bludgeon","floor":32,"key":"SMITH"}],"neow_cost":"NONE","seed_source_timestamp":1223014978277865,"circlet_count":0,"master_deck":["Strike_R","Strike_R","Strike_R","Strike_R","Strike_R","Defend_R","Defend_R","Defend_R","Defend_R","Bash","Uppercut+1","Flex+1","Limit Break+1","Fire Breathing+1","Flex+1","Bludgeon+1","Clash+1","Perfected Strike","Flex+1","Fire Breathing+1","Headbutt+1","Reaper"],"relics":["Burning Blood","NeowsBlessing","PreservedInsect","Toy Ornithopter","Oddly Smooth Stone","Lantern","Frozen Egg 2","Darkstone Periapt","Mark of Pain","Blood Vial","Ancient Tea Set","Bronze Scales","FossilizedHelix"],"potions_floor_usage":[12,16,16,18,20,22,33],"damage_taken":[{"damage":0,"enemies":"Small Slimes","floor":1,"turns":1},{"damage":0,"enemies":"Jaw Worm","floor":2,"turns":1},{"damage":0,"enemies":"3 Sentries","floor":8,"turns":2},{"damage":1,"enemies":"Lagavulin","floor":10,"turns":5},{"damage":0,"enemies":"Gremlin Nob","floor":12,"turns":2},{"damage":0,"enemies":"Cultist","floor":14,"turns":2},{"damage":0,"enemies":"Slime Boss","floor":16,"turns":6},{"damage":27,"enemies":"3 Byrds","floor":18,"turns":6},{"damage":24,"enemies":"Spheric Guardian","floor":20,"turns":5},{"damage":39,"enemies":"Shelled Parasite and Fungi","floor":21,"turns":7},{"damage":0,"enemies":"Centurion and Healer","floor":22,"turns":5},{"damage":56,"enemies":"Gremlin Leader","floor":25,"turns":7},{"damage":6,"enemies":"Cultist and Chosen","floor":29,"turns":3},{"damage":102,"enemies":"Automaton","floor":33,"turns":10}],"seed_played":"1535974829551330651","potions_obtained":[{"floor":8,"key":"SkillPotion"},{"floor":10,"key":"Fire Potion"},{"floor":14,"key":"Energy Potion"},{"floor":16,"key":"Weak Potion"},{"floor":18,"key":"Regen Potion"},{"floor":21,"key":"FearPotion"},{"floor":29,"key":"Weak Potion"}],"is_trial":false,"path_per_floor":["M","M","?","T","$","R","?","E","T","E","R","E","R","M","R","B",null,"M","?","M","M","M","R","?","E","T","R","$","M","R","$","R","B"],"character_chosen":"IRONCLAD","items_purchased":["Toy Ornithopter","FossilizedHelix","Reaper"],"campfire_rested":3,"item_purchase_floors":[5,28,31],"current_hp_per_floor":[80,80,80,80,80,80,80,80,80,80,80,80,80,80,80,80,80,59,65,68,37,50,75,75,27,27,52,52,54,79,79,79,0],"gold":56,"neow_bonus":"THREE_ENEMY_KILL","is_prod":false,"is_daily":false,"chose_seed":false,"campfire_upgraded":5,"win_rate":0,"timestamp":1565109647,"path_taken":["M","M","?","?","$","R","?","E","T","E","R","E","R","M","R","BOSS","M","?","M","M","M","R","?","E","T","R","$","?","R","$","R","BOSS"],"build_version":"2019-06-28","purchased_purges":1,"victory":false,"max_hp_per_floor":[80,80,80,80,80,80,80,80,80,80,80,80,80,80,80,80,80,80,86,86,86,86,86,86,86,86,86,86,86,86,86,86,86],"card_choices":[{"not_picked":["Armaments","Spot Weakness"],"picked":"Uppercut","floor":1},{"not_picked":["Sever Soul","Thunderclap"],"picked":"Flex","floor":2},{"not_picked":["Feel No Pain","Warcry","Blood for Blood"],"picked":"SKIP","floor":8},{"not_picked":["Clothesline","Fire Breathing"],"picked":"Limit Break","floor":10},{"not_picked":["Bloodletting","Warcry"],"picked":"Fire Breathing+1","floor":12},{"not_picked":["Anger","Carnage"],"picked":"Flex","floor":14},{"not_picked":["Brutality+1","Berserk+1"],"picked":"Bludgeon","floor":16},{"not_picked":["Disarm+1","Thunderclap"],"picked":"Clash+1","floor":18},{"not_picked":["Warcry","Wild Strike+1"],"picked":"Perfected Strike","floor":20},{"not_picked":["Bloodletting","Uppercut"],"picked":"Flex+1","floor":21},{"not_picked":["Iron Wave","Seeing Red"],"picked":"Fire Breathing+1","floor":22},{"not_picked":["Clothesline","Twin Strike","Headbutt"],"picked":"SKIP","floor":25},{"not_picked":["Heavy Blade","Body Slam"],"picked":"Headbutt+1","floor":29}],"player_experience":31269,"relics_obtained":[{"floor":4,"key":"PreservedInsect"},{"floor":8,"key":"Oddly Smooth Stone"},{"floor":9,"key":"Lantern"},{"floor":10,"key":"Frozen Egg 2"},{"floor":12,"key":"Darkstone Periapt"},{"floor":25,"key":"Ancient Tea Set"},{"floor":26,"key":"Bronze Scales"}],"event_choices":[{"damage_healed":0,"gold_gain":175,"player_choice":"AGREE","damage_taken":0,"max_hp_gain":0,"max_hp_loss":0,"event_name":"Liars Game","floor":3,"gold_loss":0,"cards_obtained":["Doubt"]},{"damage_healed":0,"gold_gain":73,"player_choice":"Gained Gold","damage_taken":0,"max_hp_gain":0,"max_hp_loss":0,"event_name":"Golden Wing","floor":7,"gold_loss":0},{"damage_healed":0,"gold_gain":0,"player_choice":"Stole Relic","damage_taken":0,"relics_obtained":["Blood Vial"],"max_hp_gain":0,"max_hp_loss":0,"event_name":"Addict","floor":19,"gold_loss":0,"cards_obtained":["Shame"]},{"cards_removed":["Shame"],"damage_healed":0,"gold_gain":0,"player_choice":"Removed Curses","damage_taken":0,"max_hp_gain":0,"max_hp_loss":0,"event_name":"Fountain of Cleansing","floor":24,"gold_loss":0}],"is_beta":true,"boss_relics":[{"not_picked":["Ectoplasm","Runic Cube"],"picked":"Mark of Pain"}],"items_purged_floors":[5],"is_endless":false,"potions_floor_spawned":[8,10,14,16,18,21,29],"killed_by":"Automaton","ascension_level":1}