{"gold_per_floor":[118,118,118,118,137,137,148,148,148,173,185,185,185,196,196,298,298,312,237,247,54,54,54,65,94,171,171,190,190,208,224,224,323,323,335,335,335,345,356,356,46,46,70,103,103,116,131,151,151,151,151,151,2,31,31],"floor_reached":55,"playtime":2807,"items_purged":["Strike_R","Strike_R"],"score":721,"play_id":"e70ba84e-f238-4295-80c8-3e52a19ca514","local_time":"20190807201852","is_ascension_mode":false,"campfire_choices":[{"floor":6,"key":"RECALL"},{"data":"Body Slam","floor":8,"key":"SMITH"},{"data":"Rampage","floor":15,"key":"SMITH"},{"data":"Defend_R","floor":23,"key":"PURGE"},{"data":"Defend_R","floor":29,"key":"PURGE"},{"data":"Bash","floor":32,"key":"PURGE"},{"data":"Flame Barrier","floor":40,"key":"PURGE"},{"data":"True Grit","floor":49,"key":"PURGE"},{"data":"Impervious","floor":52,"key":"PURGE"}],"neow_cost":"TEN_PERCENT_HP_LOSS","seed_source_timestamp":154128042024789,"circlet_count":0,"master_deck":["Body Slam+1","Rampage+1","Shrug It Off","Deep Breath","Shrug It Off","Body Slam+1"],"relics":["Burning Blood","Peace Pipe","Incense Burner","Coffee Dripper","Mango","Fusion Hammer","Oddly Smooth Stone","Bronze Scales","Red Skull","Bag of Marbles","Vajra"],"potions_floor_usage":[10,10,25,54,54,55,55],"damage_taken":[{"damage":1,"enemies":"2 Louse","floor":1,"turns":2},{"damage":10,"enemies":"Small Slimes","floor":4,"turns":4},{"damage":6,"enemies":"Jaw Worm","floor":5,"turns":4},{"damage":7,"enemies":"2 Fungi Beasts","floor":7,"turns":3},{"damage":32,"enemies":"3 Sentries","floor":10,"turns":8},{"damage":8,"enemies":"Large Slime","floor":11,"turns":5},{"damage":2,"enemies":"Exordium Thugs","floor":14,"turns":5},{"damage":3,"enemies":"Hexaghost","floor":16,"turns":9},{"damage":0,"enemies":"3 Byrds","floor":18,"turns":4},{"damage":9,"enemies":"Spheric Guardian","floor":20,"turns":5},{"damage":0,"enemies":"Centurion and Healer","floor":24,"turns":4},{"damage":7,"enemies":"Gremlin Leader","floor":25,"turns":5},{"damage":0,"enemies":"Shelled Parasite and Fungi","floor":28,"turns":3},{"damage":0,"enemies":"Cultist and Chosen","floor":30,"turns":3},{"damage":5,"enemies":"3 Cultists","floor":31,"turns":4},{"damage":20,"enemies":"Collector","floor":33,"turns":4},{"damage":4,"enemies":"3 Darklings","floor":35,"turns":3},{"damage":0,"enemies":"Orb Walker","floor":38,"turns":2},{"damage":0,"enemies":"Spire Growth","floor":39,"turns":2},{"damage":0,"enemies":"Reptomancer","floor":44,"turns":3},{"damage":0,"enemies":"4 Shapes","floor":46,"turns":3},{"damage":0,"enemies":"3 Darklings","floor":47,"turns":2},{"damage":0,"enemies":"Jaw Worm Horde","floor":48,"turns":2},{"damage":15,"enemies":"Awakened One","floor":50,"turns":6},{"damage":34,"enemies":"Shield and Spear","floor":54,"turns":3},{"damage":80,"enemies":"The Heart","floor":55,"turns":3}],"seed_played":"-4534174201317809438","potions_obtained":[{"floor":1,"key":"Fire Potion"},{"floor":7,"key":"AttackPotion"},{"floor":14,"key":"Poison Potion"},{"floor":24,"key":"SteroidPotion"},{"floor":25,"key":"Fruit Juice"},{"floor":30,"key":"FearPotion"},{"floor":54,"key":"SkillPotion"}],"is_trial":false,"path_per_floor":["M","?","?","M","M","R","M","R","T","E","M","$","?","M","R","B",null,"M","$","M","$","?","R","M","E","T","?","M","R","M","M","R","B",null,"M","$","?","M","M","R","$","$","T","E","?","M","M","M","R","B",null,"R","$","E","B"],"character_chosen":"IRONCLAD","items_purchased":["Deep Breath","Oddly Smooth Stone","Bronze Scales","Vajra"],"campfire_rested":0,"item_purchase_floors":[21,41,41,53],"current_hp_per_floor":[72,65,70,66,66,66,65,65,65,39,37,37,37,41,41,44,77,77,77,74,74,74,74,77,95,95,95,96,96,96,96,96,82,96,96,96,87,93,96,96,96,96,96,96,96,96,96,96,96,87,96,96,96,68,0],"gold":31,"neow_bonus":"REMOVE_TWO","is_prod":false,"is_daily":false,"chose_seed":false,"campfire_upgraded":2,"win_rate":0,"timestamp":1565223532,"path_taken":["M","?","?","M","M","R","M","R","T","E","M","$","?","M","R","BOSS","M","$","M","$","?","R","M","E","T","?","M","R","?","M","R","BOSS","M","$","?","M","?","R","?","$","T","E","?","M","M","M","R","BOSS","R","$","E","BOSS"],"build_version":"2019-07-17","purchased_purges":2,"victory":false,"max_hp_per_floor":[72,72,77,77,77,77,77,77,77,77,77,77,77,77,77,77,77,77,77,77,77,77,77,77,96,96,96,96,96,96,96,96,96,96,96,96,96,96,96,96,96,96,96,96,96,96,96,96,96,96,96,96,96,96,96],"card_choices":[{"not_picked":["Infernal Blade","Anger","True Grit"],"picked":"SKIP","floor":1},{"not_picked":["Headbutt","Flex"],"picked":"Body Slam","floor":4},{"not_picked":["Sword Boomerang","Feel No Pain"],"picked":"Rampage","floor":5},{"not_picked":["Pommel Strike","Havoc"],"picked":"Shrug It Off","floor":7},{"not_picked":["Havoc","Spot Weakness","Bloodletting"],"picked":"SKIP","floor":10},{"not_picked":["True Grit","Inflame"],"picked":"Flame Barrier","floor":11},{"not_picked":["Clash","Wild Strike","Flex"],"picked":"SKIP","floor":14},{"not_picked":["Cleave","Flex","Havoc"],"picked":"SKIP","floor":18},{"not_picked":["Fire Breathing","Pommel Strike","Heavy Blade+1"],"picked":"SKIP","floor":20},{"not_picked":["Hemokinesis","Perfected Strike","Flex+1"],"picked":"SKIP","floor":24},{"not_picked":["Wild Strike","Pommel Strike","Sever Soul+1"],"picked":"SKIP","floor":25},{"not_picked":["Sword Boomerang","Carnage"],"picked":"Impervious","floor":28},{"not_picked":["Pommel Strike+1","Perfected Strike+1","Warcry"],"picked":"SKIP","floor":30},{"not_picked":["Flex","Intimidate"],"picked":"Shrug It Off","floor":31},{"not_picked":["Thunderclap+1","Twin Strike+1","Cleave"],"picked":"SKIP","floor":35},{"not_picked":["Headbutt+1","Havoc","Twin Strike+1"],"picked":"SKIP","floor":38},{"not_picked":["Wild Strike","Shrug It Off+1"],"picked":"Body Slam+1","floor":39},{"not_picked":["Spot Weakness+1","Seeing Red","Blood for Blood+1"],"picked":"SKIP","floor":44},{"not_picked":["Immolate","Twin Strike+1","Second Wind"],"picked":"SKIP","floor":46},{"not_picked":["Havoc","Shockwave+1","Feel No Pain"],"picked":"SKIP","floor":47},{"not_picked":["Combust","Perfected Strike+1"],"picked":"True Grit","floor":48},{"not_picked":["Heavy Blade","Bloodletting","Armaments+1"],"picked":"SKIP","floor":54}],"player_experience":73432,"relics_obtained":[{"floor":9,"key":"Peace Pipe"},{"floor":10,"key":"Incense Burner"},{"floor":25,"key":"Mango"},{"floor":43,"key":"Red Skull"},{"floor":44,"key":"Bag of Marbles"}],"event_choices":[{"cards_removed":["Strike_R"],"damage_healed":0,"gold_gain":0,"player_choice":"Card Removal","damage_taken":7,"max_hp_gain":0,"max_hp_loss":0,"event_name":"Golden Wing","floor":2,"gold_loss":0},{"damage_healed":0,"gold_gain":0,"player_choice":"Donut","damage_taken":0,"max_hp_gain":5,"max_hp_loss":0,"event_name":"Big Fish","floor":3,"gold_loss":0},{"cards_removed":["Strike_R"],"damage_healed":0,"gold_gain":0,"player_choice":"Forget","damage_taken":0,"max_hp_gain":0,"max_hp_loss":0,"event_name":"Living Wall","floor":13,"gold_loss":0},{"cards_removed":["Defend_R"],"damage_healed":0,"gold_gain":0,"player_choice":"Elegance","damage_taken":0,"max_hp_gain":0,"max_hp_loss":0,"event_name":"Back to Basics","floor":22,"gold_loss":0},{"damage_healed":0,"gold_gain":0,"player_choice":"Ignored","damage_taken":0,"max_hp_gain":0,"max_hp_loss":0,"event_name":"NoteForYourself","floor":27,"gold_loss":0},{"damage_healed":0,"gold_gain":0,"player_choice":"Damaged","damage_taken":9,"max_hp_gain":0,"max_hp_loss":0,"event_name":"Wheel of Change","floor":37,"gold_loss":0},{"damage_healed":0,"gold_gain":0,"player_choice":"Ignored","damage_taken":0,"max_hp_gain":0,"max_hp_loss":0,"event_name":"SecretPortal","floor":45,"gold_loss":0}],"is_beta":false,"boss_relics":[{"not_picked":["Runic Dome","Snecko Eye"],"picked":"Coffee Dripper"},{"not_picked":["Mark of Pain","Empty Cage"],"picked":"Fusion Hammer"}],"items_purged_floors":[19,21],"is_endless":false,"potions_floor_spawned":[1,7,14,24,25,30,33,44,46,47,54],"killed_by":"The Heart","ascension_level":0}