{"gold_per_floor":[113,113,129,129,139,139,168,168,168,195,209,226,244,255,255,255],"floor_reached":16,"playtime":1440,"items_purged":[],"score":137,"play_id":"64ac32d6-7930-42fb-bf85-b7db6f6d7a17","local_time":"20180924122626","is_ascension_mode":true,"campfire_choices":[{"data":"Wraith Form v2","floor":6.0,"key":"SMITH"},{"floor":8.0,"key":"REST"},{"floor":15,"key":"REST"}],"neow_cost":"NONE","seed_source_timestamp":11263651722650,"circlet_count":0,"master_deck":["Defend_G","Defend_G","Defend_G","Defend_G","Defend_G","Strike_G","Strike_G","Strike_G","Strike_G","Survivor","Neutralize+1","Wraith Form v2+1","PiercingWail","Backstab","Masterful Stab","All Out Attack","Flying Knee"],"special_seed":0,"relics":["Ring of the Snake","Kunai","Omamori","Dodecahedron"],"potions_floor_usage":[],"damage_taken":[{"damage":2.0,"enemies":"Jaw Worm","floor":1.0,"turns":5.0},{"damage":4.0,"enemies":"Cultist","floor":3.0,"turns":6.0},{"damage":4.0,"enemies":"Small Slimes","floor":5.0,"turns":5.0},{"damage":31.0,"enemies":"3 Sentries","floor":7.0,"turns":10.0},{"damage":18,"enemies":"Lagavulin","floor":10,"turns":11},{"damage":3,"enemies":"2 Fungi Beasts","floor":11,"turns":3},{"damage":0,"enemies":"3 Louse","floor":12,"turns":4},{"damage":5,"enemies":"Large Slime","floor":13,"turns":6},{"damage":0,"enemies":"Blue Slaver","floor":14,"turns":3},{"damage":52,"enemies":"Slime Boss","floor":16,"turns":9}],"seed_played":"-6622804506044083758","potions_obtained":[{"floor":5.0,"key":"AttackPotion"},{"floor":12,"key":"LiquidBronze"},{"floor":14,"key":"Dexterity Potion"}],"is_trial":false,"path_per_floor":["M","?","M","?","M","R","E","R","T","E","M","M","M","M","R"],"character_chosen":"THE_SILENT","items_purchased":[],"campfire_rested":2,"item_purchase_floors":[],"current_hp_per_floor":[68,68,64,64,60,60,29,50,50,32,29,29,24,24,45,0],"gold":255,"neow_bonus":"ONE_RANDOM_RARE_CARD","is_prod":false,"is_daily":false,"chose_seed":false,"campfire_upgraded":1,"win_rate":0,"timestamp":1537763186,"path_taken":["M","?","M","?","M","R","E","R","T","E","M","M","M","M","R","BOSS"],"build_version":"2018-09-20","purchased_purges":0,"victory":false,"max_hp_per_floor":[70,70,70,70,70,70,70,70,70,70,70,70,70,70,70,70],"card_choices":[{"not_picked":["Quick Slash","Expertise","Masterful Stab"],"picked":"SKIP","floor":1.0},{"not_picked":["Backflip","Finisher"],"picked":"PiercingWail","floor":3.0},{"not_picked":["Sucker Punch","Outmaneuver"],"picked":"Backstab","floor":5.0},{"not_picked":["Distraction","Night Terror"],"picked":"Masterful Stab","floor":7.0},{"not_picked":["Dagger Throw","Skewer","Prepared"],"picked":"SKIP","floor":10},{"not_picked":["Sucker Punch","Distraction","Caltrops"],"picked":"SKIP","floor":11},{"not_picked":["Backstab","Prepared"],"picked":"All Out Attack","floor":12},{"not_picked":["Sucker Punch","Distraction","Underhanded Strike"],"picked":"SKIP","floor":13},{"not_picked":["Sucker Punch","Bane"],"picked":"Flying Knee","floor":14}],"player_experience":401937,"relics_obtained":[{"floor":7.0,"key":"Kunai"},{"floor":9.0,"key":"Omamori"},{"floor":10,"key":"Dodecahedron"}],"event_choices":[{"event_name":"Purifier","player_choice":"One Purge","floor":2.0,"damage_taken":0.0},{"event_name":"Living Wall","player_choice":"Grow","floor":4.0,"damage_taken":0.0}],"is_beta":true,"boss_relics":[],"items_purged_floors":[],"is_endless":false,"potions_floor_spawned":[5,12,14],"killed_by":"Slime Boss","ascension_level":4}