{"gold_per_floor":[113,113,13,13,26,26,57,57,135,147,159,171,181,56,56,135,135,155,170,170],"floor_reached":20,"playtime":845,"items_purged":["Strike_B","Hyperbeam+1"],"score":361,"play_id":"603ba3b3-fb13-4390-bfc9-e953da71d656","local_time":"20190129120857","is_ascension_mode":true,"campfire_choices":[{"data":"Hyperbeam","floor":6.0,"key":"SMITH"},{"data":"Reinforced Body","floor":8.0,"key":"SMITH"},{"data":"Electrodynamics","floor":15.0,"key":"SMITH"}],"neow_cost":"TEN_PERCENT_HP_LOSS","seed_source_timestamp":0,"circlet_count":0,"master_deck":["AscendersBane","Strike_B","Strike_B","Strike_B","Defend_B","Defend_B","Defend_B","Defend_B","Zap","Dualcast","Reinforced Body+1","BootSequence","Consume","Ball Lightning","Electrodynamics+1","Thunder Strike"],"special_seed":0,"relics":["Cracked Core","AscMod:StarOfAscension","Mercury Hourglass","Pantograph","Snecko Eye"],"potions_floor_usage":[20],"damage_taken":[{"damage":7.0,"enemies":"Jaw Worm","floor":1.0,"turns":3.0},{"damage":0.0,"enemies":"Cultist","floor":5.0,"turns":3.0},{"damage":10.0,"enemies":"Lagavulin","floor":7.0,"turns":5.0},{"damage":0.0,"enemies":"2 Louse","floor":10.0,"turns":2.0},{"damage":12.0,"enemies":"Lots of Slimes","floor":11.0,"turns":3.0},{"damage":5.0,"enemies":"Exordium Thugs","floor":12.0,"turns":3.0},{"damage":0.0,"enemies":"Large Slime","floor":13.0,"turns":4.0},{"damage":50.0,"enemies":"Hexaghost","floor":16.0,"turns":10.0},{"damage":9,"enemies":"theJungle:Flameango_and_Byrd","floor":18,"turns":5},{"damage":19,"enemies":"theJungle:5_Spyders","floor":19,"turns":4},{"damage":15,"enemies":"theJungle:2_Flameangoes","floor":20,"turns":3}],"seed_played":"4380854575395344927","potions_obtained":[{"floor":1.0,"key":"AttackPotion"},{"floor":4.0,"key":"SpeedPotion"},{"floor":18,"key":"AttackPotion"}],"is_trial":false,"path_per_floor":["M","?","$","?","M","R","E","R","T","M","M","M","M","$","R","B",null,"M","M","M"],"character_chosen":"DEFECT","items_purchased":[],"campfire_rested":0,"item_purchase_floors":[],"current_hp_per_floor":[57,57,57,57,57,57,47,47,47,47,35,30,30,30,30,5,49,40,21,6],"gold":170,"neow_bonus":"THREE_RARE_CARDS","is_prod":false,"is_daily":false,"chose_seed":false,"campfire_upgraded":3,"win_rate":0,"timestamp":1548734937,"path_taken":["M","?","?","?","M","R","E","R","T","M","M","?","M","$","R","BOSS","M","M","M"],"build_version":"2019-01-23","purchased_purges":2,"victory":false,"max_hp_per_floor":[64,64,64,64,64,64,64,64,64,64,64,64,64,64,64,64,64,64,64,64],"card_choices":[{"not_picked":["Core Surge","Thunder Strike"],"picked":"Hyperbeam","floor":0.0},{"not_picked":["Fusion","Reprogram"],"picked":"Reinforced Body","floor":1.0},{"not_picked":["Compile Driver","Rebound"],"picked":"BootSequence","floor":5.0},{"not_picked":["Chill","Redo","Sweeping Beam"],"picked":"SKIP","floor":7.0},{"not_picked":["Scrape","Consume","Redo"],"picked":"SKIP","floor":10.0},{"not_picked":["Scrape","Redo"],"picked":"Consume","floor":10.0},{"not_picked":["Streamline","Scrape","Cold Snap"],"picked":"SKIP","floor":11.0},{"not_picked":["Consume","Heatsinks"],"picked":"Ball Lightning","floor":12.0},{"not_picked":["Compile Driver","Rip and Tear"],"picked":"Electrodynamics","floor":13.0},{"not_picked":["Multi-Cast","All For One"],"picked":"Thunder Strike","floor":16.0},{"not_picked":["Redo","Cold Snap","Genetic Algorithm"],"picked":"SKIP","floor":18},{"not_picked":["Lockon","Rebound","Gash"],"picked":"SKIP","floor":19}],"player_experience":722446,"relics_obtained":[{"floor":7.0,"key":"Mercury Hourglass"},{"floor":9.0,"key":"Pantograph"}],"event_choices":[{"damage_healed":0.0,"max_hp_gain":0.0,"max_hp_loss":0.0,"gold_gain":0.0,"event_name":"Match and Keep!","player_choice":"0 cards matched","floor":2.0,"gold_loss":0.0,"damage_taken":0.0,"cards_obtained":[]},{"damage_healed":0.0,"max_hp_gain":0.0,"max_hp_loss":0.0,"gold_gain":0.0,"event_name":"Lab","player_choice":"Got Potions","floor":4.0,"gold_loss":0.0,"damage_taken":0.0}],"is_beta":true,"boss_relics":[{"not_picked":["Runic Dome","Fusion Hammer"],"picked":"Snecko Eye"}],"items_purged_floors":[3,14],"is_endless":false,"potions_floor_spawned":[1,5,7,11,12,18],"killed_by":"theJungle:2_Flameangoes","ascension_level":21}