{"gold_per_floor":[118,45,62,27,47,47,77,93,93,93,107,141,141,151,151,229,229,240,258,72,83,96,96,108,108,108,118,118,135,135,149,149,225,225,241,17,117,135,151,151,162,162,212,212,222,222,241,276,276,276,276,276,73,108,108],"floor_reached":56,"playtime":2486,"items_purged":["Strike_B"],"score":1998,"play_id":"e5ade7e9-29ad-44ae-8a12-44feb60570dc","local_time":"20190209063222","is_ascension_mode":true,"campfire_choices":[{"data":"Rip and Tear","floor":6.0,"key":"SMITH"},{"data":"Genetic Algorithm","floor":13.0,"key":"SMITH"},{"floor":15.0,"key":"REST"},{"data":"Defragment","floor":23.0,"key":"SMITH"},{"data":"Apotheosis","floor":25.0,"key":"SMITH"},{"data":"Defragment","floor":30.0,"key":"SMITH"},{"floor":32.0,"key":"REST"},{"floor":40.0,"key":"REST"},{"data":"Loop","floor":44,"key":"SMITH"},{"floor":46,"key":"RECALL"},{"floor":49,"key":"REST"},{"data":"Hologram","floor":52,"key":"SMITH"}],"neow_cost":"NONE","seed_source_timestamp":259224539296,"circlet_count":0,"master_deck":["AscendersBane","Defend_B","Defend_B","Defend_B","Defend_B","Zap","Dualcast","Conserve Battery","Rip and Tear+1","Defragment+1","Chaos+1","Hologram+1","Genetic Algorithm+1","Hello World","Electrodynamics","Sunder+1","Buffer+1","Double Energy+1","Reinforced Body","Apotheosis+1","Defragment+1","Reinforced Body+1","Echo Form","Loop+1","Capacitor","Glacier+1","Chill+1","Redo+1"],"special_seed":0,"relics":["Cracked Core","NeowsBlessing","Regal Pillow","Incense Burner","Letter Opener","Lantern","Astrolabe","Unceasing Top","Lizard Tail","Bronze Scales","Emotion Chip","Mercury Hourglass","Chemical X","Bag of Preparation"],"potions_floor_usage":[48,54,55,55],"damage_taken":[{"damage":0.0,"enemies":"Jaw Worm","floor":1.0,"turns":1.0},{"damage":0.0,"enemies":"Cultist","floor":3.0,"turns":1.0},{"damage":0.0,"enemies":"Small Slimes","floor":5.0,"turns":1.0},{"damage":35.0,"enemies":"Gremlin Nob","floor":7.0,"turns":4.0},{"damage":12.0,"enemies":"Exordium Wildlife","floor":8.0,"turns":5.0},{"damage":0.0,"enemies":"Exordium Thugs","floor":11.0,"turns":4.0},{"damage":0.0,"enemies":"3 Sentries","floor":12.0,"turns":3.0},{"damage":15.0,"enemies":"Large Slime","floor":14.0,"turns":4.0},{"damage":5.0,"enemies":"The Guardian","floor":16.0,"turns":10.0},{"damage":0.0,"enemies":"Spheric Guardian","floor":18.0,"turns":3.0},{"damage":6.0,"enemies":"3 Byrds","floor":19.0,"turns":3.0},{"damage":0.0,"enemies":"Cultist and Chosen","floor":21.0,"turns":8.0},{"damage":0.0,"enemies":"Centurion and Healer","floor":22.0,"turns":7.0},{"damage":0.0,"enemies":"Chosen and Byrds","floor":24.0,"turns":4.0},{"damage":16.0,"enemies":"Cultist and Chosen","floor":27.0,"turns":6.0},{"damage":11.0,"enemies":"Shelled Parasite and Fungi","floor":29.0,"turns":5.0},{"damage":0.0,"enemies":"3 Cultists","floor":31.0,"turns":4.0},{"damage":0.0,"enemies":"Automaton","floor":33.0,"turns":9.0},{"damage":1.0,"enemies":"3 Shapes","floor":35.0,"turns":4.0},{"damage":8.0,"enemies":"Mind Bloom Boss Battle","floor":37.0,"turns":8.0},{"damage":0.0,"enemies":"Orb Walker","floor":38.0,"turns":4.0},{"damage":29.0,"enemies":"Transient","floor":39.0,"turns":5.0},{"damage":23.0,"enemies":"Jaw Worm Horde","floor":41.0,"turns":5.0},{"damage":10,"enemies":"Maw","floor":45,"turns":6},{"damage":8,"enemies":"Spire Growth","floor":47,"turns":9},{"damage":14,"enemies":"Nemesis","floor":48,"turns":11},{"damage":37,"enemies":"Time Eater","floor":50,"turns":10},{"damage":10,"enemies":"Shield and Spear","floor":54,"turns":8},{"damage":29,"enemies":"The Heart","floor":55,"turns":8}],"seed_played":"7775006907141923299","potions_obtained":[{"floor":7.0,"key":"Fire Potion"},{"floor":11.0,"key":"AttackPotion"},{"floor":12.0,"key":"FocusPotion"},{"floor":16.0,"key":"FearPotion"},{"floor":27.0,"key":"Dexterity Potion"},{"floor":41.0,"key":"SkillPotion"},{"floor":47,"key":"FocusPotion"},{"floor":48,"key":"LiquidBronze"},{"floor":54,"key":"FocusPotion"}],"is_trial":false,"path_per_floor":["M","?","M","$","M","R","E","M","T","?","M","E","R","M","R","B",null,"M","M","$","M","M","R","M","R","T","M","?","M","R","M","R","B",null,"M","$","?","M","M","R","M","?","T","R","M","R","M","E","R","B",null,"R","$","E","B",null],"character_chosen":"DEFECT","items_purchased":["Rip and Tear","Apotheosis","Bronze Scales","Chemical X"],"campfire_rested":4,"item_purchase_floors":[4,20,36,53],"current_hp_per_floor":[64,64,64,64,64,64,29,17,17,17,17,17,17,2,38,33,62,62,56,56,56,56,56,56,56,56,40,40,29,29,29,65,65,70,69,69,61,61,32,68,45,45,45,45,35,35,27,13,48,11,53,53,53,43,14],"gold":108,"neow_bonus":"THREE_ENEMY_KILL","is_prod":false,"is_daily":false,"chose_seed":false,"campfire_upgraded":7,"win_rate":0,"timestamp":1549665142,"path_taken":["M","?","M","?","?","R","E","M","T","?","M","E","R","M","R","BOSS","M","M","$","M","M","R","M","R","T","M","?","M","R","M","R","BOSS","M","$","?","M","M","R","M","?","T","R","M","R","M","E","R","BOSS","R","$","E","BOSS"],"build_version":"2019-02-06","purchased_purges":1,"victory":true,"max_hp_per_floor":[71,71,71,71,71,71,71,71,71,71,71,71,71,71,71,71,71,71,71,71,71,71,71,71,71,71,71,71,71,71,71,71,71,71,71,71,71,71,71,71,71,67,67,67,67,67,67,67,67,67,67,67,67,67,67],"card_choices":[{"not_picked":["Coolheaded","Melter"],"picked":"Conserve Battery","floor":1.0},{"not_picked":["Heatsinks","Turbo","Compile Driver"],"picked":"SKIP","floor":3.0},{"not_picked":["FTL","Doom and Gloom"],"picked":"Defragment","floor":5.0},{"not_picked":["Rebound","Tempest"],"picked":"Chaos","floor":7.0},{"not_picked":["Turbo","Barrage"],"picked":"Hologram","floor":8.0},{"not_picked":["Steam","Rebound","Compile Driver"],"picked":"SKIP","floor":11.0},{"not_picked":["Hologram","Steam"],"picked":"Genetic Algorithm","floor":12.0},{"not_picked":["Streamline","Consume"],"picked":"Hello World","floor":14.0},{"not_picked":["Core Surge","Biased Cognition"],"picked":"Electrodynamics","floor":16.0},{"not_picked":["Redo","Coolheaded"],"picked":"Reinforced Body","floor":18.0},{"not_picked":["Steam","Force Field+1","Rip and Tear"],"picked":"SKIP","floor":19.0},{"not_picked":["Barrage","Force Field","Stack"],"picked":"SKIP","floor":21.0},{"not_picked":["Aggregate","Force Field","Cold Snap"],"picked":"SKIP","floor":22.0},{"not_picked":["Steam Power","Ball Lightning"],"picked":"Defragment","floor":24.0},{"not_picked":["Reinforced Body","Turbo","Compile Driver"],"picked":"SKIP","floor":27.0},{"not_picked":["Steam","Consume"],"picked":"Reinforced Body+1","floor":29.0},{"not_picked":["Go for the Eyes","Hello World","Sunder"],"picked":"SKIP","floor":31.0},{"not_picked":["Biased Cognition","Thunder Strike"],"picked":"Echo Form","floor":33.0},{"not_picked":["Ball Lightning+1","Self Repair"],"picked":"Loop","floor":35.0},{"not_picked":["Rip and Tear+1","Streamline"],"picked":"Capacitor","floor":38.0},{"not_picked":["Aggregate+1","Loop"],"picked":"Glacier+1","floor":39.0},{"not_picked":["Chaos","Coolheaded","Compile Driver"],"picked":"SKIP","floor":41.0},{"not_picked":["Scrape","Steam"],"picked":"Chill+1","floor":45},{"not_picked":["Steam","Aggregate+1"],"picked":"Redo+1","floor":47},{"not_picked":["Sweeping Beam+1","Sunder+1","Hyperbeam"],"picked":"SKIP","floor":48},{"not_picked":["Go for the Eyes","Scrape","Compile Driver"],"picked":"SKIP","floor":54}],"player_experience":763053,"relics_obtained":[{"floor":7.0,"key":"Incense Burner"},{"floor":9.0,"key":"Letter Opener"},{"floor":12.0,"key":"Lantern"},{"floor":26.0,"key":"Unceasing Top"},{"floor":37.0,"key":"Emotion Chip"},{"floor":48,"key":"Mercury Hourglass"},{"floor":54,"key":"Bag of Preparation"}],"event_choices":[{"damage_healed":0.0,"max_hp_gain":0.0,"max_hp_loss":0.0,"gold_gain":0.0,"event_name":"WeMeetAgain","player_choice":"Paid Gold","floor":2.0,"gold_loss":73.0,"damage_taken":0.0,"relics_obtained":["Regal Pillow"]},{"damage_healed":0.0,"max_hp_gain":0.0,"max_hp_loss":0.0,"gold_gain":0.0,"event_name":"Accursed Blacksmith","player_choice":"Forge","floor":10.0,"gold_loss":0.0,"damage_taken":0.0,"cards_upgraded":["Chaos"]},{"damage_healed":0.0,"max_hp_gain":0.0,"max_hp_loss":0.0,"gold_gain":0.0,"event_name":"Ghosts","player_choice":"Ignored","floor":28.0,"gold_loss":0.0,"damage_taken":0.0},{"damage_healed":0.0,"max_hp_gain":0.0,"max_hp_loss":0.0,"gold_gain":0.0,"event_name":"MindBloom","player_choice":"Fight","floor":37.0,"gold_loss":0.0,"damage_taken":0.0},{"damage_healed":0.0,"max_hp_gain":0.0,"max_hp_loss":4.0,"gold_gain":0.0,"event_name":"Winding Halls","player_choice":"Max HP","floor":42.0,"gold_loss":0.0,"damage_taken":0.0}],"is_beta":true,"boss_relics":[{"not_picked":["Nuclear Battery","Pandora\u0027s Box"],"picked":"Astrolabe"},{"not_picked":["Empty Cage","Calling Bell"],"picked":"Lizard Tail"}],"items_purged_floors":[36],"is_endless":false,"potions_floor_spawned":[7,11,12,16,18,19,27,31,37,39,41,47,48,54],"ascension_level":15}