{"gold_per_floor":[10,24,24,43,43,43,70,70,123,138,138,151,171,185,185,259,259,269,269,121,137,137,137,65,65,65,65,79,79,79,79,79,158,158,177,197,213,22,34,67,67,67,67,67,67],"floor_reached":45,"playtime":2902,"items_purged":["Strike_B+1"],"score":775,"play_id":"23fcee56-9bbb-4dbd-80d2-cf2feee378e4","local_time":"20190303144943","is_ascension_mode":true,"campfire_choices":[{"data":"Streamline","floor":6,"key":"SMITH"},{"data":"Dualcast","floor":11,"key":"SMITH"},{"data":"Beam Cell","floor":15,"key":"SMITH"},{"data":"Hologram","floor":23,"key":"SMITH"},{"data":"Turbo","floor":25,"key":"SMITH"},{"data":"Skim","floor":30,"key":"SMITH"},{"data":"Seek","floor":32,"key":"SMITH"},{"data":"Seek","floor":41,"key":"SMITH"}],"neow_cost":"NO_GOLD","seed_source_timestamp":8392975484072,"circlet_count":0,"master_deck":["AscendersBane","Strike_B+1","Defend_B+1","Defend_B+1","Defend_B+1","Zap","Dualcast+1","Streamline+1","Reboot","Conserve Battery","Skim+1","Cold Snap","Reinforced Body","Beam Cell+1","Echo Form","Turbo+1","Core Surge","Hologram+1","Self Repair","Capacitor","Seek+1","Seek+1","Reinforced Body","Stack","Undo","Decay"],"relics":["Cracked Core","War Paint","Potion Belt","Cursed Key","Nilry\u0027s Codex","Orrery","Medical Kit","Bronze Scales"],"potions_floor_usage":[7,16,28,40,40,40,45],"damage_taken":[{"damage":1,"enemies":"Cultist","floor":1,"turns":3},{"damage":0,"enemies":"Jaw Worm","floor":2,"turns":3},{"damage":0,"enemies":"2 Louse","floor":4,"turns":2},{"damage":43,"enemies":"3 Sentries","floor":7,"turns":9},{"damage":1,"enemies":"Blue Slaver","floor":10,"turns":3},{"damage":1,"enemies":"2 Fungi Beasts","floor":12,"turns":3},{"damage":2,"enemies":"3 Louse","floor":13,"turns":3},{"damage":1,"enemies":"Exordium Thugs","floor":14,"turns":4},{"damage":8,"enemies":"Slime Boss","floor":16,"turns":6},{"damage":30,"enemies":"2 Thieves","floor":18,"turns":4},{"damage":0,"enemies":"Chosen","floor":21,"turns":3},{"damage":0,"enemies":"Shelled Parasite and Fungi","floor":28,"turns":6},{"damage":25,"enemies":"Automaton","floor":33,"turns":20},{"damage":0,"enemies":"Orb Walker","floor":35,"turns":3},{"damage":0,"enemies":"3 Shapes","floor":36,"turns":6},{"damage":20,"enemies":"Jaw Worm Horde","floor":37,"turns":7},{"damage":17,"enemies":"Sphere and 2 Shapes","floor":39,"turns":13},{"damage":42,"enemies":"Reptomancer","floor":40,"turns":18},{"damage":27,"enemies":"Maw","floor":45,"turns":7}],"seed_played":"-2257192016483382264","potions_obtained":[{"floor":4,"key":"Dexterity Potion"},{"floor":7,"key":"Poison Potion"},{"floor":12,"key":"SteroidPotion"},{"floor":14,"key":"Strength Potion"},{"floor":18,"key":"EssenceOfSteel"},{"floor":33,"key":"SkillPotion"},{"floor":35,"key":"PowerPotion"},{"floor":36,"key":"Regen Potion"},{"floor":40,"key":"SpeedPotion"}],"is_trial":false,"path_per_floor":["M","M","?","M","?","R","E","?","T","M","R","M","M","M","R","B",null,"M","?","$","M","?","R","$","R","T","?","M","T","R","?","R","B",null,"M","M","M","$","M","E","R","?","T","?","M"],"character_chosen":"DEFECT","items_purchased":["Self Repair","Capacitor","Medical Kit"],"campfire_rested":0,"item_purchase_floors":[20,24,38],"current_hp_per_floor":[63,63,63,63,68,68,25,25,25,24,24,23,21,20,20,12,60,30,30,30,37,37,37,37,37,37,16,30,30,30,30,30,12,60,60,67,47,47,44,31,31,31,31,31,4],"gold":67,"neow_bonus":"TRANSFORM_TWO_CARDS","is_prod":false,"is_daily":false,"chose_seed":false,"campfire_upgraded":8,"win_rate":0,"timestamp":1551595783,"path_taken":["M","M","?","M","?","R","E","?","T","M","R","?","M","M","R","BOSS","M","?","$","M","?","R","$","R","T","?","?","?","R","?","R","BOSS","M","M","M","$","M","E","R","?","T","?","M"],"build_version":"2019-02-06","purchased_purges":1,"victory":false,"max_hp_per_floor":[71,71,71,71,76,76,76,76,76,76,76,76,76,76,76,76,76,76,76,76,76,76,76,76,76,76,76,76,76,76,76,76,76,76,76,76,76,76,76,76,76,76,76,76,76],"card_choices":[{"not_picked":["Lockon","Leap"],"picked":"Conserve Battery","floor":1},{"not_picked":["Stack","Conserve Battery","Heatsinks"],"picked":"SKIP","floor":2},{"not_picked":["Gash","Steam Power"],"picked":"Skim","floor":4},{"not_picked":["Go for the Eyes","Conserve Battery"],"picked":"Cold Snap","floor":7},{"not_picked":["Sweeping Beam","Heatsinks"],"picked":"Reinforced Body","floor":10},{"not_picked":["Cold Snap","Fusion"],"picked":"Beam Cell","floor":12},{"not_picked":["Doom and Gloom","Fusion"],"picked":"Echo Form","floor":13},{"not_picked":["Streamline","Turbo","Leap"],"picked":"SKIP","floor":14},{"not_picked":["Streamline","Leap"],"picked":"Turbo","floor":14},{"not_picked":["Rainbow","Amplify"],"picked":"Core Surge","floor":16},{"not_picked":["Streamline","Rebound"],"picked":"Hologram","floor":18},{"not_picked":["Leap+1","Redo","Rebound+1"],"picked":"SKIP","floor":21},{"not_picked":["Redo","Beam Cell","Compile Driver"],"picked":"SKIP","floor":28},{"not_picked":["Meteor Strike","Core Surge"],"picked":"Seek","floor":33},{"not_picked":["Turbo","Barrage"],"picked":"Reinforced Body","floor":34},{"not_picked":["Compile Driver","Turbo"],"picked":"Stack","floor":34},{"not_picked":["Hologram","Scrape","Skim"],"picked":"SKIP","floor":35},{"not_picked":["Hologram","Scrape","Skim"],"picked":"SKIP","floor":35},{"not_picked":["Aggregate","Blizzard","Cold Snap"],"picked":"SKIP","floor":36},{"not_picked":["Barrage","Sweeping Beam+1","Gash"],"picked":"SKIP","floor":37},{"not_picked":["Stack","Undo","Compile Driver+1"],"picked":"SKIP","floor":39},{"not_picked":["Stack","Compile Driver+1"],"picked":"Undo","floor":39},{"not_picked":["Go for the Eyes","FTL","Turbo+1"],"picked":"SKIP","floor":40}],"player_experience":823152,"relics_obtained":[{"floor":7,"key":"War Paint"},{"floor":9,"key":"Potion Belt"},{"floor":27,"key":"Nilry\u0027s Codex"},{"floor":40,"key":"Bronze Scales"}],"event_choices":[{"damage_healed":0,"gold_gain":0,"player_choice":"Leave","damage_taken":0,"max_hp_gain":0,"max_hp_loss":0,"event_name":"The Cleric","floor":3,"gold_loss":0},{"damage_healed":0,"gold_gain":0,"player_choice":"Donut","damage_taken":0,"max_hp_gain":5,"max_hp_loss":0,"event_name":"Big Fish","floor":5,"gold_loss":0},{"damage_healed":0,"gold_gain":0,"player_choice":"Ignored","damage_taken":0,"max_hp_gain":0,"max_hp_loss":0,"event_name":"Liars Game","floor":8,"gold_loss":0},{"damage_healed":0,"gold_gain":0,"player_choice":"Simplicity","damage_taken":0,"max_hp_gain":0,"max_hp_loss":0,"event_name":"Back to Basics","floor":19,"gold_loss":0,"cards_upgraded":["Strike_B","Strike_B","Defend_B","Defend_B"]},{"damage_healed":0,"gold_gain":0,"player_choice":"Ignored","damage_taken":0,"max_hp_gain":0,"max_hp_loss":0,"event_name":"The Mausoleum","floor":22,"gold_loss":0},{"damage_healed":0,"gold_gain":0,"player_choice":"Obtained Book","damage_taken":21,"max_hp_gain":0,"max_hp_loss":0,"event_name":"Cursed Tome","floor":27,"gold_loss":0},{"damage_healed":0,"gold_gain":0,"player_choice":"Read","damage_taken":0,"max_hp_gain":0,"max_hp_loss":0,"event_name":"The Library","floor":31,"gold_loss":0,"cards_obtained":["Seek"]},{"damage_healed":0,"gold_gain":0,"player_choice":"Ignored","damage_taken":0,"max_hp_gain":0,"max_hp_loss":0,"event_name":"Mysterious Sphere","floor":42,"gold_loss":0},{"cards_removed":["Defend_B"],"damage_healed":0,"gold_gain":0,"player_choice":"Removed Skill","damage_taken":0,"max_hp_gain":0,"max_hp_loss":0,"event_name":"Falling","floor":44,"gold_loss":0}],"is_beta":true,"boss_relics":[{"not_picked":["Empty Cage","Inserter"],"picked":"Cursed Key"},{"not_picked":["White Beast Statue","Philosopher\u0027s Stone"],"picked":"Orrery"}],"items_purged_floors":[20],"is_endless":false,"potions_floor_spawned":[4,7,12,14,18,33,35,36,40],"killed_by":"Maw","ascension_level":15}