{"gold_per_floor":[115,115,115,128,143,143,163,19,43,57,57,83,99,114,114,212,212,228,238,238,238,238,238],"floor_reached":23,"playtime":1394,"items_purged":[],"score":218,"play_id":"64d123c9-db36-44c1-9c1d-208a3d71c393","local_time":"20190806101317","is_ascension_mode":false,"campfire_choices":[{"data":"Power Through","floor":6,"key":"SMITH"},{"data":"Bash","floor":11,"key":"SMITH"},{"data":"Feed","floor":15,"key":"SMITH"}],"neow_cost":"NONE","seed_source_timestamp":1214040280723268,"circlet_count":0,"master_deck":["Strike_R","Strike_R+1","Strike_R","Strike_R","Strike_R","Defend_R","Defend_R+1","Defend_R+1","Defend_R","Bash+1","Reckless Charge+1","Cleave","Power Through+1","Headbutt","Feed+1","Anger","Flex","Impervious","Flex","Shame"],"relics":["Burning Blood","Vajra","Whetstone","Happy Flower","White Beast Statue","Pen Nib","Enchiridion"],"potions_floor_usage":[10,10,16,23,23,23],"damage_taken":[{"damage":0,"enemies":"Small Slimes","floor":1,"turns":4},{"damage":6,"enemies":"Cultist","floor":4,"turns":6},{"damage":6,"enemies":"2 Louse","floor":5,"turns":3},{"damage":2,"enemies":"Large Slime","floor":7,"turns":6},{"damage":3,"enemies":"Exordium Wildlife","floor":10,"turns":2},{"damage":10,"enemies":"Lagavulin","floor":12,"turns":5},{"damage":0,"enemies":"Lots of Slimes","floor":13,"turns":3},{"damage":8,"enemies":"Red Slaver","floor":14,"turns":2},{"damage":52,"enemies":"Hexaghost","floor":16,"turns":11},{"damage":16,"enemies":"Chosen","floor":18,"turns":7},{"damage":2,"enemies":"Spheric Guardian","floor":19,"turns":3},{"damage":87,"enemies":"Gremlin Leader","floor":23,"turns":9}],"seed_played":"-5019441645298317876","potions_obtained":[{"floor":1,"key":"SkillPotion"},{"floor":7,"key":"SteroidPotion"},{"floor":10,"key":"SpeedPotion"},{"floor":16,"key":"FearPotion"},{"floor":18,"key":"EssenceOfSteel"},{"floor":19,"key":"Swift Potion"}],"is_trial":false,"path_per_floor":["M","?","?","M","M","R","M","$","T","M","R","E","M","M","R","B",null,"M","M","?","?","?","E"],"character_chosen":"IRONCLAD","items_purchased":["Vajra"],"campfire_rested":0,"item_purchase_floors":[8],"current_hp_per_floor":[88,70,70,70,70,70,74,74,74,77,77,73,79,77,77,35,92,86,94,94,94,78,0],"gold":238,"neow_bonus":"TEN_PERCENT_HP_BONUS","is_prod":false,"is_daily":false,"chose_seed":false,"campfire_upgraded":3,"win_rate":0,"timestamp":1565100797,"path_taken":["M","?","?","?","M","R","M","$","T","M","R","E","M","M","R","BOSS","M","M","?","?","?","E"],"build_version":"2019-06-28","purchased_purges":0,"victory":false,"max_hp_per_floor":[88,88,88,88,88,88,88,88,88,88,88,88,88,88,88,92,92,96,100,100,100,100,100],"card_choices":[{"not_picked":["Evolve","Iron Wave"],"picked":"Clash","floor":1},{"not_picked":["Searing Blow","Sword Boomerang"],"picked":"Cleave","floor":4},{"not_picked":["Rampage","Warcry"],"picked":"Power Through","floor":5},{"not_picked":["Offering","Iron Wave"],"picked":"Headbutt","floor":7},{"not_picked":["Havoc","Corruption","Burning Pact"],"picked":"SKIP","floor":10},{"not_picked":["Sword Boomerang","Intimidate"],"picked":"Feed","floor":12},{"not_picked":["Inflame","Feel No Pain"],"picked":"Anger","floor":13},{"not_picked":["Headbutt","Blood for Blood"],"picked":"Flex","floor":14},{"not_picked":["Feed","Dark Embrace"],"picked":"Impervious","floor":16},{"not_picked":["Cleave","Pummel","Entrench"],"picked":"SKIP","floor":18},{"not_picked":["Pommel Strike","Thunderclap"],"picked":"Flex","floor":19}],"player_experience":26728,"relics_obtained":[{"floor":9,"key":"Whetstone"},{"floor":12,"key":"Happy Flower"},{"floor":22,"key":"Enchiridion"}],"event_choices":[{"damage_healed":0,"gold_gain":0,"player_choice":"Entered Light","damage_taken":18,"max_hp_gain":0,"max_hp_loss":0,"event_name":"Shining Light","floor":2,"gold_loss":0,"cards_upgraded":["Defend_R","Defend_R"]},{"damage_healed":0,"gold_gain":0,"cards_transformed":["Clash"],"player_choice":"Transformed","damage_taken":0,"max_hp_gain":0,"max_hp_loss":0,"event_name":"Transmorgrifier","floor":3,"gold_loss":0,"cards_obtained":["Reckless Charge"]},{"damage_healed":0,"gold_gain":0,"player_choice":"Stole Relic","damage_taken":0,"relics_obtained":["Pen Nib"],"max_hp_gain":0,"max_hp_loss":0,"event_name":"Addict","floor":20,"gold_loss":0,"cards_obtained":["Shame"]},{"damage_healed":0,"gold_gain":0,"player_choice":"Ignored","damage_taken":0,"max_hp_gain":0,"max_hp_loss":0,"event_name":"Vampires","floor":21,"gold_loss":0},{"damage_healed":0,"gold_gain":0,"player_choice":"Obtained Book","damage_taken":16,"max_hp_gain":0,"max_hp_loss":0,"event_name":"Cursed Tome","floor":22,"gold_loss":0}],"is_beta":true,"boss_relics":[{"not_picked":["Philosopher\u0027s Stone","Runic Cube"],"picked":"White Beast Statue"}],"items_purged_floors":[],"is_endless":false,"potions_floor_spawned":[1,7,10,16,18,19],"killed_by":"Gremlin Leader","ascension_level":0}