{"gold_per_floor":[118,118,132,57,57,87,87,105,105,105,30,30,56,73,73,145,145,161,173,184,184,204,232,232,263,357,369],"floor_reached":27,"playtime":950,"items_purged":["Strike_B"],"score":572,"play_id":"a3b9ae26-6759-4846-afec-b502df817090","local_time":"20181230205631","is_ascension_mode":true,"campfire_choices":[{"data":"Sunder","floor":7.0,"key":"SMITH"},{"data":"Doom and Gloom","floor":10.0,"key":"SMITH"},{"data":"Darkness","floor":12.0,"key":"SMITH"},{"data":"Dualcast","floor":15.0,"key":"SMITH"},{"floor":24.0,"key":"REST"}],"neow_cost":"NONE","seed_source_timestamp":0,"circlet_count":0,"master_deck":["AscendersBane","Strike_B","Strike_B","Strike_B","Defend_B","Defend_B","Defend_B","Defend_B","Zap","Dualcast+1","Sunder+1","Doom and Gloom+1","Conserve Battery","Darkness+1","Core Surge","Defragment+1","Electrodynamics+1","Hologram","Coolheaded+1"],"special_seed":0,"relics":["Cracked Core","NeowsBlessing","Pen Nib","Emotion Chip","Frozen Egg 2","Calipers","Snecko Eye","FaceOfCleric","Singing Bowl","MawBank","Matryoshka"],"potions_floor_usage":[27,27],"damage_taken":[{"damage":0.0,"enemies":"Cultist","floor":1.0,"turns":1.0},{"damage":0.0,"enemies":"2 Louse","floor":3.0,"turns":1.0},{"damage":0.0,"enemies":"Gremlin Nob","floor":6.0,"turns":1.0},{"damage":0.0,"enemies":"Small Slimes","floor":8.0,"turns":2.0},{"damage":15.0,"enemies":"Lagavulin","floor":13.0,"turns":5.0},{"damage":11.0,"enemies":"Red Slaver","floor":14.0,"turns":4.0},{"damage":23.0,"enemies":"Slime Boss","floor":16.0,"turns":5.0},{"damage":0.0,"enemies":"Chosen","floor":18.0,"turns":3.0},{"damage":5.0,"enemies":"2 Thieves","floor":19.0,"turns":3.0},{"damage":0.0,"enemies":"Snecko","floor":20.0,"turns":2.0},{"damage":11.0,"enemies":"Snake Plant","floor":22.0,"turns":4.0},{"damage":21.0,"enemies":"Book of Stabbing","floor":23.0,"turns":2.0},{"damage":27.0,"enemies":"Slavers","floor":25.0,"turns":3.0},{"damage":19,"enemies":"Book of Stabbing","floor":27,"turns":2}],"seed_played":"-6139131871455015104","potions_obtained":[{"floor":1.0,"key":"Dexterity Potion"},{"floor":6.0,"key":"Poison Potion"},{"floor":19.0,"key":"FearPotion"},{"floor":20.0,"key":"FocusPotion"}],"is_trial":false,"path_per_floor":["M","?","M","$","T","E","R","M","T","R","$","R","E","M","R","B","M","M","?","M","E","R","E","T"],"character_chosen":"DEFECT","items_purchased":["Darkness"],"campfire_rested":1,"item_purchase_floors":[4],"current_hp_per_floor":[64,64,64,64,64,64,64,64,64,64,64,64,49,38,38,15,57,57,52,52,52,42,24,46,20,20,1],"gold":369,"neow_bonus":"THREE_ENEMY_KILL","is_prod":false,"is_daily":false,"chose_seed":false,"campfire_upgraded":4,"win_rate":0,"timestamp":1546174591,"path_taken":["M","?","M","$","?","E","R","M","T","R","$","R","E","M","R","BOSS","M","M","M","?","?","E","R","E","T","E"],"build_version":"2018-12-25","purchased_purges":1,"victory":false,"max_hp_per_floor":[71,71,71,71,71,71,71,71,71,71,71,71,71,71,71,71,71,71,71,71,71,72,75,75,76,76,76],"card_choices":[{"not_picked":["Conserve Battery","Blizzard"],"picked":"Sunder","floor":1.0},{"not_picked":["Gash","Lockon"],"picked":"Conserve Battery","floor":3.0},{"not_picked":["Steam","Hologram","Gash"],"picked":"SKIP","floor":6.0},{"not_picked":["Cold Snap","Stack","Static Discharge"],"picked":"SKIP","floor":8.0},{"not_picked":["Turbo","Storm+1"],"picked":"Core Surge","floor":13.0},{"not_picked":["Rebound","Cold Snap"],"picked":"Defragment+1","floor":14.0},{"not_picked":["Rainbow","Creative AI+1"],"picked":"Electrodynamics+1","floor":16.0},{"not_picked":["Scrape","Hello World+1","Sweeping Beam+1"],"picked":"SKIP","floor":18.0},{"not_picked":["Lockon","Leap"],"picked":"Hologram","floor":19.0},{"not_picked":["Barrage","Sweeping Beam","Gash"],"picked":"SKIP","floor":20.0},{"not_picked":["Gash","Static Discharge+1","Streamline"],"picked":"SKIP","floor":22.0},{"not_picked":["Loop+1","Doom and Gloom","Steam"],"picked":"Singing Bowl","floor":23.0},{"not_picked":["Go for the Eyes","Ball Lightning"],"picked":"Coolheaded+1","floor":25.0}],"player_experience":648971,"relics_obtained":[{"floor":5.0,"key":"Pen Nib"},{"floor":6.0,"key":"Emotion Chip"},{"floor":9.0,"key":"Frozen Egg 2"},{"floor":13.0,"key":"Calipers"},{"floor":23.0,"key":"Singing Bowl"},{"floor":25.0,"key":"MawBank"},{"floor":26.0,"key":"Matryoshka"}],"event_choices":[{"damage_healed":0.0,"max_hp_gain":0.0,"max_hp_loss":0.0,"gold_gain":0.0,"event_name":"Match and Keep!","player_choice":"1 cards matched","floor":2.0,"gold_loss":0.0,"damage_taken":0.0,"cards_obtained":["Doom and Gloom"]},{"damage_healed":0.0,"max_hp_gain":0.0,"max_hp_loss":0.0,"gold_gain":0.0,"event_name":"FaceTrader","player_choice":"Trade","floor":21.0,"gold_loss":0.0,"damage_taken":0.0,"relics_obtained":["FaceOfCleric"]}],"is_beta":true,"boss_relics":[{"not_picked":["White Beast Statue","Cursed Key"],"picked":"Snecko Eye"}],"items_purged_floors":[11],"is_endless":false,"potions_floor_spawned":[1,6,13,19,20],"killed_by":"Book of Stabbing","ascension_level":20}