{"gold_per_floor":[114,39,50,68,13,13,44,56,81,94,94,125,137,149,161,244,256,287,299,311,343,41,41,54,54,81,81,81,94,94,105,105,184,184,196,244,36,55,68,99,99,99],"floor_reached":42,"playtime":2231,"items_purged":["Writhe"],"score":937,"play_id":"d0a4dfad-9f04-49d5-bc1a-a898040b56e7","local_time":"20180916123623","is_ascension_mode":true,"campfire_choices":[{"data":"Dualcast","floor":6.0,"key":"SMITH"},{"floor":11.0,"key":"REST"},{"data":"Turbo","floor":13.0,"key":"SMITH"},{"data":"Streamline","floor":15.0,"key":"SMITH"},{"data":"Beam Cell","floor":23.0,"key":"SMITH"},{"data":"Self Repair","floor":25.0,"key":"SMITH"},{"data":"Hologram","floor":32.0,"key":"SMITH"},{"data":"Apotheosis","floor":41,"key":"SMITH"}],"neow_cost":"CURSE","seed_source_timestamp":12034898968912,"circlet_count":0,"master_deck":["Zap+1","Dualcast+1","AscendersBane","Ball Lightning","Coolheaded+1","Gash","Turbo+1","Cold Snap","Steam","Streamline+1","BootSequence","All For One","Conserve Battery+1","Stack","Core Surge","Self Repair+1","Beam Cell+1","Skim","Bite","Bite","Bite","Bite","Bite","Hologram+1","Multi-Cast","Conserve Battery","Darkness","Cold Snap","Redo","Skim+1","Apotheosis+1","Echo Form","Beam Cell","Leap"],"special_seed":0,"relics":["Cracked Core","Unceasing Top","War Paint","Oddly Smooth Stone","MawBank","Coffee Dripper","Dream Catcher","Bottled Flame","Pandora\u0027s Box","Shovel","Molten Egg 2"],"potions_floor_usage":[40,40],"damage_taken":[{"damage":9.0,"enemies":"2 Louse","floor":1.0,"turns":3.0},{"damage":1.0,"enemies":"Cultist","floor":3.0,"turns":3.0},{"damage":7.0,"enemies":"Jaw Worm","floor":4.0,"turns":2.0},{"damage":27.0,"enemies":"3 Sentries","floor":7.0,"turns":7.0},{"damage":9.0,"enemies":"3 Louse","floor":8.0,"turns":2.0},{"damage":0.0,"enemies":"Red Slaver","floor":10.0,"turns":2.0},{"damage":11.0,"enemies":"Lagavulin","floor":12.0,"turns":5.0},{"damage":16.0,"enemies":"The Guardian","floor":16.0,"turns":9.0},{"damage":9.0,"enemies":"2 Thieves","floor":18.0,"turns":4.0},{"damage":4.0,"enemies":"Shell Parasite","floor":21.0,"turns":3.0},{"damage":21.0,"enemies":"Cultist and Chosen","floor":24.0,"turns":7.0},{"damage":0.0,"enemies":"Book of Stabbing","floor":27.0,"turns":2.0},{"damage":3.0,"enemies":"Sentry and Sphere","floor":29.0,"turns":4.0},{"damage":7.0,"enemies":"3 Cultists","floor":31.0,"turns":5.0},{"damage":45.0,"enemies":"Automaton","floor":33.0,"turns":12.0},{"damage":0.0,"enemies":"Orb Walker","floor":35.0,"turns":3.0},{"damage":45.0,"enemies":"Mysterious Sphere","floor":36.0,"turns":7.0},{"damage":0.0,"enemies":"3 Shapes","floor":38.0,"turns":3.0},{"damage":31.0,"enemies":"Sphere and 2 Shapes","floor":39.0,"turns":11.0},{"damage":51,"enemies":"Giant Head","floor":40,"turns":8},{"damage":45,"enemies":"Nemesis","floor":42,"turns":2}],"seed_played":"-2719022456827918","potions_obtained":[{"floor":7.0,"key":"Dexterity Potion"},{"floor":8.0,"key":"AttackPotion"},{"floor":12.0,"key":"Fire Potion"},{"floor":16.0,"key":"EssenceOfSteel"},{"floor":18.0,"key":"SmokeBomb"},{"floor":19.0,"key":"EntropicBrew"},{"floor":29.0,"key":"GamblersBrew"},{"floor":31.0,"key":"SneckoOil"},{"floor":35.0,"key":"SneckoOil"},{"floor":36.0,"key":"SpeedPotion"},{"floor":38.0,"key":"EssenceOfSteel"}],"is_trial":false,"path_per_floor":["M","$","M","M","$","R","E","M","T","M","R","E","R","?","R","B",null,"M","?","?","M","$","R","M","R","T","E","?","M","T","M","R","B",null,"M","?","$","M","M","E","R"],"character_chosen":"DEFECT","items_purchased":["Turbo","Core Surge","Self Repair","Beam Cell","Apotheosis"],"campfire_rested":1,"item_purchase_floors":[5,22,22,22,37],"current_hp_per_floor":[55,55,54,47,47,47,20,11,11,11,32,21,21,21,21,5,55,46,46,46,42,42,42,28,28,28,38,38,49,49,49,49,23,43,49,20,20,22,32,17,17,0],"gold":99,"neow_bonus":"ONE_RARE_RELIC","is_prod":false,"is_daily":false,"chose_seed":false,"campfire_upgraded":7,"win_rate":0,"timestamp":1537072583,"path_taken":["M","$","M","M","$","R","E","M","T","M","R","E","R","?","R","BOSS","M","?","?","M","$","R","M","R","T","E","?","M","?","?","R","BOSS","M","?","$","M","M","E","R","E"],"build_version":"2018-09-12","purchased_purges":1,"victory":false,"max_hp_per_floor":[71,71,71,71,71,71,71,71,71,71,71,71,71,71,71,71,71,71,71,71,71,71,71,71,71,71,71,49,49,49,49,49,49,49,49,49,49,49,49,49,49,49],"card_choices":[{"not_picked":["Coolheaded","Scrape"],"picked":"Ball Lightning","floor":1.0},{"not_picked":["Ball Lightning","Compile Driver"],"picked":"Coolheaded","floor":3.0},{"not_picked":["Undo","Melter"],"picked":"Gash","floor":4.0},{"not_picked":["Rebound","Turbo"],"picked":"Cold Snap","floor":7.0},{"not_picked":["Heatsinks","Cold Snap"],"picked":"Steam","floor":8.0},{"not_picked":["Barrage","Tempest"],"picked":"Streamline","floor":10.0},{"not_picked":["Streamline","Rip and Tear"],"picked":"Consume","floor":12.0},{"not_picked":["Meteor Strike","Buffer"],"picked":"All For One","floor":16.0},{"not_picked":["Barrage","White Noise"],"picked":"Conserve Battery+1","floor":18.0},{"not_picked":["Coolheaded","Chill"],"picked":"Stack","floor":21.0},{"not_picked":["Turbo","Sweeping Beam"],"picked":"Skim","floor":24.0},{"not_picked":["Heatsinks","Steam"],"picked":"Hologram","floor":29.0},{"not_picked":["Steam Power+1","Turbo","Streamline"],"picked":"SKIP","floor":31.0},{"not_picked":["Meteor Strike","All For One"],"picked":"Multi-Cast","floor":33.0},{"not_picked":["Sweeping Beam+1","Redo"],"picked":"Skim+1","floor":35.0},{"not_picked":["Ball Lightning+1","Steam Power+1"],"picked":"Echo Form","floor":38.0},{"not_picked":["Coolheaded+1","Redo"],"picked":"Beam Cell","floor":39.0},{"not_picked":["Multi-Cast","Sweeping Beam"],"picked":"Leap","floor":40}],"player_experience":352667,"relics_obtained":[{"floor":7.0,"key":"War Paint"},{"floor":9.0,"key":"Oddly Smooth Stone"},{"floor":12.0,"key":"MawBank"},{"floor":26.0,"key":"Dream Catcher"},{"floor":30.0,"key":"Bottled Flame"},{"floor":36.0,"key":"Shovel"},{"floor":40,"key":"Molten Egg 2"}],"event_choices":[{"event_name":"Transmorgrifier","player_choice":"Transform","floor":14.0,"damage_taken":0.0},{"event_name":"The Lab","player_choice":"Got Potions","floor":19.0,"damage_taken":0.0},{"event_name":"Cursed Tome","player_choice":"Ignored","floor":20.0,"damage_taken":0.0},{"event_name":"Vampires","player_choice":"Became a vampire","floor":28.0,"damage_taken":0.0},{"event_name":"Mysterious Sphere","player_choice":"Fight","floor":36.0,"damage_taken":0.0}],"is_beta":true,"boss_relics":[{"not_picked":["Tiny House","Philosopher\u0027s Stone"],"picked":"Coffee Dripper"},{"not_picked":["Snecko Eye","Runic Dome"],"picked":"Pandora\u0027s Box"}],"items_purged_floors":[2],"is_endless":false,"potions_floor_spawned":[7,8,10,12,16,18,29,31,35,36,38],"killed_by":"Nemesis","ascension_level":20}