{"gold_per_floor":[110,110,127,139,150,175,175,175,200,217,25,36,64,84,84,184,184,199,213,213,213,233,233,260,278,301,301,330,330,35,54,54,158,158,178,1177,1177,496,508,508,518,518,518,518],"floor_reached":44,"playtime":1821,"items_purged":["Normality"],"score":531,"play_id":"00c9c5d7-6185-45b5-bdf5-2f219baa7db8","local_time":"20190810004724","is_ascension_mode":true,"campfire_choices":[{"floor":8,"key":"REST"},{"floor":15,"key":"REST"},{"data":"Double Tap","floor":23,"key":"SMITH"},{"data":"Infernal Blade","floor":27,"key":"SMITH"},{"floor":32,"key":"REST"},{"data":"Spot Weakness","floor":40,"key":"SMITH"},{"floor":42,"key":"REST"}],"neow_cost":"NONE","seed_source_timestamp":1525254657574132,"circlet_count":0,"master_deck":["Strike_R+1","Strike_R+1","Strike_R+1","Strike_R+1","Strike_R+1","Defend_R+1","Defend_R+1","Defend_R+1","Defend_R+1","Bash","Flex+1","Shockwave","Pummel","Clothesline","Infernal Blade+1","Panache","Flame Barrier+1","Perfected Strike","Double Tap+1","Pommel Strike","Uppercut","Shrug It Off","Havoc+1","Shrug It Off","Cleave+1","Feel No Pain+1","Double Tap","Normality","Deep Breath","Spot Weakness+1"],"relics":["Burning Blood","NeowsBlessing","Oddly Smooth Stone","Ancient Tea Set","War Paint","Mark of Pain","Enchiridion","Dead Branch","PreservedInsect","Bronze Scales","Torii","White Beast Statue","Strawberry","Molten Egg 2","TheAbacus","Singing Bowl"],"potions_floor_usage":[10,16,24,24,33,33,33,33,33,41,41,41,44],"damage_taken":[{"damage":0,"enemies":"Cultist","floor":1,"turns":1},{"damage":0,"enemies":"Small Slimes","floor":3,"turns":1},{"damage":0,"enemies":"Jaw Worm","floor":4,"turns":1},{"damage":20,"enemies":"3 Louse","floor":5,"turns":4},{"damage":52,"enemies":"Gremlin Nob","floor":6,"turns":5},{"damage":12,"enemies":"Large Slime","floor":10,"turns":7},{"damage":2,"enemies":"Blue Slaver","floor":12,"turns":3},{"damage":9,"enemies":"Lagavulin","floor":13,"turns":7},{"damage":17,"enemies":"Exordium Thugs","floor":14,"turns":6},{"damage":34,"enemies":"Hexaghost","floor":16,"turns":11},{"damage":0,"enemies":"3 Byrds","floor":18,"turns":2},{"damage":9,"enemies":"Chosen","floor":19,"turns":4},{"damage":9,"enemies":"Snake Plant","floor":22,"turns":3},{"damage":12,"enemies":"Book of Stabbing","floor":24,"turns":4},{"damage":12,"enemies":"Cultist and Chosen","floor":25,"turns":5},{"damage":21,"enemies":"Slavers","floor":28,"turns":3},{"damage":6,"enemies":"Snecko","floor":31,"turns":4},{"damage":15,"enemies":"Champ","floor":33,"turns":6},{"damage":28,"enemies":"3 Darklings","floor":35,"turns":8},{"damage":0,"enemies":"Orb Walker","floor":39,"turns":4},{"damage":66,"enemies":"Transient","floor":41,"turns":5},{"damage":57,"enemies":"Giant Head","floor":44,"turns":7}],"seed_played":"2497631343801316213","potions_obtained":[{"floor":1,"key":"Ancient Potion"},{"floor":4,"key":"SkillPotion"},{"floor":13,"key":"Strength Potion"},{"floor":16,"key":"Strength Potion"},{"floor":19,"key":"Dexterity Potion"},{"floor":22,"key":"SteroidPotion"},{"floor":31,"key":"EntropicBrew"},{"floor":33,"key":"Regen Potion"},{"floor":35,"key":"Explosive Potion"},{"floor":39,"key":"AttackPotion"},{"floor":41,"key":"Fire Potion"}],"is_trial":false,"path_per_floor":["M","?","M","M","M","E","?","R","T","M","$","M","E","M","R","B",null,"M","M","?","?","M","R","E","M","T","R","E","?","$","M","R","B",null,"M","?","?","$","M","R","M","R","T","E"],"character_chosen":"IRONCLAD","items_purchased":["Panache","Torii","Strawberry","Molten Egg 2","TheAbacus"],"campfire_rested":4,"item_purchase_floors":[11,30,38,38,38],"current_hp_per_floor":[80,80,80,80,66,20,20,44,44,38,38,42,39,28,52,24,80,80,77,77,61,58,58,52,46,46,46,31,31,31,31,55,46,80,58,58,58,65,71,71,16,42,42,0],"gold":518,"neow_bonus":"THREE_ENEMY_KILL","is_prod":false,"is_daily":false,"chose_seed":false,"campfire_upgraded":3,"win_rate":0,"timestamp":1565412444,"path_taken":["M","?","M","M","M","E","?","R","T","M","$","M","E","M","R","BOSS","M","M","?","?","M","R","E","M","T","R","E","?","$","M","R","BOSS","M","?","?","$","M","R","M","R","T","E"],"build_version":"2019-06-28","purchased_purges":1,"victory":false,"max_hp_per_floor":[80,80,80,80,80,80,80,80,80,80,80,80,80,80,80,80,80,80,80,80,80,80,80,80,80,80,80,80,80,80,80,80,80,80,80,80,80,87,87,87,87,87,87,87],"card_choices":[{"not_picked":["Thunderclap","Twin Strike"],"picked":"Flex","floor":1},{"not_picked":["Reckless Charge","Thunderclap"],"picked":"Shockwave","floor":3},{"not_picked":["Sever Soul","Flex"],"picked":"Pummel","floor":4},{"not_picked":["Feel No Pain","True Grit"],"picked":"Clothesline","floor":5},{"not_picked":["Impervious","Armaments"],"picked":"Infernal Blade","floor":6},{"not_picked":["True Grit","Entrench","Body Slam"],"picked":"SKIP","floor":10},{"not_picked":["Warcry","Cleave"],"picked":"Flame Barrier","floor":12},{"not_picked":["Wild Strike","Sever Soul","Fire Breathing"],"picked":"SKIP","floor":13},{"not_picked":["Searing Blow","Bloodletting"],"picked":"Perfected Strike","floor":14},{"not_picked":["Dark Embrace","Juggernaut"],"picked":"Double Tap","floor":16},{"not_picked":["Warcry","Clothesline"],"picked":"Pommel Strike","floor":18},{"not_picked":["Havoc+1","Shrug It Off"],"picked":"Uppercut","floor":19},{"not_picked":["Wild Strike+1","Headbutt"],"picked":"Shrug It Off","floor":22},{"not_picked":["Offering","Battle Trance"],"picked":"Havoc+1","floor":24},{"not_picked":["Clash","Shrug It Off","Rampage"],"picked":"SKIP","floor":25},{"not_picked":["Clash","Rampage"],"picked":"Shrug It Off","floor":25},{"not_picked":["Pommel Strike","Sword Boomerang"],"picked":"Cleave+1","floor":28},{"not_picked":["Anger","Perfected Strike"],"picked":"Feel No Pain+1","floor":31},{"not_picked":["Juggernaut","Brutality"],"picked":"Double Tap","floor":33},{"not_picked":["True Grit","Flex","Twin Strike+1"],"picked":"SKIP","floor":35},{"not_picked":["Blind","PanicButton"],"picked":"Deep Breath","floor":37},{"not_picked":["Havoc+1","Inflame"],"picked":"Spot Weakness","floor":39},{"not_picked":["Inflame+1","Iron Wave+1","Sword Boomerang+1"],"picked":"SKIP","floor":41}],"player_experience":64623,"relics_obtained":[{"floor":6,"key":"Oddly Smooth Stone"},{"floor":9,"key":"Ancient Tea Set"},{"floor":13,"key":"War Paint"},{"floor":21,"key":"Enchiridion"},{"floor":24,"key":"Dead Branch"},{"floor":26,"key":"PreservedInsect"},{"floor":28,"key":"Bronze Scales"},{"floor":43,"key":"Singing Bowl"}],"event_choices":[{"damage_healed":0,"gold_gain":0,"player_choice":"Grow","damage_taken":0,"max_hp_gain":0,"max_hp_loss":0,"event_name":"Living Wall","floor":2,"gold_loss":0,"cards_upgraded":["Flex"]},{"damage_healed":0,"gold_gain":0,"player_choice":"Ignored","damage_taken":0,"max_hp_gain":0,"max_hp_loss":0,"event_name":"Shining Light","floor":7,"gold_loss":0},{"damage_healed":0,"gold_gain":0,"player_choice":"Simplicity","damage_taken":0,"max_hp_gain":0,"max_hp_loss":0,"event_name":"Back to Basics","floor":20,"gold_loss":0,"cards_upgraded":["Strike_R","Strike_R","Strike_R","Strike_R","Strike_R","Defend_R","Defend_R","Defend_R"]},{"damage_healed":0,"gold_gain":0,"player_choice":"Obtained Book","damage_taken":16,"max_hp_gain":0,"max_hp_loss":0,"event_name":"Cursed Tome","floor":21,"gold_loss":0},{"damage_healed":0,"gold_gain":0,"player_choice":"Ignored","damage_taken":0,"max_hp_gain":0,"max_hp_loss":0,"event_name":"Ghosts","floor":29,"gold_loss":0},{"damage_healed":0,"gold_gain":999,"player_choice":"Gold","damage_taken":0,"max_hp_gain":0,"max_hp_loss":0,"event_name":"MindBloom","floor":36,"gold_loss":0,"cards_obtained":["Normality","Normality"]},{"damage_healed":0,"gold_gain":0,"player_choice":"Memory 1","damage_taken":0,"max_hp_gain":0,"max_hp_loss":0,"event_name":"SensoryStone","floor":37,"gold_loss":0}],"is_beta":true,"boss_relics":[{"not_picked":["Runic Pyramid","Eternal Feather"],"picked":"Mark of Pain"},{"not_picked":["Astrolabe","Tiny House"],"picked":"White Beast Statue"}],"items_purged_floors":[38],"is_endless":false,"potions_floor_spawned":[1,4,13,16,19,22,31,33,35,39,41],"killed_by":"Giant Head","ascension_level":2}