{"gold_per_floor":[19,19,31,47,61,90,101,133,156,156,212,240,240,240,240,314,314,334,368,251,269,269,269,282,311,311,322,322,51,70,87,87,87],"floor_reached":33,"playtime":1719,"items_purged":["Strike_B","Strike_B"],"score":574,"play_id":"50f0f13f-31af-4883-83eb-0780f6121019","local_time":"20181214193843","is_ascension_mode":true,"campfire_choices":[{"data":"Barrage","floor":10.0,"key":"SMITH"},{"data":"Coolheaded","floor":15.0,"key":"SMITH"},{"floor":23.0,"key":"REST"},{"data":"Chaos","floor":32.0,"key":"SMITH"}],"neow_cost":"NO_GOLD","seed_source_timestamp":0,"circlet_count":0,"master_deck":["AscendersBane","Strike_B","Defend_B","Defend_B","Zap","Dualcast","Beam Cell+1","Chill","Barrage+1","Coolheaded+1","Skim","Doom and Gloom","Leap","Electrodynamics","Seek","Ball Lightning","Chaos+1","BootSequence","Sunder","Self Repair","Leap+1","Auto Shields+1","Compile Driver+1","Turbo"],"special_seed":0,"relics":["Cracked Core","Art of War","Pantograph","DataDisk","Bag of Preparation","Orrery","Red Mask","Ancient Tea Set","Prayer Wheel","Regal Pillow"],"potions_floor_usage":[33,33],"damage_taken":[{"damage":4.0,"enemies":"2 Louse","floor":1.0,"turns":4.0},{"damage":1.0,"enemies":"Cultist","floor":3.0,"turns":3.0},{"damage":0.0,"enemies":"Small Slimes","floor":4.0,"turns":3.0},{"damage":7.0,"enemies":"Looter","floor":5.0,"turns":3.0},{"damage":24.0,"enemies":"Gremlin Nob","floor":6.0,"turns":4.0},{"damage":0.0,"enemies":"Large Slime","floor":7.0,"turns":5.0},{"damage":6.0,"enemies":"3 Sentries","floor":8.0,"turns":6.0},{"damage":18.0,"enemies":"Lagavulin","floor":12.0,"turns":6.0},{"damage":8.0,"enemies":"The Guardian","floor":16.0,"turns":11.0},{"damage":15.0,"enemies":"Shell Parasite","floor":18.0,"turns":5.0},{"damage":0.0,"enemies":"Masked Bandits","floor":19.0,"turns":2.0},{"damage":9.0,"enemies":"Chosen","floor":21.0,"turns":5.0},{"damage":0.0,"enemies":"3 Cultists","floor":24.0,"turns":4.0},{"damage":29.0,"enemies":"Gremlin Leader","floor":25.0,"turns":6.0},{"damage":16.0,"enemies":"Snecko","floor":27.0,"turns":5.0},{"damage":3.0,"enemies":"Shelled Parasite and Fungi","floor":30.0,"turns":6.0},{"damage":10.0,"enemies":"Sentry and Sphere","floor":31.0,"turns":4.0},{"damage":60,"enemies":"Champ","floor":33,"turns":9}],"seed_played":"5342724649003698497","potions_obtained":[{"floor":1.0,"key":"Block Potion"},{"floor":5.0,"key":"Ancient Potion"},{"floor":7.0,"key":"AttackPotion"},{"floor":16.0,"key":"Fruit Juice"},{"floor":21.0,"key":"Strength Potion"},{"floor":25.0,"key":"Poison Potion"},{"floor":30.0,"key":"SneckoOil"}],"is_trial":false,"path_per_floor":["M","?","M","M","M","E","M","E","T","R","?","E","?","?","R","B",null,"M","?","$","M","?","R","M","E","T","M","?","$","M","M","R","B"],"character_chosen":"DEFECT","items_purchased":["Self Repair","Regal Pillow"],"campfire_rested":1,"item_purchase_floors":[20,29],"current_hp_per_floor":[60,60,59,59,52,28,28,22,22,22,22,4,4,4,4,26,64,49,49,49,47,25,49,56,34,34,25,25,25,29,26,26,0],"gold":87,"neow_bonus":"REMOVE_TWO","is_prod":false,"is_daily":false,"chose_seed":false,"campfire_upgraded":3,"win_rate":0,"timestamp":1544787523,"path_taken":["M","?","M","?","M","E","M","E","T","R","?","E","?","?","R","BOSS","M","?","$","M","?","R","M","E","T","M","?","$","?","M","R","BOSS"],"build_version":"2018-12-13","purchased_purges":2,"victory":false,"max_hp_per_floor":[71,71,71,71,71,71,71,71,71,71,71,71,71,71,71,76,76,76,76,76,76,81,81,81,81,81,81,81,81,81,81,81,81],"card_choices":[{"not_picked":["Undo","Go for the Eyes"],"picked":"Beam Cell","floor":1.0},{"not_picked":["White Noise","Rebound"],"picked":"Chill","floor":3.0},{"not_picked":["Stack","Leap"],"picked":"Barrage","floor":4.0},{"not_picked":["Consume","Double Energy"],"picked":"Coolheaded","floor":5.0},{"not_picked":["Steam","Coolheaded"],"picked":"Skim","floor":6.0},{"not_picked":["Reprogram","Static Discharge"],"picked":"Doom and Gloom","floor":7.0},{"not_picked":["Skim","Lockon"],"picked":"Leap","floor":8.0},{"not_picked":["Steam Power","Reboot"],"picked":"Electrodynamics","floor":12.0},{"not_picked":["Creative AI","Buffer"],"picked":"Seek","floor":16.0},{"not_picked":["Steam","Compile Driver"],"picked":"Ball Lightning","floor":17.0},{"not_picked":["Cold Snap","Consume"],"picked":"Chaos","floor":17.0},{"not_picked":["Beam Cell","Barrage"],"picked":"BootSequence","floor":17.0},{"not_picked":["Sweeping Beam","Storm","Scrape"],"picked":"SKIP","floor":18.0},{"not_picked":["Aggregate","Chaos"],"picked":"Sunder","floor":19.0},{"not_picked":["Streamline","Conserve Battery"],"picked":"Leap+1","floor":21.0},{"not_picked":["Heatsinks+1","Cold Snap","Rip and Tear"],"picked":"SKIP","floor":24.0},{"not_picked":["Gash","Rebound","Hologram"],"picked":"SKIP","floor":25.0},{"not_picked":["Gash","Compile Driver"],"picked":"Auto Shields+1","floor":27.0},{"not_picked":["Auto Shields","Seek","Leap"],"picked":"SKIP","floor":27.0},{"not_picked":["Conserve Battery","Redo"],"picked":"Compile Driver+1","floor":30.0},{"not_picked":["White Noise","Chill+1","Stack"],"picked":"SKIP","floor":30.0},{"not_picked":["Coolheaded","Fusion"],"picked":"Turbo","floor":31.0},{"not_picked":["Self Repair","Creative AI","Auto Shields"],"picked":"SKIP","floor":31.0}],"player_experience":614805,"relics_obtained":[{"floor":6.0,"key":"Art of War"},{"floor":8.0,"key":"Pantograph"},{"floor":9.0,"key":"DataDisk"},{"floor":12.0,"key":"Bag of Preparation"},{"floor":19.0,"key":"Red Mask"},{"floor":25.0,"key":"Ancient Tea Set"},{"floor":26.0,"key":"Prayer Wheel"}],"event_choices":[{"damage_healed":0.0,"max_hp_gain":0.0,"max_hp_loss":0.0,"gold_gain":0.0,"event_name":"Accursed Blacksmith","player_choice":"Forge","floor":2.0,"gold_loss":0.0,"damage_taken":0.0,"cards_upgraded":["Beam Cell"]},{"damage_healed":0.0,"max_hp_gain":0.0,"max_hp_loss":0.0,"gold_gain":56.0,"event_name":"Golden Wing","player_choice":"Gained Gold","floor":11.0,"gold_loss":0.0,"damage_taken":0.0},{"damage_healed":0.0,"max_hp_gain":0.0,"max_hp_loss":0.0,"gold_gain":0.0,"event_name":"Dead Adventurer","player_choice":"Searched \u00270\u0027 times","floor":13.0,"gold_loss":0.0,"damage_taken":0.0},{"damage_healed":0.0,"max_hp_gain":0.0,"max_hp_loss":0.0,"gold_gain":0.0,"event_name":"Shining Light","player_choice":"Ignored","floor":14.0,"gold_loss":0.0,"damage_taken":0.0},{"damage_healed":0.0,"max_hp_gain":0.0,"max_hp_loss":0.0,"gold_gain":0.0,"event_name":"Masked Bandits","player_choice":"Fought Bandits","floor":19.0,"gold_loss":0.0,"damage_taken":0.0},{"damage_healed":0.0,"max_hp_gain":5.0,"max_hp_loss":0.0,"gold_gain":0.0,"event_name":"Forgotten Altar","player_choice":"Shed Blood","floor":22.0,"gold_loss":0.0,"damage_taken":27.0},{"cards_removed":["Defend_B"],"damage_healed":0.0,"max_hp_gain":0.0,"max_hp_loss":0.0,"gold_gain":0.0,"event_name":"Wheel of Change","player_choice":"Card Removal","floor":28.0,"gold_loss":0.0,"damage_taken":0.0}],"is_beta":true,"boss_relics":[{"not_picked":["FrozenCore","Eternal Feather"],"picked":"Orrery"}],"items_purged_floors":[20,29],"is_endless":false,"potions_floor_spawned":[1,5,7,16,21,24,25,30],"killed_by":"Champ","ascension_level":20}