{"gold_per_floor":[419,208,208,221,221,221,231,265,335,335,348,364,381,401,401,499,499,499,499,513,199,209,209,240,240,240,266,282,294,319,339,339,441,441,454,471,113,113,47,72,72,100,125,137,156,67,67,84,84,84],"floor_reached":51,"playtime":1658,"items_purged":["Strike_R","Strike_R"],"score":1008,"play_id":"a1d74b60-1868-435e-a676-d8431eea80ab","local_time":"20181013120003","is_ascension_mode":true,"campfire_choices":[{"data":"Whirlwind","floor":6.0,"key":"SMITH"},{"data":"Demon Form","floor":10.0,"key":"SMITH"},{"data":"Bash","floor":15.0,"key":"SMITH"},{"data":"Double Tap","floor":23.0,"key":"SMITH"},{"data":"Bloodletting","floor":32.0,"key":"SMITH"},{"data":"Limit Break","floor":41.0,"key":"SMITH"},{"data":"Limit Break","floor":49.0,"key":"SMITH"}],"neow_cost":"TEN_PERCENT_HP_LOSS","seed_source_timestamp":1890422837015,"circlet_count":0,"master_deck":["Strike_R+1","Strike_R","Defend_R","Defend_R","Defend_R","Bash+1","Wild Strike","Demon Form+1","Whirlwind+1","Ghostly Armor","Immolate","Headbutt","Double Tap+1","Shrug It Off+1","Sever Soul+1","Bloodletting+1","Limit Break+1","Power Through","Limit Break+1","Berserk","Battle Trance","Whirlwind+1","Second Wind","Inflame","Flame Barrier"],"special_seed":0,"relics":["Burning Blood","Old Coin","Bronze Scales","Bottled Flame","Coffee Dripper","Thread and Needle","Regal Pillow","The Courier","Bag of Preparation","Ornamental Fan","Sozu","Membership Card","Whetstone","Bag of Marbles","Ancient Tea Set","Torii","Dodecahedron","Happy Flower"],"potions_floor_usage":[],"damage_taken":[{"damage":1.0,"enemies":"Cultist","floor":1.0,"turns":3.0},{"damage":7.0,"enemies":"Jaw Worm","floor":4.0,"turns":2.0},{"damage":0.0,"enemies":"2 Louse","floor":7.0,"turns":2.0},{"damage":20.0,"enemies":"3 Sentries","floor":8.0,"turns":3.0},{"damage":3.0,"enemies":"Blue Slaver","floor":11.0,"turns":3.0},{"damage":0.0,"enemies":"Gremlin Gang","floor":12.0,"turns":1.0},{"damage":0.0,"enemies":"2 Fungi Beasts","floor":13.0,"turns":2.0},{"damage":4.0,"enemies":"Red Slaver","floor":14.0,"turns":2.0},{"damage":50.0,"enemies":"The Guardian","floor":16.0,"turns":10.0},{"damage":0.0,"enemies":"3 Byrds","floor":18.0,"turns":1.0},{"damage":7.0,"enemies":"Chosen","floor":20.0,"turns":3.0},{"damage":0.0,"enemies":"Centurion and Healer","floor":22.0,"turns":5.0},{"damage":12.0,"enemies":"Gremlin Leader","floor":24.0,"turns":5.0},{"damage":23.0,"enemies":"Book of Stabbing","floor":27.0,"turns":4.0},{"damage":3.0,"enemies":"Chosen and Byrds","floor":28.0,"turns":4.0},{"damage":0.0,"enemies":"3 Cultists","floor":29.0,"turns":2.0},{"damage":3.0,"enemies":"Slavers","floor":30.0,"turns":2.0},{"damage":7.0,"enemies":"Centurion and Healer","floor":31.0,"turns":3.0},{"damage":33.0,"enemies":"Collector","floor":33.0,"turns":6.0},{"damage":3.0,"enemies":"3 Darklings","floor":35.0,"turns":2.0},{"damage":1.0,"enemies":"Orb Walker","floor":36.0,"turns":3.0},{"damage":30.0,"enemies":"Giant Head","floor":40.0,"turns":6.0},{"damage":3.0,"enemies":"2 Orb Walkers","floor":42.0,"turns":1.0},{"damage":0.0,"enemies":"Sphere and 2 Shapes","floor":44.0,"turns":2.0},{"damage":44.0,"enemies":"Transient","floor":45.0,"turns":5.0},{"damage":0.0,"enemies":"3 Darklings","floor":48.0,"turns":1.0},{"damage":40,"enemies":"Donu and Deca","floor":50,"turns":5}],"seed_played":"-4865104979196807696","potions_obtained":[{"floor":7.0,"key":"Fire Potion"},{"floor":11.0,"key":"SmokeBomb"},{"floor":13.0,"key":"FearPotion"},{"floor":14.0,"key":"Swift Potion"},{"floor":22.0,"key":"Block Potion"},{"floor":28.0,"key":"SteroidPotion"},{"floor":29.0,"key":"Block Potion"}],"is_trial":false,"path_per_floor":["M","$","?","M","?","R","M","E","T","R","M","M","M","M","R","B",null,"M","?","M","$","M","R","E","?","T","E","M","M","E","M","R","B",null,"M","M","$","?","?","E","R","E","T","M","M","$","?","M","R","B"],"character_chosen":"IRONCLAD","items_purchased":["Demon Form","Thread and Needle","Membership Card","Whetstone","Bag of Marbles","Power Through","Second Wind","Inflame","Flame Barrier"],"campfire_rested":0,"item_purchase_floors":[2,21,37,37,37,37,46,46,46],"current_hp_per_floor":[72,72,72,71,71,71,72,58,58,58,61,67,72,72,72,28,61,67,67,66,66,72,72,66,66,66,49,52,58,61,60,60,33,62,65,70,70,70,70,46,46,49,49,55,17,17,63,63,63,29],"gold":84,"neow_bonus":"ONE_RARE_RELIC","is_prod":false,"is_daily":false,"chose_seed":false,"campfire_upgraded":7,"win_rate":0,"timestamp":1539403203,"path_taken":["M","$","?","M","?","R","M","E","T","R","M","M","M","M","R","BOSS","M","?","M","$","M","R","E","?","T","E","M","M","E","M","R","BOSS","M","M","$","?","?","E","R","E","T","M","M","$","?","?","R","BOSS"],"build_version":"2018-10-11","purchased_purges":2,"victory":true,"max_hp_per_floor":[72,72,72,72,72,72,72,72,72,72,72,72,72,72,72,72,72,72,72,72,72,72,72,72,72,72,72,72,72,72,72,72,72,72,72,72,72,72,72,72,72,72,72,72,72,72,63,63,63,63],"card_choices":[{"not_picked":["True Grit","Twin Strike"],"picked":"Wild Strike","floor":1.0},{"not_picked":["Dual Wield","Body Slam"],"picked":"Whirlwind","floor":4.0},{"not_picked":["Sword Boomerang","Heavy Blade","Perfected Strike"],"picked":"SKIP","floor":7.0},{"not_picked":["Corruption","Cleave"],"picked":"Ghostly Armor","floor":8.0},{"not_picked":["Blood for Blood","Cleave","Clothesline"],"picked":"SKIP","floor":11.0},{"not_picked":["Anger","Cleave"],"picked":"Immolate","floor":12.0},{"not_picked":["Heavy Blade","Blood for Blood"],"picked":"Headbutt","floor":13.0},{"not_picked":["Flex","Carnage","Perfected Strike"],"picked":"SKIP","floor":14.0},{"not_picked":["Exhume","Juggernaut"],"picked":"Double Tap","floor":16.0},{"not_picked":["Hemokinesis","Twin Strike+1"],"picked":"Shrug It Off+1","floor":20.0},{"not_picked":["Warcry+1","Wild Strike","Armaments"],"picked":"SKIP","floor":22.0},{"not_picked":["Intimidate","Warcry+1","Shrug It Off"],"picked":"SKIP","floor":24.0},{"not_picked":["Feed","Perfected Strike","Sword Boomerang+1"],"picked":"SKIP","floor":27.0},{"not_picked":["Combust","Pummel","Reckless Charge"],"picked":"SKIP","floor":28.0},{"not_picked":["Dropkick","Blood for Blood"],"picked":"Sever Soul","floor":29.0},{"not_picked":["Havoc+1","Body Slam","Armaments"],"picked":"SKIP","floor":30.0},{"not_picked":["Armaments","Rampage+1"],"picked":"Bloodletting","floor":31.0},{"not_picked":["Brutality","Berserk"],"picked":"Limit Break","floor":33.0},{"not_picked":["Sword Boomerang+1","Headbutt+1","Heavy Blade+1"],"picked":"SKIP","floor":35.0},{"not_picked":["Clothesline+1","Twin Strike+1","Cleave+1"],"picked":"SKIP","floor":36.0},{"not_picked":["Seeing Red","Warcry+1"],"picked":"Berserk","floor":40.0},{"not_picked":["Dark Embrace","Power Through+1"],"picked":"Battle Trance","floor":42.0},{"not_picked":["Heavy Blade+1","Dual Wield","Clash"],"picked":"SKIP","floor":44.0},{"not_picked":["Perfected Strike","Carnage"],"picked":"Whirlwind+1","floor":45.0},{"not_picked":["Metallicize","Anger+1","Perfected Strike+1"],"picked":"SKIP","floor":48.0}],"player_experience":434242,"relics_obtained":[{"floor":8.0,"key":"Bronze Scales"},{"floor":9.0,"key":"Bottled Flame"},{"floor":24.0,"key":"Regal Pillow"},{"floor":26.0,"key":"The Courier"},{"floor":27.0,"key":"Bag of Preparation"},{"floor":30.0,"key":"Ornamental Fan"},{"floor":40.0,"key":"Torii"},{"floor":42.0,"key":"Dodecahedron"},{"floor":43.0,"key":"Happy Flower"}],"event_choices":[{"event_name":"Scrap Ooze","player_choice":"unsuccessful","floor":3.0,"damage_taken":0.0},{"event_name":"Purifier","player_choice":"One Purge","floor":5.0,"damage_taken":0.0},{"event_name":"Ghosts","player_choice":"Ignored","floor":19.0,"damage_taken":0.0},{"event_name":"Bonfire Elementals","player_choice":"BASIC","floor":25.0,"damage_taken":0.0},{"event_name":"Match and Keep!","player_choice":"1 cards matched","floor":38.0,"damage_taken":0.0},{"event_name":"WeMeetAgain","player_choice":"Gold","floor":39.0,"damage_taken":0.0},{"event_name":"The Moai Head","player_choice":"Heal","floor":47.0,"damage_taken":0.0}],"is_beta":true,"boss_relics":[{"not_picked":["Busted Crown","Pandora\u0027s Box"],"picked":"Coffee Dripper"},{"not_picked":["Fusion Hammer","White Beast Statue"],"picked":"Sozu"}],"items_purged_floors":[2,37],"is_endless":false,"potions_floor_spawned":[7,11,13,14,18,22,28,29,35,36,44,48],"ascension_level":5}