{"gold_per_floor":[109,184,184,198,212,212,4,4,77,77,77,105,120,133,133,211,211,225,39,39,39,39,39,49,49,102,102,128,17,30,30],"floor_reached":31,"playtime":778,"items_purged":["Strike_B"],"score":439,"play_id":"e2b50827-708e-4002-a2a2-da7582492773","local_time":"20190331144605","is_ascension_mode":true,"campfire_choices":[{"data":"Electrodynamics","floor":6.0,"key":"SMITH"},{"data":"Mayhem","floor":8.0,"key":"SMITH"},{"data":"Streamline","floor":10.0,"key":"SMITH"},{"data":"Hologram","floor":15.0,"key":"SMITH"},{"floor":23.0,"key":"REST"},{"data":"Apotheosis","floor":25.0,"key":"SMITH"},{"floor":27.0,"key":"REST"}],"neow_cost":"TEN_PERCENT_HP_LOSS","seed_source_timestamp":0,"circlet_count":0,"master_deck":["AscendersBane","Strike_B","Strike_B","Strike_B","Defend_B","Defend_B","Defend_B","Defend_B","Zap","Dualcast","Mayhem+1","Forethought","Chill","Streamline+1","Electrodynamics+1","Consume","Mayhem+1","Conserve Battery","Core Surge","Hologram+1","Seek","Apotheosis+1","Chaos","Cold Snap+1","Undo","Turbo+1"],"special_seed":0,"relics":["Cracked Core","Shuriken","Blood Vial","Nuclear Battery","Tiny Chest","Strawberry"],"potions_floor_usage":[],"damage_taken":[{"damage":1.0,"enemies":"Cultist","floor":1.0,"turns":3.0},{"damage":5.0,"enemies":"Small Slimes","floor":4.0,"turns":3.0},{"damage":0.0,"enemies":"2 Louse","floor":5.0,"turns":3.0},{"damage":25.0,"enemies":"Lagavulin","floor":12.0,"turns":5.0},{"damage":11.0,"enemies":"Lots of Slimes","floor":13.0,"turns":2.0},{"damage":0.0,"enemies":"Large Slime","floor":14.0,"turns":4.0},{"damage":5.0,"enemies":"Hexaghost","floor":16.0,"turns":9.0},{"damage":27.0,"enemies":"2 Thieves","floor":18.0,"turns":3.0},{"damage":18.0,"enemies":"Colosseum Slavers","floor":21.0,"turns":4.0},{"damage":0.0,"enemies":"Spheric Guardian","floor":24.0,"turns":4.0},{"damage":31,"enemies":"Book of Stabbing","floor":28,"turns":6},{"damage":17,"enemies":"Centurion and Healer","floor":30,"turns":3},{"damage":16,"enemies":"Snake Plant","floor":31,"turns":1}],"seed_played":"4270504416963790865","potions_obtained":[{"floor":1.0,"key":"Dexterity Potion"},{"floor":5.0,"key":"Dexterity Potion"}],"is_trial":false,"path_per_floor":["M","?","?","M","M","R","$","R","T","R","?","E","M","M","R","B",null,"M","$","?","?","$","R","M","R","T","R","E","$","M","M"],"character_chosen":"DEFECT","items_purchased":["Consume","Mayhem","Apotheosis","Undo"],"campfire_rested":2,"item_purchase_floors":[7,7,19,29],"current_hp_per_floor":[63,52,52,47,47,47,47,47,47,47,47,22,13,15,15,12,51,26,26,26,10,10,29,31,31,31,50,28,28,13,0],"gold":30,"neow_bonus":"RANDOM_COLORLESS_2","is_prod":false,"is_daily":false,"chose_seed":true,"campfire_upgraded":5,"win_rate":0,"timestamp":1554014765,"path_taken":["M","?","?","M","M","R","$","R","T","R","?","E","?","M","R","BOSS","M","$","?","?","?","R","M","R","T","R","E","?","M","M"],"build_version":"2019-01-23","purchased_purges":1,"victory":false,"max_hp_per_floor":[64,64,64,64,64,64,64,64,64,64,64,64,64,64,64,64,64,64,64,64,64,64,64,64,64,64,64,71,71,71,71],"card_choices":[{"not_picked":["Tempest","Leap"],"picked":"Chill","floor":1.0},{"not_picked":["Beam Cell","Stack"],"picked":"Streamline","floor":4.0},{"not_picked":["Redo","Go for the Eyes"],"picked":"Electrodynamics","floor":5.0},{"not_picked":["Rebound","Compile Driver"],"picked":"Conserve Battery","floor":12.0},{"not_picked":["FTL","Blizzard"],"picked":"Core Surge","floor":13.0},{"not_picked":["Compile Driver","Rip and Tear"],"picked":"Hologram","floor":14.0},{"not_picked":["Creative AI","All For One"],"picked":"Seek","floor":16.0},{"not_picked":["Streamline+1","Compile Driver","Leap"],"picked":"SKIP","floor":18.0},{"not_picked":["Scrape","Doom and Gloom"],"picked":"Chaos","floor":24.0},{"not_picked":["Barrage","Compile Driver"],"picked":"Cold Snap+1","floor":28},{"not_picked":["Gash+1","Beam Cell"],"picked":"Turbo+1","floor":30}],"player_experience":909372,"relics_obtained":[{"floor":9.0,"key":"Shuriken"},{"floor":12.0,"key":"Blood Vial"},{"floor":26.0,"key":"Tiny Chest"},{"floor":28,"key":"Strawberry"}],"event_choices":[{"damage_healed":0.0,"max_hp_gain":0.0,"max_hp_loss":0.0,"gold_gain":75.0,"event_name":"World of Goop","player_choice":"Gather Gold","floor":2.0,"gold_loss":0.0,"damage_taken":11.0},{"damage_healed":0.0,"max_hp_gain":0.0,"max_hp_loss":0.0,"gold_gain":0.0,"event_name":"Living Wall","player_choice":"Grow","floor":3.0,"gold_loss":0.0,"damage_taken":0.0,"cards_upgraded":["Mayhem"]},{"damage_healed":0.0,"max_hp_gain":0.0,"max_hp_loss":0.0,"gold_gain":0.0,"event_name":"Lab","player_choice":"Got Potions","floor":11.0,"gold_loss":0.0,"damage_taken":0.0},{"damage_healed":0.0,"max_hp_gain":0.0,"max_hp_loss":0.0,"gold_gain":0.0,"event_name":"Beggar","player_choice":"Ignored","floor":20.0,"gold_loss":0.0,"damage_taken":0.0},{"damage_healed":0.0,"max_hp_gain":0.0,"max_hp_loss":0.0,"gold_gain":0.0,"event_name":"Colosseum","player_choice":"Fight","floor":21.0,"gold_loss":0.0,"damage_taken":0.0},{"damage_healed":0.0,"max_hp_gain":0.0,"max_hp_loss":0.0,"gold_gain":0.0,"event_name":"Colosseum","player_choice":"Fled From Nobs","floor":21.0,"gold_loss":0.0,"damage_taken":0.0}],"is_beta":false,"boss_relics":[{"not_picked":["Runic Dome","Calling Bell"],"picked":"Nuclear Battery"}],"items_purged_floors":[29],"is_endless":false,"potions_floor_spawned":[1,5,14,30],"killed_by":"Snake Plant","ascension_level":15}