{"gold_per_floor":[114,114,126,145,169,169,169,186,186,186,196,196,209,174,174,275,275,288,157,168,144,144,144,54,54,78,92,108,18,44,66,78,195,207,236,264,131,145,60,60,60,76,76,94,110,28,28,41,41,41],"floor_reached":50,"playtime":4059,"items_purged":[],"score":488,"play_id":"32fba1b1-09cc-44f4-8a73-bea6300cfcf0","local_time":"20190807010228","is_ascension_mode":false,"campfire_choices":[{"floor":6,"key":"RECALL"},{"data":"Neutralize","floor":12,"key":"SMITH"},{"floor":15,"key":"REST"},{"floor":23,"key":"REST"},{"floor":25,"key":"REST"},{"floor":32,"key":"REST"},{"floor":40,"key":"REST"},{"floor":47,"key":"REST"},{"floor":49,"key":"REST"}],"neow_cost":"NONE","seed_source_timestamp":83488295113651,"circlet_count":0,"master_deck":["Strike_G","Strike_G","Strike_G","Strike_G","Strike_G","Defend_G","Defend_G","Defend_G","Defend_G","Survivor","Neutralize+1","Reflex+1","Quick Slash","Infinite Blades","Reflex+1","Corpse Explosion+1","Expertise+1","Eviscerate","Slice","Backflip+1","Deflect+1","Noxious Fumes","Acrobatics+1","Deflect+1","Acrobatics+1","Deflect+1","Bouncing Flask+1","Quick Slash+1","A Thousand Cuts","Bane+1","Underhanded Strike","Corpse Explosion+1","Choke","Poisoned Stab+1","Well Laid Plans","Deflect+1","Dash","Choke+1","Poisoned Stab","Flechettes"],"relics":["HoveringKite","Toxic Egg 2","Fusion Hammer","Blood Vial","MawBank","Philosopher\u0027s Stone","Pantograph"],"potions_floor_usage":[16,18,33,35,41,44,45,48,50],"damage_taken":[{"damage":13,"enemies":"Jaw Worm","floor":1,"turns":7},{"damage":5,"enemies":"Small Slimes","floor":3,"turns":5},{"damage":6,"enemies":"2 Louse","floor":4,"turns":4},{"damage":6,"enemies":"Exordium Thugs","floor":8,"turns":7},{"damage":4,"enemies":"Exordium Wildlife","floor":11,"turns":4},{"damage":8,"enemies":"Lots of Slimes","floor":13,"turns":7},{"damage":52,"enemies":"Hexaghost","floor":16,"turns":16},{"damage":8,"enemies":"Spheric Guardian","floor":18,"turns":7},{"damage":5,"enemies":"Shell Parasite","floor":20,"turns":5},{"damage":9,"enemies":"Shelled Parasite and Fungi","floor":27,"turns":5},{"damage":2,"enemies":"Snecko","floor":28,"turns":4},{"damage":8,"enemies":"Chosen and Byrds","floor":31,"turns":4},{"damage":34,"enemies":"Collector","floor":33,"turns":9},{"damage":1,"enemies":"Orb Walker","floor":35,"turns":4},{"damage":17,"enemies":"3 Darklings","floor":36,"turns":3},{"damage":42,"enemies":"Spire Growth","floor":38,"turns":5},{"damage":0,"enemies":"4 Shapes","floor":41,"turns":1},{"damage":16,"enemies":"3 Darklings","floor":42,"turns":3},{"damage":0,"enemies":"Maw","floor":44,"turns":6},{"damage":17,"enemies":"Writhing Mass","floor":45,"turns":4},{"damage":13,"enemies":"4 Shapes","floor":48,"turns":3},{"damage":73,"enemies":"Time Eater","floor":50,"turns":6}],"seed_played":"580074921720874140","potions_obtained":[{"floor":1,"key":"Regen Potion"},{"floor":8,"key":"GhostInAJar"},{"floor":11,"key":"SpeedPotion"},{"floor":22,"key":"SmokeBomb"},{"floor":27,"key":"SpeedPotion"},{"floor":36,"key":"Regen Potion"},{"floor":38,"key":"LiquidBronze"},{"floor":42,"key":"Fire Potion"},{"floor":48,"key":"GhostInAJar"}],"is_trial":false,"path_per_floor":["M","?","M","M","T","R","?","M","T","$","M","R","M","?","R","B",null,"M","$","M","$","?","R","$","R","T","M","M","$","T","M","R","B",null,"M","M","$","M","$","R","M","M","T","M","M","$","R","M","R","B"],"character_chosen":"THE_SILENT","items_purchased":["Eviscerate","Slice","Deflect+1","Noxious Fumes","Acrobatics+1","Deflect+1","Bouncing Flask+1","Corpse Explosion+1","Choke","Well Laid Plans","Deflect+1","Flechettes"],"campfire_rested":7,"item_purchase_floors":[19,19,21,24,24,29,29,37,37,39,39,46],"current_hp_per_floor":[57,50,45,39,39,39,39,33,33,33,29,29,21,38,59,22,70,62,62,57,57,57,70,70,70,70,61,61,61,61,55,70,36,70,69,53,53,13,13,34,36,22,22,39,24,24,45,34,55,0],"gold":41,"neow_bonus":"BOSS_RELIC","is_prod":false,"is_daily":false,"chose_seed":false,"campfire_upgraded":1,"win_rate":0,"timestamp":1565154148,"path_taken":["M","?","M","M","?","R","?","M","T","$","M","R","M","?","R","BOSS","M","$","M","$","?","R","$","R","T","M","M","?","?","M","R","BOSS","M","M","$","M","$","R","M","M","T","M","M","?","R","M","R","BOSS"],"build_version":"2019-07-17","purchased_purges":0,"victory":false,"max_hp_per_floor":[70,70,70,70,70,70,70,70,70,70,70,70,70,70,70,70,70,70,70,70,70,70,70,70,70,70,70,70,70,70,70,70,70,70,70,70,70,70,70,70,70,70,70,70,70,70,70,70,70,70],"card_choices":[{"not_picked":["Masterful Stab","Dodge and Roll"],"picked":"Reflex","floor":1},{"not_picked":["Backstab","PiercingWail","Skewer"],"picked":"SKIP","floor":3},{"not_picked":["Masterful Stab","Footwork"],"picked":"Quick Slash","floor":4},{"not_picked":["All Out Attack","Eviscerate"],"picked":"Infinite Blades","floor":8},{"not_picked":["Riddle With Holes","Flying Knee","Catalyst+1"],"picked":"SKIP","floor":11},{"not_picked":["Dagger Spray","Choke"],"picked":"Reflex+1","floor":13},{"not_picked":["Burst+1","Doppelganger+1"],"picked":"Corpse Explosion+1","floor":16},{"not_picked":["Backflip+1","Predator+1"],"picked":"Expertise+1","floor":18},{"not_picked":["Riddle With Holes","Eviscerate"],"picked":"Backflip+1","floor":20},{"not_picked":["Wraith Form v2","Blade Dance+1"],"picked":"Deflect+1","floor":27},{"not_picked":["Prepared+1","Quick Slash"],"picked":"Acrobatics+1","floor":28},{"not_picked":["Dagger Throw","Backflip+1"],"picked":"Quick Slash+1","floor":31},{"not_picked":["Unload","Tools of the Trade"],"picked":"A Thousand Cuts","floor":33},{"not_picked":["Masterful Stab+1","Sucker Punch+1"],"picked":"Bane+1","floor":35},{"not_picked":["Quick Slash+1","Eviscerate+1"],"picked":"Underhanded Strike","floor":36},{"not_picked":["Distraction+1","Slice+1"],"picked":"Poisoned Stab+1","floor":38},{"not_picked":["All Out Attack+1","Backstab"],"picked":"Dash","floor":42},{"not_picked":["Slice","Flying Knee"],"picked":"Choke+1","floor":44},{"not_picked":["Crippling Poison+1","Malaise+1"],"picked":"Poisoned Stab","floor":45},{"not_picked":["Flechettes+1","Deflect+1","Dodge and Roll+1"],"picked":"SKIP","floor":48}],"player_experience":41272,"relics_obtained":[{"floor":9,"key":"Toxic Egg 2"},{"floor":26,"key":"Blood Vial"},{"floor":30,"key":"MawBank"},{"floor":43,"key":"Pantograph"}],"event_choices":[{"cards_removed":["Defend_G"],"damage_healed":0,"gold_gain":0,"player_choice":"Card Removal","damage_taken":7,"max_hp_gain":0,"max_hp_loss":0,"event_name":"Golden Wing","floor":2,"gold_loss":0},{"damage_healed":0,"gold_gain":0,"player_choice":"Grow","damage_taken":0,"max_hp_gain":0,"max_hp_loss":0,"event_name":"Living Wall","floor":7,"gold_loss":0,"cards_upgraded":["Reflex"]},{"damage_healed":17,"gold_gain":0,"player_choice":"Healed","damage_taken":0,"max_hp_gain":0,"max_hp_loss":0,"event_name":"The Cleric","floor":14,"gold_loss":35},{"damage_healed":0,"gold_gain":0,"player_choice":"Got Potions","damage_taken":0,"max_hp_gain":0,"max_hp_loss":0,"event_name":"Lab","floor":22,"gold_loss":0}],"is_beta":false,"boss_relics":[{"not_picked":["Calling Bell","Black Star"],"picked":"Fusion Hammer"},{"not_picked":["Lizard Tail","Empty Cage"],"picked":"Philosopher\u0027s Stone"}],"items_purged_floors":[],"is_endless":false,"potions_floor_spawned":[1,8,11,13,27,28,36,38,42,48],"killed_by":"Time Eater","ascension_level":0}