{"gold_per_floor":[117,129,204,204,218,218,234,266,290,10,10,42,42,54,54,133,133,149,72,85,105,105,105,105],"floor_reached":24,"playtime":789,"items_purged":["Decay"],"score":412,"play_id":"769acea2-75f3-4835-989d-a0704e00828c","local_time":"20181124195900","is_ascension_mode":true,"campfire_choices":[{"data":"Deadly Poison","floor":6,"key":"SMITH"},{"floor":11,"key":"REST"},{"data":"Bouncing Flask","floor":13,"key":"SMITH"},{"data":"Noxious Fumes","floor":15,"key":"SMITH"},{"floor":23,"key":"REST"}],"neow_cost":"NONE","seed_source_timestamp":5266329106243,"circlet_count":0,"master_deck":["AscendersBane","Defend_G","Defend_G","Defend_G","Defend_G","Defend_G","Strike_G","Strike_G","Strike_G","Strike_G","Strike_G","Survivor","Neutralize","Escape Plan","Deadly Poison+1","Dagger Spray","Terror","Dash","Noxious Fumes+1","Bouncing Flask+1","Burst","Leg Sweep","Bane","PiercingWail"],"relics":["Ring of the Snake","NeowsBlessing","Regal Pillow","Strawberry","Oddly Smooth Stone","Philosopher\u0027s Stone"],"potions_floor_usage":[8,8,14,24],"damage_taken":[{"damage":0,"enemies":"Cultist","floor":1,"turns":1},{"damage":0,"enemies":"Jaw Worm","floor":2,"turns":1},{"damage":0,"enemies":"2 Louse","floor":5,"turns":1},{"damage":19,"enemies":"Red Slaver","floor":7,"turns":5},{"damage":25,"enemies":"Gremlin Nob","floor":8,"turns":4},{"damage":23,"enemies":"Lagavulin","floor":12,"turns":6},{"damage":3,"enemies":"Gremlin Gang","floor":14,"turns":4},{"damage":13,"enemies":"Hexaghost","floor":16,"turns":8},{"damage":40,"enemies":"3 Byrds","floor":18,"turns":5},{"damage":5,"enemies":"Shell Parasite","floor":20,"turns":6},{"damage":8,"enemies":"Centurion and Healer","floor":21,"turns":7},{"damage":49,"enemies":"Slavers","floor":24,"turns":4}],"seed_played":"-4150643211886712823","potions_obtained":[{"floor":1,"key":"Fire Potion"},{"floor":2,"key":"EssenceOfSteel"},{"floor":12,"key":"FearPotion"},{"floor":16,"key":"GhostInAJar"}],"is_trial":false,"path_per_floor":["M","M","?","?","M","R","M","E","T","$","R","E","R","M","R","B",null,"M","$","M","M","?","R","E"],"character_chosen":"THE_SILENT","items_purchased":["Dash","Noxious Fumes","Swift Potion","Leg Sweep"],"campfire_rested":2,"item_purchase_floors":[10,10,10,19],"current_hp_per_floor":[59,59,48,48,48,48,29,4,11,11,47,24,24,21,21,8,57,17,17,12,4,4,40,0],"gold":105,"neow_bonus":"THREE_ENEMY_KILL","is_prod":false,"is_daily":false,"chose_seed":false,"campfire_upgraded":3,"win_rate":0,"timestamp":1543060740,"path_taken":["M","?","?","?","?","R","?","E","T","$","R","E","R","M","R","BOSS","M","$","M","M","?","R","E"],"build_version":"2018-11-15","purchased_purges":1,"victory":false,"max_hp_per_floor":[66,66,66,66,66,66,66,66,73,73,73,73,73,73,73,73,73,73,73,73,73,73,73,73],"card_choices":[{"not_picked":["Accuracy","Poisoned Stab"],"picked":"Escape Plan","floor":1},{"not_picked":["Poisoned Stab","Expertise"],"picked":"Deadly Poison","floor":2},{"not_picked":["Outmaneuver","Expertise","Quick Slash"],"picked":"SKIP","floor":5},{"not_picked":["Leg Sweep","A Thousand Cuts"],"picked":"Dagger Spray","floor":7},{"not_picked":["Acrobatics","Bane"],"picked":"Terror","floor":8},{"not_picked":["Dagger Throw","Tactician"],"picked":"Bouncing Flask","floor":12},{"not_picked":["Prepared","Expertise","Accuracy"],"picked":"SKIP","floor":14},{"not_picked":["Wraith Form v2","Die Die Die"],"picked":"Burst","floor":16},{"not_picked":["Flying Knee","Dodge and Roll","Sucker Punch"],"picked":"SKIP","floor":18},{"not_picked":["Dagger Throw","Sucker Punch"],"picked":"Bane","floor":20},{"not_picked":["Backflip","Distraction"],"picked":"PiercingWail","floor":21}],"player_experience":562679,"relics_obtained":[{"floor":8,"key":"Regal Pillow"},{"floor":9,"key":"Strawberry"},{"floor":12,"key":"Oddly Smooth Stone"}],"event_choices":[{"damage_healed":0,"gold_gain":75,"player_choice":"Gather Gold","damage_taken":11,"max_hp_gain":0,"max_hp_loss":0,"event_name":"World of Goop","floor":3,"gold_loss":0},{"damage_healed":0,"gold_gain":0,"player_choice":"Cursed","damage_taken":0,"max_hp_gain":0,"max_hp_loss":0,"event_name":"Wheel of Change","floor":4,"gold_loss":0,"cards_obtained":["Decay"]},{"damage_healed":0,"gold_gain":0,"player_choice":"Ignored","damage_taken":0,"max_hp_gain":0,"max_hp_loss":0,"event_name":"Vampires","floor":22,"gold_loss":0}],"is_beta":true,"boss_relics":[{"not_picked":["Eternal Feather","Sozu"],"picked":"Philosopher\u0027s Stone"}],"items_purged_floors":[10],"is_endless":false,"potions_floor_spawned":[1,2,12,16,18,20],"killed_by":"Slavers","ascension_level":20}