{"gold_per_floor":[111,36,36,49,49,49,62,62,62,92,92,92,105,123,123,123],"floor_reached":16,"playtime":1356,"items_purged":["Defend_G"],"score":90,"play_id":"03b95743-1844-435c-b198-3dcb5aa017b2","local_time":"20190802090621","is_ascension_mode":false,"campfire_choices":[{"data":"Neutralize","floor":6,"key":"SMITH"},{"data":"Dagger Throw","floor":11,"key":"SMITH"},{"data":"Tactician","floor":15,"key":"SMITH"}],"neow_cost":"NONE","seed_source_timestamp":417355792959,"circlet_count":0,"master_deck":["Strike_G","Strike_G","Strike_G","Strike_G","Strike_G","Defend_G","Defend_G","Defend_G","Survivor","Neutralize+1","Tactician+1","Dagger Throw+1","Dagger Throw+1","Underhanded Strike+1"],"relics":["Ring of the Snake","NeowsBlessing","Molten Egg 2","Potion Belt"],"potions_floor_usage":[16],"damage_taken":[{"damage":0,"enemies":"Small Slimes","floor":1,"turns":1},{"damage":0,"enemies":"Jaw Worm","floor":4,"turns":1},{"damage":0,"enemies":"Cultist","floor":7,"turns":1},{"damage":1,"enemies":"Red Slaver","floor":13,"turns":3},{"damage":0,"enemies":"Blue Slaver","floor":14,"turns":3},{"damage":66,"enemies":"Slime Boss","floor":16,"turns":8}],"seed_played":"4653492410508126876","potions_obtained":[{"floor":4,"key":"Ancient Potion"},{"floor":14,"key":"Block Potion"}],"is_trial":false,"path_per_floor":["M","$","?","M","?","R","M","$","T","?","R","?","M","M","R","B"],"character_chosen":"THE_SILENT","items_purchased":[],"campfire_rested":0,"item_purchase_floors":[],"current_hp_per_floor":[70,70,70,70,75,75,75,75,75,75,75,75,74,74,74,8],"gold":123,"neow_bonus":"THREE_ENEMY_KILL","is_prod":false,"is_daily":false,"chose_seed":false,"campfire_upgraded":3,"win_rate":0.0,"timestamp":1564725981,"path_taken":["M","$","?","M","?","R","M","$","T","?","R","?","?","M","R","BOSS"],"build_version":"2019-07-17","purchased_purges":1,"victory":false,"max_hp_per_floor":[70,70,70,70,75,75,75,75,75,75,75,75,75,75,75,75],"card_choices":[{"not_picked":["Deflect","Acrobatics"],"picked":"Tactician","floor":1},{"not_picked":["Underhanded Strike","Escape Plan"],"picked":"Dagger Throw","floor":4},{"not_picked":["Underhanded Strike","Distraction","PiercingWail"],"picked":"SKIP","floor":7},{"not_picked":["Flying Knee+1","Sucker Punch+1"],"picked":"Dagger Throw+1","floor":13},{"not_picked":["Backflip","Dodge and Roll"],"picked":"Underhanded Strike+1","floor":14}],"player_experience":10905,"relics_obtained":[{"floor":9,"key":"Molten Egg 2"}],"event_choices":[{"cards_removed":["Defend_G"],"damage_healed":0,"gold_gain":0,"player_choice":"Forget","damage_taken":0,"max_hp_gain":0,"max_hp_loss":0,"event_name":"Living Wall","floor":3,"gold_loss":0},{"damage_healed":0,"gold_gain":0,"player_choice":"Donut","damage_taken":0,"max_hp_gain":5,"max_hp_loss":0,"event_name":"Big Fish","floor":5,"gold_loss":0},{"damage_healed":0,"gold_gain":30,"player_choice":"Searched \u00273\u0027 times","damage_taken":0,"relics_obtained":["Potion Belt"],"max_hp_gain":0,"max_hp_loss":0,"event_name":"Dead Adventurer","floor":10,"gold_loss":0},{"damage_healed":0,"gold_gain":0,"player_choice":"Ignored","damage_taken":0,"max_hp_gain":0,"max_hp_loss":0,"event_name":"NoteForYourself","floor":12,"gold_loss":0}],"is_beta":false,"boss_relics":[],"items_purged_floors":[2],"is_endless":false,"potions_floor_spawned":[4,14],"killed_by":"Slime Boss","ascension_level":0}