{"gold_per_floor":[116,41,41,116,127,156,171,181,258,258,258,258,258,258,258,258],"floor_reached":16,"playtime":344,"items_purged":[],"score":240,"play_id":"b72b4c87-85b0-40b9-b008-060844372a63","local_time":"20181124131650","is_ascension_mode":true,"campfire_choices":[{"data":"Calculated Gamble","floor":10,"key":"SMITH"},{"data":"Doppelganger","floor":13,"key":"SMITH"},{"data":"Neutralize","floor":15,"key":"SMITH"}],"neow_cost":"NONE","seed_source_timestamp":5170325668876,"circlet_count":0,"master_deck":["AscendersBane","Defend_G","Defend_G","Defend_G","Defend_G","Defend_G","Strike_G","Strike_G+1","Strike_G","Strike_G","Survivor","Neutralize+1","Calculated Gamble+1","Doppelganger+1","Backflip+1","Parasite"],"relics":["Ring of the Snake","NeowsBlessing","Girya","Sundial","Vajra"],"potions_floor_usage":[16],"damage_taken":[{"damage":0,"enemies":"2 Louse","floor":1,"turns":1},{"damage":0,"enemies":"Cultist","floor":5,"turns":1},{"damage":0,"enemies":"Gremlin Nob","floor":6,"turns":1},{"damage":7,"enemies":"Small Slimes","floor":7,"turns":5},{"damage":13,"enemies":"Looter","floor":8,"turns":5},{"damage":24,"enemies":"The Guardian","floor":16,"turns":15}],"seed_played":"-3609853141124948879","potions_obtained":[{"floor":1,"key":"GamblersBrew"}],"is_trial":false,"path_per_floor":["M","?","$","?","M","E","M","M","T","R","?","?","R","T","R","B"],"character_chosen":"THE_SILENT","items_purchased":[],"campfire_rested":0,"item_purchase_floors":[],"current_hp_per_floor":[59,59,59,48,48,48,41,28,28,28,44,24,24,24,24,0],"gold":258,"neow_bonus":"THREE_ENEMY_KILL","is_prod":false,"is_daily":false,"chose_seed":false,"campfire_upgraded":3,"win_rate":0,"timestamp":1543036610,"path_taken":["M","?","$","?","M","E","M","M","T","R","?","?","R","?","R","BOSS"],"build_version":"2018-11-15","purchased_purges":0,"victory":false,"max_hp_per_floor":[66,66,66,66,66,66,66,66,66,66,66,66,66,66,66,66],"card_choices":[{"not_picked":["Underhanded Strike","PiercingWail"],"picked":"Calculated Gamble","floor":1},{"not_picked":["Endless Agony","Dodge and Roll","Sucker Punch"],"picked":"SKIP","floor":5},{"not_picked":["Slice","Prepared"],"picked":"Doppelganger","floor":6},{"not_picked":["Finisher","Flying Knee"],"picked":"Backflip","floor":7},{"not_picked":["Blade Dance","Outmaneuver","Backflip"],"picked":"SKIP","floor":8}],"player_experience":557501,"relics_obtained":[{"floor":6,"key":"Girya"},{"floor":9,"key":"Sundial"},{"floor":14,"key":"Vajra"}],"event_choices":[{"cards_removed":["Strike_G"],"damage_healed":0,"gold_gain":0,"player_choice":"Card Removal","damage_taken":0,"max_hp_gain":0,"max_hp_loss":0,"event_name":"The Cleric","floor":2,"gold_loss":75},{"damage_healed":0,"gold_gain":75,"player_choice":"Gather Gold","damage_taken":11,"max_hp_gain":0,"max_hp_loss":0,"event_name":"World of Goop","floor":4,"gold_loss":0},{"damage_healed":16,"gold_gain":0,"player_choice":"Healed and dodged fight","damage_taken":0,"max_hp_gain":0,"max_hp_loss":0,"event_name":"Mushrooms","floor":11,"gold_loss":0,"cards_obtained":["Parasite"]},{"damage_healed":0,"gold_gain":0,"player_choice":"Entered Light","damage_taken":20,"max_hp_gain":0,"max_hp_loss":0,"event_name":"Shining Light","floor":12,"gold_loss":0,"cards_upgraded":["Strike_G","Backflip"]}],"is_beta":true,"boss_relics":[],"items_purged_floors":[],"is_endless":false,"potions_floor_spawned":[1],"killed_by":"The Guardian","ascension_level":19}