{"gold_per_floor":[114,114,125,54,54,86,36,55,82,102,132,132],"floor_reached":12,"playtime":786,"items_purged":[],"score":113,"play_id":"d39c2474-53ef-479d-a138-bd6c53e6764d","local_time":"20190810001032","is_ascension_mode":false,"campfire_choices":[],"neow_cost":"NONE","seed_source_timestamp":713760077218800,"circlet_count":0,"master_deck":["Strike_B","Strike_B","Defend_B","Defend_B","Defend_B","Defend_B","Zap","Dualcast","Sweeping Beam","Consume","All For One","Regret","Streamline","Chaos","Gash","Go for the Eyes"],"relics":["Cracked Core","NeowsBlessing","Bag of Marbles","Bag of Preparation","Lantern","Strawberry"],"potions_floor_usage":[],"damage_taken":[{"damage":0,"enemies":"2 Louse","floor":1,"turns":1},{"damage":0,"enemies":"Jaw Worm","floor":3,"turns":1},{"damage":0,"enemies":"Gremlin Nob","floor":6,"turns":1},{"damage":8,"enemies":"Small Slimes","floor":8,"turns":2},{"damage":20,"enemies":"Exordium Wildlife","floor":10,"turns":3},{"damage":37,"enemies":"3 Sentries","floor":11,"turns":6},{"damage":11,"enemies":"Lots of Slimes","floor":12,"turns":1}],"seed_played":"-6799424659554678623","potions_obtained":[{"floor":6,"key":"Ancient Potion"},{"floor":11,"key":"Strength Potion"}],"is_trial":false,"path_per_floor":["M","?","M","$","?","E","?","M","T","M","E","M"],"character_chosen":"DEFECT","items_purchased":["All For One"],"campfire_rested":0,"item_purchase_floors":[4],"current_hp_per_floor":[75,68,68,68,68,68,68,60,60,40,10,0],"gold":132,"neow_bonus":"THREE_ENEMY_KILL","is_prod":false,"is_daily":false,"chose_seed":false,"campfire_upgraded":0,"win_rate":0.0,"timestamp":1565392232,"path_taken":["M","?","M","$","?","E","?","M","T","M","E","M"],"build_version":"2019-07-17","purchased_purges":0,"victory":false,"max_hp_per_floor":[75,75,75,75,75,75,75,75,75,75,82,82],"card_choices":[{"not_picked":["Go for the Eyes","Chaos"],"picked":"Sweeping Beam","floor":1},{"not_picked":["Leap","Hologram"],"picked":"Consume","floor":3},{"not_picked":["Hologram","Seek"],"picked":"Streamline","floor":6},{"not_picked":["Hello World","Hologram"],"picked":"Chaos","floor":8},{"not_picked":["Melter","Doom and Gloom"],"picked":"Gash","floor":10},{"not_picked":["Reprogram","Cold Snap"],"picked":"Go for the Eyes","floor":11}],"player_experience":50539,"relics_obtained":[{"floor":6,"key":"Bag of Preparation"},{"floor":9,"key":"Lantern"},{"floor":11,"key":"Strawberry"}],"event_choices":[{"cards_removed":["Strike_B"],"damage_healed":0,"gold_gain":0,"player_choice":"Card Removal","damage_taken":7,"max_hp_gain":0,"max_hp_loss":0,"event_name":"Golden Wing","floor":2,"gold_loss":0},{"damage_healed":0,"gold_gain":0,"player_choice":"Box","damage_taken":0,"relics_obtained":["Bag of Marbles"],"max_hp_gain":0,"max_hp_loss":0,"event_name":"Big Fish","floor":5,"gold_loss":0,"cards_obtained":["Regret"]},{"cards_removed":["Strike_B"],"damage_healed":0,"gold_gain":0,"player_choice":"Card Removal","damage_taken":0,"max_hp_gain":0,"max_hp_loss":0,"event_name":"The Cleric","floor":7,"gold_loss":50}],"is_beta":false,"boss_relics":[],"items_purged_floors":[],"is_endless":false,"potions_floor_spawned":[6,11],"killed_by":"Lots of Slimes","ascension_level":0}