{"gold_per_floor":[114,124,141,66,76,101,112,132,132,132,32,32,59,59,59,160,160,180,195,195],"floor_reached":20,"playtime":2303,"items_purged":["Strike_R","Strike_R"],"score":195,"play_id":"62cdb125-d76b-41a7-9dff-c086d7c3cbd1","local_time":"20190803012740","is_ascension_mode":true,"campfire_choices":[{"data":"Searing Blow","floor":10,"key":"SMITH"},{"data":"Searing Blow+1","floor":12,"key":"SMITH"},{"data":"Searing Blow+2","floor":15,"key":"SMITH"}],"neow_cost":"NONE","seed_source_timestamp":58347378719386,"circlet_count":0,"master_deck":["Strike_R","Strike_R","Defend_R","Defend_R","Defend_R","Defend_R","Carnage","Metallicize","Shrug It Off","Searing Blow+3","Feed","Body Slam","Berserk"],"relics":["Burning Blood","Bottled Flame","Pantograph","Vajra","Philosopher\u0027s Stone"],"potions_floor_usage":[6,20],"damage_taken":[{"damage":2,"enemies":"2 Louse","floor":1,"turns":4},{"damage":2,"enemies":"Small Slimes","floor":2,"turns":4},{"damage":6,"enemies":"Jaw Worm","floor":3,"turns":3},{"damage":13,"enemies":"Lots of Slimes","floor":5,"turns":6},{"damage":22,"enemies":"Gremlin Nob","floor":6,"turns":4},{"damage":5,"enemies":"Looter","floor":7,"turns":2},{"damage":5,"enemies":"Exordium Wildlife","floor":8,"turns":5},{"damage":30,"enemies":"Lagavulin","floor":13,"turns":11},{"damage":33,"enemies":"The Guardian","floor":16,"turns":12},{"damage":63,"enemies":"3 Byrds","floor":18,"turns":7},{"damage":4,"enemies":"Chosen","floor":19,"turns":4},{"damage":38,"enemies":"Masked Bandits","floor":20,"turns":5}],"seed_played":"3623676097098483503","potions_obtained":[{"floor":2,"key":"Strength Potion"},{"floor":7,"key":"Ancient Potion"},{"floor":16,"key":"Ancient Potion"},{"floor":19,"key":"Energy Potion"}],"is_trial":false,"path_per_floor":["M","M","M","$","M","E","M","M","T","R","$","R","E","?","R","B",null,"M","M","?"],"character_chosen":"IRONCLAD","items_purchased":[],"campfire_rested":0,"item_purchase_floors":[],"current_hp_per_floor":[80,80,80,80,73,57,58,62,62,62,62,62,41,41,41,42,89,35,37,0],"gold":195,"neow_bonus":"REMOVE_CARD","is_prod":false,"is_daily":false,"chose_seed":false,"campfire_upgraded":3,"win_rate":0,"timestamp":1564784860,"path_taken":["M","M","M","$","M","E","M","M","T","R","$","R","E","?","R","BOSS","M","M","?"],"build_version":"2019-07-17","purchased_purges":2,"victory":false,"max_hp_per_floor":[80,80,80,80,80,80,80,83,83,83,83,83,86,86,86,89,89,92,92,92],"card_choices":[{"not_picked":["Warcry","Clothesline"],"picked":"Carnage","floor":1},{"not_picked":["Burning Pact","Fire Breathing"],"picked":"Metallicize","floor":2},{"not_picked":["Armaments","Clash"],"picked":"Shrug It Off","floor":3},{"not_picked":["Battle Trance","Combust"],"picked":"Searing Blow","floor":5},{"not_picked":["Cleave","Reckless Charge"],"picked":"Feed","floor":6},{"not_picked":["Flame Barrier","Sword Boomerang","Shockwave"],"picked":"SKIP","floor":7},{"not_picked":["Disarm","Sword Boomerang","Warcry"],"picked":"SKIP","floor":8},{"not_picked":["Limit Break","Thunderclap"],"picked":"Body Slam","floor":13},{"not_picked":["Bludgeon","Demon Form"],"picked":"Berserk","floor":16},{"not_picked":["Cleave","Bloodletting+1","Flame Barrier"],"picked":"SKIP","floor":18},{"not_picked":["Sword Boomerang+1","Clash","Inflame"],"picked":"SKIP","floor":19}],"player_experience":34025,"relics_obtained":[{"floor":6,"key":"Bottled Flame"},{"floor":9,"key":"Pantograph"},{"floor":13,"key":"Vajra"}],"event_choices":[{"cards_removed":["Bash"],"damage_healed":0,"gold_gain":0,"player_choice":"Forget","damage_taken":0,"max_hp_gain":0,"max_hp_loss":0,"event_name":"Living Wall","floor":14,"gold_loss":0},{"damage_healed":0,"gold_gain":0,"player_choice":"Fought Bandits","damage_taken":0,"max_hp_gain":0,"max_hp_loss":0,"event_name":"Masked Bandits","floor":20,"gold_loss":0}],"is_beta":false,"boss_relics":[{"not_picked":["Tiny House","Snecko Eye"],"picked":"Philosopher\u0027s Stone"}],"items_purged_floors":[4,11],"is_endless":false,"potions_floor_spawned":[2,7,16,19],"killed_by":"Masked Bandits","ascension_level":1}