{"gold_per_floor":[113,113,131,141,157,157,184,184,184,184],"floor_reached":10,"playtime":269,"items_purged":[],"score":136,"play_id":"00415b5f-1290-4f89-9e0e-2c8bfb553927","local_time":"20181208125353","is_ascension_mode":true,"campfire_choices":[{"data":"Noxious Fumes","floor":6.0,"key":"SMITH"},{"data":"Terror","floor":8.0,"key":"SMITH"}],"neow_cost":"NONE","seed_source_timestamp":15522802165794,"circlet_count":0,"master_deck":["AscendersBane","Defend_G","Defend_G","Defend_G","Defend_G","Defend_G+1","Strike_G","Strike_G","Strike_G","Strike_G","Survivor+1","Neutralize+1","Noxious Fumes+1","Terror+1","Heel Hook","Quick Slash","Grand Finale"],"special_seed":0,"relics":["Ring of the Snake","Regal Pillow","War Paint"],"potions_floor_usage":[],"damage_taken":[{"damage":1.0,"enemies":"Small Slimes","floor":1.0,"turns":3.0},{"damage":0.0,"enemies":"Cultist","floor":3.0,"turns":4.0},{"damage":8.0,"enemies":"2 Louse","floor":4.0,"turns":3.0},{"damage":5.0,"enemies":"Large Slime","floor":5.0,"turns":6.0},{"damage":19.0,"enemies":"Gremlin Nob","floor":7.0,"turns":4.0},{"damage":0,"enemies":"3 Sentries","floor":10,"turns":1}],"seed_played":"708495994975005051","potions_obtained":[{"floor":1.0,"key":"FearPotion"},{"floor":5.0,"key":"Strength Potion"}],"is_trial":false,"path_per_floor":["M","?","M","M","M","R","E","R","T","E"],"character_chosen":"THE_SILENT","items_purchased":[],"campfire_rested":0,"item_purchase_floors":[],"current_hp_per_floor":[58,58,58,50,45,45,26,26,26,26],"gold":184,"neow_bonus":"UPGRADE_CARD","is_prod":false,"is_daily":false,"chose_seed":false,"campfire_upgraded":2,"win_rate":0,"timestamp":1544244833,"path_taken":["M","?","?","M","M","R","E","R","T","E"],"build_version":"2018-12-06","purchased_purges":0,"victory":false,"max_hp_per_floor":[66,66,66,66,66,66,66,66,66,66],"card_choices":[{"not_picked":["Setup","Caltrops","Prepared"],"picked":"SKIP","floor":1.0},{"not_picked":["Outmaneuver","Infinite Blades"],"picked":"Terror","floor":3.0},{"not_picked":["Acrobatics","Deflect"],"picked":"Heel Hook","floor":4.0},{"not_picked":["Endless Agony","Quick Slash","Slice"],"picked":"SKIP","floor":5.0},{"not_picked":["Endless Agony","Slice"],"picked":"Quick Slash","floor":5.0},{"not_picked":["Concentrate","Quick Slash"],"picked":"Grand Finale","floor":7.0}],"player_experience":597232,"relics_obtained":[{"floor":7.0,"key":"Regal Pillow"},{"floor":9.0,"key":"War Paint"}],"event_choices":[{"damage_healed":0.0,"max_hp_gain":0.0,"max_hp_loss":0.0,"gold_gain":0.0,"cards_transformed":["Strike_G"],"event_name":"Transmorgrifier","player_choice":"Transformed","floor":2.0,"gold_loss":0.0,"damage_taken":0.0,"cards_obtained":["Noxious Fumes"]}],"is_beta":true,"boss_relics":[],"items_purged_floors":[],"is_endless":false,"potions_floor_spawned":[1,5],"killed_by":"3 Sentries","ascension_level":20}