{"gold_per_floor":[363,375,389,464,484,484,510,527,527,416,432,432,21,46,46,123,123,136,168,268,43,61,92,92,92,92,292,20,35,52,68,68,146,146,163,216,216,33,48,48,64,64,64,82,109,109,21,21],"floor_reached":48,"playtime":2313,"items_purged":["Strike_R","Strike_R","Strike_R","Strike_R","Defend_R"],"score":865,"play_id":"7ee6ba3e-ba3a-4a1b-8073-8a47e6d89f79","local_time":"20190129095252","is_ascension_mode":true,"campfire_choices":[{"data":"Shockwave","floor":6.0,"key":"SMITH"},{"data":"Immolate","floor":15.0,"key":"SMITH"},{"data":"Armaments","floor":24.0,"key":"SMITH"},{"data":"Burning Pact","floor":32.0,"key":"SMITH"},{"data":"Master of Strategy","floor":40,"key":"SMITH"},{"data":"Strike_R","floor":42,"key":"PURGE"},{"data":"Flame Barrier","floor":46,"key":"SMITH"}],"neow_cost":"TEN_PERCENT_HP_LOSS","seed_source_timestamp":2938405811151,"circlet_count":0,"master_deck":["AscendersBane","Defend_R","Defend_R","Defend_R","Bash","Flame Barrier+1","Shockwave+1","Immolate+1","Burning Pact+1","Evolve","Headbutt+1","Flame Barrier+1","Master of Strategy+1"],"special_seed":0,"relics":["Burning Blood","Pocketwatch","Ornamental Fan","Membership Card","Gambling Chip","Odd Mushroom","Velvet Choker","Red Mask","Mango","Darkstone Periapt","Medical Kit","Bottled Lightning","Sundial","Meat on the Bone","HandDrill","Orichalcum","Peace Pipe","Mummified Hand","Letter Opener"],"potions_floor_usage":[],"damage_taken":[{"damage":18.0,"enemies":"Jaw Worm","floor":1.0,"turns":5.0},{"damage":4.0,"enemies":"2 Louse","floor":2.0,"turns":4.0},{"damage":0.0,"enemies":"Small Slimes","floor":3.0,"turns":4.0},{"damage":5.0,"enemies":"Blue Slaver","floor":5.0,"turns":6.0},{"damage":48.0,"enemies":"3 Sentries","floor":7.0,"turns":13.0},{"damage":0.0,"enemies":"2 Fungi Beasts","floor":8.0,"turns":2.0},{"damage":5.0,"enemies":"Lots of Slimes","floor":11.0,"turns":2.0},{"damage":1.0,"enemies":"The Mushroom Lair","floor":14.0,"turns":2.0},{"damage":22.0,"enemies":"The Guardian","floor":16.0,"turns":15.0},{"damage":9.0,"enemies":"Shell Parasite","floor":18.0,"turns":5.0},{"damage":0.0,"enemies":"Masked Bandits","floor":19.0,"turns":2.0},{"damage":11.0,"enemies":"Colosseum Slavers","floor":20.0,"turns":3.0},{"damage":33.0,"enemies":"Colosseum Nobs","floor":20.0,"turns":4.0},{"damage":10.0,"enemies":"Spheric Guardian","floor":22.0,"turns":4.0},{"damage":19.0,"enemies":"Book of Stabbing","floor":23.0,"turns":5.0},{"damage":0.0,"enemies":"Centurion and Healer","floor":29.0,"turns":3.0},{"damage":2.0,"enemies":"Chosen and Byrds","floor":30.0,"turns":3.0},{"damage":0.0,"enemies":"Sentry and Sphere","floor":31.0,"turns":3.0},{"damage":26.0,"enemies":"Champ","floor":33.0,"turns":17.0},{"damage":0,"enemies":"3 Shapes","floor":35,"turns":2},{"damage":30,"enemies":"2 Orb Walkers","floor":36,"turns":4},{"damage":4,"enemies":"3 Darklings","floor":39,"turns":4},{"damage":17,"enemies":"Writhing Mass","floor":41,"turns":7},{"damage":21,"enemies":"Sphere and 2 Shapes","floor":44,"turns":5},{"damage":27,"enemies":"Nemesis","floor":45,"turns":11},{"damage":4,"enemies":"Giant Head","floor":48,"turns":5}],"seed_played":"-3697264393627765550","potions_obtained":[{"floor":2.0,"key":"GamblersBrew"},{"floor":3.0,"key":"AttackPotion"},{"floor":18.0,"key":"FearPotion"},{"floor":23.0,"key":"GamblersBrew"},{"floor":33.0,"key":"Swift Potion"}],"is_trial":false,"path_per_floor":["M","M","M","?","M","R","E","M","T","$","M","?","$","?","R","B",null,"M","?","?","$","M","E","R","?","T","?","$","M","M","M","R","B",null,"M","?","?","$","M","R","M","R","T","M","E","R","$","E"],"character_chosen":"IRONCLAD","items_purchased":["Burning Pact","Membership Card","Gambling Chip","Medical Kit","Bottled Lightning","HandDrill","Orichalcum","Evolve","Master of Strategy","Dexterity Potion"],"campfire_rested":0,"item_purchase_floors":[10,13,13,21,21,28,28,28,38,38],"current_hp_per_floor":[56,58,64,53,54,54,12,18,18,18,19,41,41,46,46,30,59,56,62,44,44,40,27,27,43,43,43,43,49,53,59,59,51,74,80,56,56,56,58,58,59,59,59,56,47,47,47,43],"gold":21,"neow_bonus":"TWO_FIFTY_GOLD","is_prod":false,"is_daily":false,"chose_seed":false,"campfire_upgraded":6,"win_rate":0,"timestamp":1548726772,"path_taken":["M","M","M","?","M","R","E","M","T","$","M","?","$","?","R","BOSS","M","?","?","$","M","E","R","?","T","?","$","M","?","M","R","BOSS","M","?","?","$","M","R","M","R","T","M","E","R","$","E"],"build_version":"2019-01-23","purchased_purges":5,"victory":false,"max_hp_per_floor":[68,68,68,68,68,68,68,68,68,68,68,68,68,68,68,68,68,68,68,82,82,82,82,82,82,82,82,82,82,82,82,82,82,82,82,82,82,82,82,82,82,82,82,82,82,82,82,82],"card_choices":[{"not_picked":["Clash","Pommel Strike"],"picked":"Flame Barrier","floor":1.0},{"not_picked":["Perfected Strike","Power Through","Headbutt"],"picked":"SKIP","floor":2.0},{"not_picked":["Anger","Havoc"],"picked":"Shockwave","floor":3.0},{"not_picked":["Sentinel","Clothesline","True Grit"],"picked":"SKIP","floor":5.0},{"not_picked":["Reckless Charge","Entrench"],"picked":"Immolate","floor":7.0},{"not_picked":["Havoc","Blood for Blood","Carnage"],"picked":"SKIP","floor":8.0},{"not_picked":["Clash","Rampage","Armaments"],"picked":"SKIP","floor":11.0},{"not_picked":["Anger","Warcry","Intimidate"],"picked":"SKIP","floor":18.0},{"not_picked":["Heavy Blade","Reckless Charge"],"picked":"Armaments","floor":20.0},{"not_picked":["Searing Blow","Power Through","Heavy Blade"],"picked":"SKIP","floor":22.0},{"not_picked":["Pommel Strike","Dropkick","Immolate"],"picked":"SKIP","floor":23.0},{"not_picked":["Perfected Strike+1","Power Through","Cleave"],"picked":"SKIP","floor":29.0},{"not_picked":["Uppercut","Heavy Blade","Power Through"],"picked":"SKIP","floor":30.0},{"not_picked":["Fire Breathing","Shrug It Off"],"picked":"Headbutt+1","floor":31.0},{"not_picked":["Thunderclap","Wild Strike","Shockwave+1"],"picked":"SKIP","floor":35},{"not_picked":["Power Through","Sentinel"],"picked":"Flame Barrier+1","floor":36},{"not_picked":["Havoc","Perfected Strike","Iron Wave+1"],"picked":"SKIP","floor":39},{"not_picked":["Clothesline","Juggernaut","Corruption"],"picked":"SKIP","floor":41},{"not_picked":["Power Through","Anger","Shrug It Off"],"picked":"SKIP","floor":44},{"not_picked":["Sword Boomerang","Inflame","Perfected Strike"],"picked":"SKIP","floor":45}],"player_experience":713763,"relics_obtained":[{"floor":7.0,"key":"Pocketwatch"},{"floor":9.0,"key":"Ornamental Fan"},{"floor":14.0,"key":"Odd Mushroom"},{"floor":19.0,"key":"Red Mask"},{"floor":20.0,"key":"Mango"},{"floor":20.0,"key":"Darkstone Periapt"},{"floor":23.0,"key":"Sundial"},{"floor":26.0,"key":"Meat on the Bone"},{"floor":36,"key":"Peace Pipe"},{"floor":43,"key":"Mummified Hand"},{"floor":45,"key":"Letter Opener"}],"event_choices":[{"damage_healed":0.0,"max_hp_gain":0.0,"max_hp_loss":0.0,"gold_gain":75.0,"event_name":"World of Goop","player_choice":"Gather Gold","floor":4.0,"gold_loss":0.0,"damage_taken":11.0},{"damage_healed":22.0,"max_hp_gain":0.0,"max_hp_loss":0.0,"gold_gain":0.0,"event_name":"Big Fish","player_choice":"Banana","floor":12.0,"gold_loss":0.0,"damage_taken":0.0},{"damage_healed":0.0,"max_hp_gain":0.0,"max_hp_loss":0.0,"gold_gain":0.0,"event_name":"Mushrooms","player_choice":"Fought Mushrooms","floor":14.0,"gold_loss":0.0,"damage_taken":0.0},{"damage_healed":0.0,"max_hp_gain":0.0,"max_hp_loss":0.0,"gold_gain":0.0,"event_name":"Masked Bandits","player_choice":"Fought Bandits","floor":19.0,"gold_loss":0.0,"damage_taken":0.0},{"damage_healed":0.0,"max_hp_gain":0.0,"max_hp_loss":0.0,"gold_gain":0.0,"event_name":"Colosseum","player_choice":"Fight","floor":20.0,"gold_loss":0.0,"damage_taken":0.0},{"damage_healed":0.0,"max_hp_gain":0.0,"max_hp_loss":0.0,"gold_gain":0.0,"event_name":"Colosseum","player_choice":"Fought Nobs","floor":20.0,"gold_loss":0.0,"damage_taken":0.0},{"damage_healed":16.0,"max_hp_gain":0.0,"max_hp_loss":0.0,"gold_gain":0.0,"event_name":"The Library","player_choice":"Heal","floor":25.0,"gold_loss":0.0,"damage_taken":0.0},{"damage_healed":0.0,"max_hp_gain":0.0,"max_hp_loss":0.0,"gold_gain":250.0,"event_name":"The Joust","player_choice":"Bet on Owner","floor":27.0,"gold_loss":50.0,"damage_taken":0.0},{"damage_healed":0,"gold_gain":0,"player_choice":"Fight","damage_taken":0,"max_hp_gain":0,"max_hp_loss":0,"event_name":"Mysterious Sphere","floor":36,"gold_loss":0},{"cards_removed":["Armaments"],"damage_healed":0,"gold_gain":0,"player_choice":"Removed Skill","damage_taken":0,"max_hp_gain":0,"max_hp_loss":0,"event_name":"Falling","floor":37,"gold_loss":0}],"is_beta":true,"boss_relics":[{"not_picked":["Runic Cube","Busted Crown"],"picked":"Velvet Choker"},{"not_picked":["Mark of Pain","Orrery","Fusion Hammer"]}],"items_purged_floors":[10,13,28,38,47],"is_endless":false,"potions_floor_spawned":[2,3,14,16,18,19,23,29,33,35],"killed_by":"Giant Head","ascension_level":15}