{"gold_per_floor":[119,136,136,155,175,204,222,7,7,7,7,39,52,67,67,168,168,187,203,222,241,252,285,285,313,313,313,338,338,348,1,1,103,103,119,119,171,187,187,187,218,218,218,11,30,30,59,59],"floor_reached":48,"playtime":1748,"items_purged":["Doubt"],"score":618,"play_id":"0f4703b2-9d19-4da8-b30d-b5bcae809fc9","local_time":"20190808073038","is_ascension_mode":true,"campfire_choices":[{"data":"Reaper","floor":10,"key":"SMITH"},{"data":"Seeing Red","floor":15,"key":"SMITH"},{"data":"Immolate","floor":24,"key":"SMITH"},{"floor":27,"key":"REST"},{"data":"Fiend Fire","floor":29,"key":"SMITH"},{"floor":32,"key":"REST"},{"data":"Juggernaut","floor":40,"key":"SMITH"},{"floor":42,"key":"REST"}],"neow_cost":"CURSE","seed_source_timestamp":1376726264858494,"circlet_count":0,"master_deck":["Strike_R","Strike_R","Strike_R","Strike_R","Strike_R","Defend_R","Defend_R","Defend_R","Defend_R","Bash","Injury","Pommel Strike","Uppercut","Seeing Red+1","Reaper+1","Decay","Cleave","Anger","Immolate+1","Wild Strike","Flame Barrier","Fiend Fire+1","Clash","Pommel Strike","Impervious","Spot Weakness+1","Cleave+1","Juggernaut+1","Madness","Madness","Parasite"],"relics":["Black Blood","Du-Vu Doll","PreservedInsect","Ice Cream","Meat on the Bone","Nunchaku","Letter Opener","Gremlin Horn","Blood Vial","Toy Ornithopter","Strawberry","Busted Crown","Calipers","Frozen Egg 2","Dodecahedron","Lee\u0027s Waffle","Juzu Bracelet"],"potions_floor_usage":[12,16,19,20,21,23,25,30,37,41,41,48],"damage_taken":[{"damage":3,"enemies":"Small Slimes","floor":1,"turns":4},{"damage":1,"enemies":"Cultist","floor":2,"turns":3},{"damage":2,"enemies":"Jaw Worm","floor":4,"turns":3},{"damage":4,"enemies":"Looter","floor":5,"turns":4},{"damage":48,"enemies":"Lagavulin","floor":6,"turns":7},{"damage":0,"enemies":"Exordium Wildlife","floor":7,"turns":3},{"damage":22,"enemies":"3 Sentries","floor":12,"turns":6},{"damage":2,"enemies":"3 Louse","floor":13,"turns":2},{"damage":9,"enemies":"Looter","floor":14,"turns":3},{"damage":40,"enemies":"Slime Boss","floor":16,"turns":7},{"damage":54,"enemies":"Shell Parasite","floor":18,"turns":6},{"damage":40,"enemies":"Chosen","floor":19,"turns":5},{"damage":43,"enemies":"Centurion and Healer","floor":20,"turns":5},{"damage":31,"enemies":"3 Cultists","floor":21,"turns":4},{"damage":44,"enemies":"Chosen and Byrds","floor":22,"turns":5},{"damage":23,"enemies":"Gremlin Leader","floor":23,"turns":6},{"damage":41,"enemies":"Book of Stabbing","floor":25,"turns":4},{"damage":21,"enemies":"Slavers","floor":28,"turns":2},{"damage":43,"enemies":"Snake Plant","floor":30,"turns":3},{"damage":73,"enemies":"Automaton","floor":33,"turns":9},{"damage":18,"enemies":"3 Shapes","floor":35,"turns":2},{"damage":93,"enemies":"2 Orb Walkers","floor":37,"turns":5},{"damage":0,"enemies":"Orb Walker","floor":38,"turns":3},{"damage":52,"enemies":"Giant Head","floor":41,"turns":8},{"damage":11,"enemies":"Jaw Worm Horde","floor":45,"turns":3},{"damage":77,"enemies":"Reptomancer","floor":47,"turns":5},{"damage":60,"enemies":"Writhing Mass","floor":48,"turns":5}],"seed_played":"8288555257720999558","potions_obtained":[{"floor":1,"key":"BloodPotion"},{"floor":2,"key":"LiquidBronze"},{"floor":6,"key":"SteroidPotion"},{"floor":12,"key":"Poison Potion"},{"floor":13,"key":"Dexterity Potion"},{"floor":19,"key":"SkillPotion"},{"floor":22,"key":"Explosive Potion"},{"floor":23,"key":"FearPotion"},{"floor":28,"key":"Explosive Potion"},{"floor":30,"key":"BloodPotion"},{"floor":33,"key":"SpeedPotion"},{"floor":37,"key":"SpeedPotion"},{"floor":47,"key":"SkillPotion"}],"is_trial":false,"path_per_floor":["M","M","?","M","M","E","M","$","T","R","?","E","M","M","R","B",null,"M","M","M","M","M","E","R","E","T","R","E","R","M","$","R","B",null,"M","$","?","M","?","R","E","R","T","$","M","$","E","M"],"character_chosen":"IRONCLAD","items_purchased":["Reaper","Toy Ornithopter","Strawberry","Lee\u0027s Waffle"],"campfire_rested":3,"item_purchase_floors":[8,31,31,44],"current_hp_per_floor":[80,80,80,80,80,38,44,44,44,44,44,49,53,57,57,35,80,52,41,34,59,44,50,50,31,31,55,57,57,38,45,71,33,87,87,87,64,76,65,65,47,73,73,94,94,94,39,0],"gold":59,"neow_bonus":"ONE_RARE_RELIC","is_prod":false,"is_daily":false,"chose_seed":false,"campfire_upgraded":5,"win_rate":0,"timestamp":1565263838,"path_taken":["M","M","?","?","M","E","M","$","T","R","?","E","M","M","R","BOSS","M","?","M","M","M","E","R","E","T","R","E","R","M","$","R","BOSS","M","$","?","M","?","R","E","R","T","$","M","?","E","M"],"build_version":"2019-06-28","purchased_purges":1,"victory":false,"max_hp_per_floor":[80,80,80,80,80,80,80,80,80,80,80,80,80,80,80,80,80,80,80,80,80,80,80,80,80,80,80,80,80,80,87,87,87,87,87,87,87,87,87,87,87,87,87,94,94,94,94,94],"card_choices":[{"not_picked":["Blood for Blood","Clothesline"],"picked":"Pommel Strike","floor":1},{"not_picked":["Anger","Hemokinesis"],"picked":"Uppercut","floor":2},{"not_picked":["Headbutt","Sword Boomerang","Pummel"],"picked":"SKIP","floor":4},{"not_picked":["Warcry","Sentinel"],"picked":"Seeing Red","floor":5},{"not_picked":["Burning Pact","Sword Boomerang","Reckless Charge"],"picked":"SKIP","floor":6},{"not_picked":["Second Wind","Combust","Disarm"],"picked":"SKIP","floor":7},{"not_picked":["Sentinel","Corruption"],"picked":"Cleave","floor":12},{"not_picked":["Burning Pact","Warcry"],"picked":"Anger","floor":13},{"not_picked":["Headbutt","Armaments","Dropkick"],"picked":"SKIP","floor":14},{"not_picked":["Juggernaut","Exhume"],"picked":"Immolate","floor":16},{"not_picked":["Pommel Strike","Clash"],"picked":"Wild Strike","floor":18},{"not_picked":["Whirlwind","Thunderclap+1"],"picked":"Flame Barrier","floor":19},{"not_picked":["Anger","Armaments"],"picked":"Fiend Fire","floor":20},{"not_picked":["Sever Soul+1","Disarm"],"picked":"Clash","floor":21},{"not_picked":["Rage+1","Sword Boomerang"],"picked":"Pommel Strike","floor":22},{"not_picked":["Heavy Blade","True Grit","Dark Embrace"],"picked":"SKIP","floor":23},{"not_picked":["Headbutt+1","Battle Trance"],"picked":"Impervious","floor":25},{"not_picked":["Wild Strike+1","Infernal Blade"],"picked":"Spot Weakness+1","floor":28},{"not_picked":["Twin Strike+1","Flex"],"picked":"Cleave+1","floor":30},{"not_picked":["Demon Form","Berserk"],"picked":"Juggernaut","floor":33},{"not_picked":["Cleave"],"picked":"SKIP","floor":35},{"not_picked":["Heavy Blade"],"picked":"SKIP","floor":38},{"not_picked":["Corruption+1"],"picked":"SKIP","floor":41},{"not_picked":["Sword Boomerang"],"picked":"SKIP","floor":45},{"not_picked":["Sword Boomerang"],"picked":"SKIP","floor":47}],"player_experience":51792,"relics_obtained":[{"floor":6,"key":"PreservedInsect"},{"floor":9,"key":"Ice Cream"},{"floor":12,"key":"Meat on the Bone"},{"floor":23,"key":"Nunchaku"},{"floor":25,"key":"Letter Opener"},{"floor":26,"key":"Gremlin Horn"},{"floor":28,"key":"Blood Vial"},{"floor":37,"key":"Calipers"},{"floor":41,"key":"Frozen Egg 2"},{"floor":43,"key":"Dodecahedron"},{"floor":47,"key":"Juzu Bracelet"}],"event_choices":[{"damage_healed":0,"gold_gain":0,"player_choice":"1 cards matched","damage_taken":0,"max_hp_gain":0,"max_hp_loss":0,"event_name":"Match and Keep!","floor":3,"gold_loss":0,"cards_obtained":["Doubt"]},{"damage_healed":0,"gold_gain":0,"player_choice":"Cursed","damage_taken":0,"max_hp_gain":0,"max_hp_loss":0,"event_name":"Wheel of Change","floor":11,"gold_loss":0,"cards_obtained":["Decay"]},{"damage_healed":0,"gold_gain":0,"player_choice":"Fight","damage_taken":0,"max_hp_gain":0,"max_hp_loss":0,"event_name":"Mysterious Sphere","floor":37,"gold_loss":0},{"damage_healed":0,"gold_gain":0,"player_choice":"Embrace Madness","damage_taken":11,"max_hp_gain":0,"max_hp_loss":0,"event_name":"Winding Halls","floor":39,"gold_loss":0,"cards_obtained":["Madness","Madness"]}],"is_beta":true,"boss_relics":[{"not_picked":["Coffee Dripper","White Beast Statue"],"picked":"Black Blood"},{"not_picked":["Philosopher\u0027s Stone","Tiny House"],"picked":"Busted Crown"}],"items_purged_floors":[8],"is_endless":false,"potions_floor_spawned":[1,2,6,12,13,14,19,22,23,28,30,33,37,47],"killed_by":"Writhing Mass","ascension_level":2}