{"gold_per_floor":[109,128,128,138,150,150,168,198,225,225,225,258,276,291,291,393,393,405,425,440,440,458,485,485,513,538,538],"floor_reached":27,"playtime":1327,"items_purged":[],"score":294,"play_id":"31f5464a-540e-427a-b95f-673e514c888d","local_time":"20190808030334","is_ascension_mode":true,"campfire_choices":[{"data":"Uppercut","floor":6,"key":"SMITH"},{"data":"Cleave","floor":10,"key":"SMITH"},{"data":"Flame Barrier","floor":15,"key":"SMITH"},{"data":"RitualDagger","floor":24,"key":"SMITH"}],"neow_cost":"NONE","seed_source_timestamp":1361124381004811,"circlet_count":0,"master_deck":["Strike_R","Strike_R","Strike_R+1","Strike_R","Strike_R+1","Defend_R","Defend_R","Defend_R","Defend_R","Bash+1","Flame Barrier+1","Uppercut+1","Ghostly Armor","Headbutt+1","Metallicize","Cleave+1","Clothesline","Anger","Reaper","Shockwave+1","Shrug It Off","RitualDagger+1","Pommel Strike","Flex","Power Through+1"],"relics":["Burning Blood","PreservedInsect","Blood Vial","Vajra","Lantern","Runic Pyramid","Red Skull","Whetstone","Bag of Preparation"],"potions_floor_usage":[7,12,18,20,20,22],"damage_taken":[{"damage":5,"enemies":"2 Louse","floor":1,"turns":3},{"damage":4,"enemies":"Small Slimes","floor":2,"turns":6},{"damage":0,"enemies":"Cultist","floor":4,"turns":3},{"damage":0,"enemies":"Exordium Wildlife","floor":5,"turns":3},{"damage":5,"enemies":"3 Louse","floor":7,"turns":3},{"damage":4,"enemies":"Gremlin Nob","floor":8,"turns":3},{"damage":1,"enemies":"Lagavulin","floor":12,"turns":5},{"damage":1,"enemies":"Large Slime","floor":13,"turns":5},{"damage":0,"enemies":"Looter","floor":14,"turns":2},{"damage":24,"enemies":"Hexaghost","floor":16,"turns":9},{"damage":24,"enemies":"Spheric Guardian","floor":18,"turns":7},{"damage":0,"enemies":"3 Byrds","floor":19,"turns":2},{"damage":24,"enemies":"3 Cultists","floor":20,"turns":5},{"damage":0,"enemies":"Snecko","floor":22,"turns":5},{"damage":35,"enemies":"Slavers","floor":23,"turns":6},{"damage":26,"enemies":"Book of Stabbing","floor":25,"turns":6},{"damage":90,"enemies":"Gremlin Leader","floor":27,"turns":6}],"seed_played":"-1419366792996113923","potions_obtained":[{"floor":1,"key":"Ancient Potion"},{"floor":2,"key":"Fire Potion"},{"floor":5,"key":"Energy Potion"},{"floor":8,"key":"PowerPotion"},{"floor":11,"key":"FairyPotion"},{"floor":11,"key":"SkillPotion"},{"floor":14,"key":"Fire Potion"},{"floor":18,"key":"Block Potion"},{"floor":20,"key":"AttackPotion"},{"floor":25,"key":"FearPotion"}],"is_trial":false,"path_per_floor":["M","M","?","M","M","R","M","E","T","R","?","E","M","M","R","B",null,"M","M","M","?","M","E","R","E","T","E"],"character_chosen":"IRONCLAD","items_purchased":[],"campfire_rested":0,"item_purchase_floors":[],"current_hp_per_floor":[80,80,64,70,76,76,77,79,79,79,79,80,80,80,80,62,80,62,70,69,63,78,68,68,55,55,0],"gold":538,"neow_bonus":"RANDOM_COMMON_RELIC","is_prod":false,"is_daily":false,"chose_seed":false,"campfire_upgraded":4,"win_rate":0,"timestamp":1565247814,"path_taken":["M","M","?","M","M","R","M","E","T","R","?","E","M","M","R","BOSS","M","M","?","?","M","E","R","E","T","E"],"build_version":"2019-06-28","purchased_purges":0,"victory":false,"max_hp_per_floor":[80,80,80,80,80,80,80,80,80,80,80,80,80,80,80,80,80,80,80,80,80,80,80,80,80,80,80],"card_choices":[{"not_picked":["Corruption","Feel No Pain"],"picked":"Flame Barrier","floor":1},{"not_picked":["Shrug It Off","Inflame"],"picked":"Uppercut","floor":2},{"not_picked":["Twin Strike","Shrug It Off"],"picked":"Ghostly Armor","floor":4},{"not_picked":["Thunderclap","Sever Soul"],"picked":"Headbutt","floor":5},{"not_picked":["Headbutt","Combust"],"picked":"Metallicize","floor":7},{"not_picked":["True Grit","Iron Wave"],"picked":"Cleave","floor":8},{"not_picked":["Twin Strike","Dark Embrace"],"picked":"Clothesline","floor":12},{"not_picked":["Pommel Strike","Twin Strike"],"picked":"Anger","floor":13},{"not_picked":["Sword Boomerang","Havoc","Iron Wave"],"picked":"SKIP","floor":14},{"not_picked":["Juggernaut","Limit Break"],"picked":"Reaper","floor":16},{"not_picked":["Thunderclap","True Grit"],"picked":"Shockwave+1","floor":18},{"not_picked":["Sword Boomerang","Twin Strike","Anger"],"picked":"SKIP","floor":19},{"not_picked":["Headbutt","Seeing Red"],"picked":"Shrug It Off","floor":20},{"not_picked":["Fire Breathing","Dual Wield"],"picked":"Pommel Strike","floor":22},{"not_picked":["Sword Boomerang+1","Warcry+1"],"picked":"Flex","floor":23},{"not_picked":["Twin Strike","Clothesline"],"picked":"Power Through+1","floor":25}],"player_experience":48494,"relics_obtained":[{"floor":8,"key":"Blood Vial"},{"floor":9,"key":"Vajra"},{"floor":12,"key":"Lantern"},{"floor":23,"key":"Red Skull"},{"floor":25,"key":"Whetstone"},{"floor":26,"key":"Bag of Preparation"}],"event_choices":[{"damage_healed":0,"gold_gain":0,"player_choice":"Entered Light","damage_taken":16,"max_hp_gain":0,"max_hp_loss":0,"event_name":"Shining Light","floor":3,"gold_loss":0,"cards_upgraded":["Bash","Strike_R"]},{"damage_healed":0,"gold_gain":0,"player_choice":"Got Potions","damage_taken":0,"max_hp_gain":0,"max_hp_loss":0,"event_name":"Lab","floor":11,"gold_loss":0},{"damage_healed":0,"gold_gain":0,"player_choice":"Joined the Cult","damage_taken":6,"max_hp_gain":0,"max_hp_loss":0,"event_name":"Nest","floor":21,"gold_loss":0,"cards_obtained":["RitualDagger"]}],"is_beta":true,"boss_relics":[{"not_picked":["Cursed Key","Ectoplasm"],"picked":"Runic Pyramid"}],"items_purged_floors":[],"is_endless":false,"potions_floor_spawned":[1,2,5,8,14,18,20,25],"killed_by":"Gremlin Leader","ascension_level":2}