{"gold_per_floor":[114,144,159,10,29,59,79,96,96,171,186,186,199,216,216,216],"floor_reached":16,"playtime":1003,"items_purged":["Normality"],"score":154,"play_id":"6442683e-7527-4594-8edb-eaeff0a878d4","local_time":"20180801162933","is_ascension_mode":true,"campfire_choices":[{"floor":12,"key":"REST"},{"floor":15,"key":"REST"}],"neow_cost":"NONE","seed_source_timestamp":0,"circlet_count":0,"master_deck":["Strike_B","Strike_B","Defend_B","Defend_B","Defend_B","Zap","Dualcast","Thunder Strike+1","Sweeping Beam+1","Recycle+1","Leap","Hologram","Darkness","BootSequence","Fusion","Conserve Battery","Ball Lightning","Auto Shields","Capacitor","Beam Cell","Doom and Gloom","Sunder"],"special_seed":0,"relics":["Astrolabe","Tiny Chest","Dream Catcher","Art of War"],"potions_floor_usage":[16],"damage_taken":[{"damage":4.0,"enemies":"2 Louse","floor":1.0,"turns":2.0},{"damage":2.0,"enemies":"Cultist","floor":3.0,"turns":4.0},{"damage":4.0,"enemies":"Jaw Worm","floor":5.0,"turns":4.0},{"damage":40.0,"enemies":"3 Sentries","floor":6.0,"turns":8.0},{"damage":8.0,"enemies":"Looter","floor":7.0,"turns":3.0},{"damage":15.0,"enemies":"Gremlin Gang","floor":8.0,"turns":8.0},{"damage":1,"enemies":"Exordium Thugs","floor":11,"turns":3},{"damage":0,"enemies":"3 Louse","floor":13,"turns":5},{"damage":7,"enemies":"Looter","floor":14,"turns":4},{"damage":44,"enemies":"Slime Boss","floor":16,"turns":9}],"seed_played":"2582927011570043620","potions_obtained":[{"floor":5.0,"key":"Dexterity Potion"},{"floor":7.0,"key":"Regen Potion"},{"floor":8.0,"key":"Fire Potion"},{"floor":11,"key":"Poison Potion"}],"is_trial":false,"path_per_floor":["M","?","M","$","M","E","M","M","T","?","M","R","M","M","R"],"character_chosen":"DEFECT","items_purchased":["Darkness"],"campfire_rested":2,"item_purchase_floors":[4],"current_hp_per_floor":[64,64,62,62,58,18,10,10,10,3,2,24,24,17,39,0],"gold":216,"neow_bonus":"BOSS_RELIC","is_prod":false,"is_daily":false,"chose_seed":false,"campfire_upgraded":0,"win_rate":0,"timestamp":1533112173,"path_taken":["M","?","M","$","M","E","M","M","T","?","M","R","?","M","R","BOSS"],"build_version":"2018-07-26","purchased_purges":1,"victory":false,"max_hp_per_floor":[75,75,75,75,75,75,75,75,75,75,75,75,75,75,75,75],"card_choices":[{"not_picked":["Steam","Compile Driver"],"picked":"Leap","floor":1.0},{"not_picked":["Rebound","Aggregate"],"picked":"Hologram","floor":3.0},{"not_picked":["Coolheaded","Steam"],"picked":"BootSequence","floor":5.0},{"not_picked":["Storm","Darkness"],"picked":"Fusion","floor":6.0},{"not_picked":["Force Field","Go for the Eyes"],"picked":"Conserve Battery","floor":7.0},{"not_picked":["Undo","Redo"],"picked":"Ball Lightning","floor":8.0},{"not_picked":["All For One","Compile Driver"],"picked":"Auto Shields","floor":11},{"not_picked":["Hologram","Cold Snap"],"picked":"Capacitor","floor":12},{"not_picked":["Conserve Battery","Streamline"],"picked":"Beam Cell","floor":13},{"not_picked":["Barrage","Blizzard"],"picked":"Doom and Gloom","floor":14},{"not_picked":["Heatsinks","Go for the Eyes"],"picked":"Sunder","floor":15}],"player_experience":197769,"relics_obtained":[{"floor":6.0,"key":"Dream Catcher"},{"floor":9.0,"key":"Art of War"}],"event_choices":[{"event_name":"Accursed Blacksmith","player_choice":"Rummage","floor":2.0,"damage_taken":0.0},{"event_name":"FaceTrader","player_choice":"Touch","floor":10,"damage_taken":0}],"is_beta":false,"boss_relics":[],"items_purged_floors":[4],"is_endless":false,"potions_floor_spawned":[5,7,8,11,14],"killed_by":"Slime Boss","ascension_level":9}