{"gold_per_floor":[119,119,34,34,47,80,110,122,157,169,22,22,52,72,72,147,147,161,161,161,110,110,110,136,153,202,214,174,174,174,192,192,269,269,287,17,33,0,0,33,33,33,57,57,92,56,56,56,56,56],"floor_reached":51,"playtime":2909,"items_purged":[],"score":1428,"play_id":"05f53b11-1b8f-4141-9f41-d08d9a2b6560","local_time":"20181124124533","is_ascension_mode":true,"campfire_choices":[{"data":"Skewer","floor":8.0,"key":"SMITH"},{"data":"Footwork","floor":10.0,"key":"SMITH"},{"data":"Bouncing Flask","floor":12.0,"key":"SMITH"},{"data":"Burst","floor":15.0,"key":"SMITH"},{"floor":23.0,"key":"REST"},{"floor":32.0,"key":"REST"},{"floor":41,"key":"REST"},{"floor":44,"key":"RECALL"},{"floor":49,"key":"REST"}],"neow_cost":"NONE","seed_source_timestamp":0,"circlet_count":0,"master_deck":["AscendersBane","Defend_G+1","Defend_G+1","Defend_G+1","Defend_G+1","Defend_G+1","Survivor+1","Neutralize+1","Escape Plan+1","Footwork+1","Skewer+1","Burst+1","Well Laid Plans+1","Bouncing Flask+1","Setup+1","Envenom+1","Cloak And Dagger+1","Footwork+1","Terror+1","PiercingWail+1","Doppelganger+1","Bane+1","Leg Sweep+1","Cloak And Dagger+1","Backflip+1","Night Terror+1","Backflip+1","Footwork+1","Footwork+1"],"special_seed":0,"relics":["Ring of the Snake","NeowsBlessing","MawBank","Juzu Bracelet","Potion Belt","Astrolabe","Art of War","Bronze Scales","Regal Pillow","Black Star","Toxic Egg 2","Red Mask","Bottled Lightning","Frozen Egg 2","Mark of the Bloom","Snake Skull","Boot","Vajra"],"potions_floor_usage":[33,50],"damage_taken":[{"damage":0.0,"enemies":"2 Louse","floor":1.0,"turns":1.0},{"damage":0.0,"enemies":"Jaw Worm","floor":5.0,"turns":1.0},{"damage":0.0,"enemies":"3 Sentries","floor":6.0,"turns":2.0},{"damage":0.0,"enemies":"Cultist","floor":7.0,"turns":3.0},{"damage":20.0,"enemies":"Gremlin Nob","floor":13.0,"turns":4.0},{"damage":0.0,"enemies":"Large Slime","floor":14.0,"turns":5.0},{"damage":3.0,"enemies":"The Guardian","floor":16.0,"turns":11.0},{"damage":11.0,"enemies":"3 Byrds","floor":18.0,"turns":4.0},{"damage":7.0,"enemies":"Book of Stabbing","floor":24.0,"turns":3.0},{"damage":14.0,"enemies":"2 Thieves","floor":25.0,"turns":4.0},{"damage":7.0,"enemies":"Centurion and Healer","floor":27.0,"turns":9.0},{"damage":22.0,"enemies":"Cultist and Chosen","floor":31.0,"turns":10.0},{"damage":33,"enemies":"Collector","floor":33,"turns":19},{"damage":10,"enemies":"Orb Walker","floor":35,"turns":6},{"damage":34,"enemies":"3 Shapes","floor":37,"turns":7},{"damage":22,"enemies":"Giant Head","floor":40,"turns":15},{"damage":10,"enemies":"Nemesis","floor":45,"turns":9},{"damage":10,"enemies":"Donu and Deca","floor":50,"turns":13}],"seed_played":"-7240711282382199284","potions_obtained":[{"floor":1.0,"key":"Block Potion"},{"floor":7.0,"key":"Explosive Potion"},{"floor":14.0,"key":"Dexterity Potion"},{"floor":16.0,"key":"Explosive Potion"},{"floor":18.0,"key":"SteroidPotion"},{"floor":24.0,"key":"AttackPotion"},{"floor":28.0,"key":"SkillPotion"},{"floor":28.0,"key":"FairyPotion"},{"floor":28.0,"key":"GhostInAJar"},{"floor":31.0,"key":"FearPotion"},{"floor":45,"key":"Swift Potion"}],"is_trial":false,"path_per_floor":["M","?","$","?","M","E","M","R","T","R","$","R","E","M","R","B",null,"M","?","?","$","?","R","E","M","T","M","?","?","$","M","R","B",null,"M","$","M","?","?","E","R","?","T","R","E","$","?","?","R","B",null],"character_chosen":"THE_SILENT","items_purchased":["Footwork","Well Laid Plans","Bouncing Flask","Bane","Toxic Egg 2","Footwork+1"],"campfire_rested":4,"item_purchase_floors":[3,11,11,21,36,46],"current_hp_per_floor":[59,59,59,59,59,59,59,59,59,59,59,59,39,39,39,36,59,48,48,30,30,30,51,44,30,30,23,23,37,37,15,51,18,58,48,48,14,14,14,2,38,38,38,38,28,28,28,28,28,18],"gold":56,"neow_bonus":"THREE_ENEMY_KILL","is_prod":false,"is_daily":false,"chose_seed":false,"campfire_upgraded":4,"win_rate":0,"timestamp":1543034733,"path_taken":["M","?","$","?","M","E","M","R","T","R","$","R","E","M","R","BOSS","M","?","?","$","?","R","E","M","T","M","?","?","$","M","R","BOSS","M","$","M","?","?","E","R","?","T","R","E","$","?","?","R","BOSS"],"build_version":"2018-11-15","purchased_purges":0,"victory":true,"max_hp_per_floor":[66,66,66,66,66,66,66,66,66,66,66,66,66,66,66,66,66,66,66,71,71,71,71,71,71,71,71,71,71,71,71,71,71,71,71,71,71,71,71,71,71,71,71,71,71,71,71,71,71,71],"card_choices":[{"not_picked":["Finisher","Deflect","Expertise"],"picked":"SKIP","floor":1.0},{"not_picked":["Concentrate","Poisoned Stab"],"picked":"Skewer","floor":5.0},{"not_picked":["Outmaneuver","Dodge and Roll"],"picked":"Burst","floor":6.0},{"not_picked":["Distraction","Poisoned Stab","Dagger Throw"],"picked":"SKIP","floor":7.0},{"not_picked":["Poisoned Stab","Outmaneuver","Deflect"],"picked":"SKIP","floor":13.0},{"not_picked":["Riddle With Holes","Underhanded Strike"],"picked":"Setup","floor":14.0},{"not_picked":["After Image","A Thousand Cuts"],"picked":"Envenom","floor":16.0},{"not_picked":["Backstab","Prepared"],"picked":"PiercingWail","floor":18.0},{"not_picked":["Envenom","Well Laid Plans","Sucker Punch"],"picked":"SKIP","floor":24.0},{"not_picked":["Slice","Dagger Spray"],"picked":"Leg Sweep","floor":25.0},{"not_picked":["Flying Knee","Endless Agony"],"picked":"Cloak And Dagger","floor":27.0},{"not_picked":["Cloak And Dagger","PiercingWail"],"picked":"Backflip","floor":31.0},{"not_picked":["Tools of the Trade","Adrenaline"],"picked":"Night Terror","floor":33},{"not_picked":["Tactician+1","Setup+1","Cloak And Dagger"],"picked":"SKIP","floor":35},{"not_picked":["Dash","Leg Sweep+1","Caltrops+1"],"picked":"SKIP","floor":37},{"not_picked":["Prepared+1","Bane+1","Outmaneuver+1"],"picked":"SKIP","floor":40},{"not_picked":["Prepared+1","Heel Hook"],"picked":"Backflip+1","floor":45}],"player_experience":554205,"relics_obtained":[{"floor":6.0,"key":"MawBank"},{"floor":9.0,"key":"Juzu Bracelet"},{"floor":13.0,"key":"Potion Belt"},{"floor":22.0,"key":"Art of War"},{"floor":24.0,"key":"Bronze Scales"},{"floor":26.0,"key":"Regal Pillow"},{"floor":40,"key":"Bottled Lightning"},{"floor":40,"key":"Frozen Egg 2"},{"floor":43,"key":"Snake Skull"},{"floor":45,"key":"Boot"},{"floor":45,"key":"Vajra"}],"event_choices":[{"damage_healed":0.0,"max_hp_gain":0.0,"max_hp_loss":0.0,"gold_gain":0.0,"cards_transformed":["Strike_G"],"event_name":"Living Wall","player_choice":"Change","floor":2.0,"gold_loss":0.0,"damage_taken":0.0,"cards_obtained":["Escape Plan"]},{"damage_healed":0.0,"max_hp_gain":0.0,"max_hp_loss":0.0,"gold_gain":0.0,"event_name":"The Cleric","player_choice":"Leave","floor":4.0,"gold_loss":0.0,"damage_taken":0.0},{"damage_healed":0.0,"max_hp_gain":0.0,"max_hp_loss":0.0,"gold_gain":0.0,"cards_transformed":["Strike_G"],"event_name":"Transmorgrifier","player_choice":"Transformed","floor":19.0,"gold_loss":0.0,"damage_taken":0.0,"cards_obtained":["Doppelganger"]},{"damage_healed":0.0,"max_hp_gain":5.0,"max_hp_loss":0.0,"gold_gain":0.0,"event_name":"Forgotten Altar","player_choice":"Shed Blood","floor":20.0,"gold_loss":0.0,"damage_taken":23.0},{"damage_healed":0.0,"max_hp_gain":0.0,"max_hp_loss":0.0,"gold_gain":0.0,"event_name":"Wheel of Change","player_choice":"Relic","floor":22.0,"gold_loss":0.0,"damage_taken":0.0},{"damage_healed":0.0,"max_hp_gain":0.0,"max_hp_loss":0.0,"gold_gain":0.0,"event_name":"The Woman in Blue","player_choice":"Bought 3 Potions","floor":28.0,"gold_loss":0.0,"damage_taken":0.0},{"damage_healed":14.0,"max_hp_gain":0.0,"max_hp_loss":0.0,"gold_gain":0.0,"event_name":"The Library","player_choice":"Heal","floor":29.0,"gold_loss":0.0,"damage_taken":0.0},{"damage_healed":0,"gold_gain":0,"player_choice":"Paid","damage_taken":0,"relics_obtained":["Red Mask"],"max_hp_gain":0,"max_hp_loss":0,"event_name":"Tomb of Lord Red Mask","floor":38,"gold_loss":33},{"damage_healed":0,"gold_gain":0,"player_choice":"Ignored","damage_taken":0,"max_hp_gain":0,"max_hp_loss":0,"event_name":"Mysterious Sphere","floor":39,"gold_loss":0},{"damage_healed":0,"gold_gain":0,"player_choice":"Upgrade","damage_taken":0,"relics_obtained":["Mark of the Bloom"],"max_hp_gain":0,"max_hp_loss":0,"event_name":"MindBloom","floor":42,"gold_loss":0,"cards_upgraded":["Defend_G","Defend_G","Defend_G","Defend_G","Defend_G","Survivor","Neutralize","Escape Plan","Well Laid Plans","Setup","Envenom","PiercingWail","Doppelganger","Bane","Leg Sweep","Cloak And Dagger","Backflip","Night Terror"]},{"damage_healed":0,"gold_gain":0,"player_choice":"Copied","damage_taken":0,"max_hp_gain":0,"max_hp_loss":0,"event_name":"Duplicator","floor":47,"gold_loss":0,"cards_obtained":["Footwork"]},{"damage_healed":0,"gold_gain":0,"player_choice":"Memory 1","damage_taken":0,"max_hp_gain":0,"max_hp_loss":0,"event_name":"SensoryStone","floor":48,"gold_loss":0}],"is_beta":true,"boss_relics":[{"not_picked":["Fusion Hammer","Empty Cage"],"picked":"Astrolabe"},{"not_picked":["WristBlade","Snecko Eye"],"picked":"Black Star"}],"items_purged_floors":[],"is_endless":false,"potions_floor_spawned":[1,7,14,16,18,24,31,45],"ascension_level":18}