{"gold_per_floor":[16,0,19,19,39,39,57,6,6,6,6,33,53,64,64,165,165,175,0,0,13,13,47,47,76,99,111,124,141,141,169,169,169],"floor_reached":33,"playtime":1955,"items_purged":[],"score":409,"play_id":"74b68d2b-c9a9-4cda-8571-6a6e8558a58f","local_time":"20180721162817","is_ascension_mode":true,"campfire_choices":[{"data":"Hello World","floor":6,"key":"SMITH"},{"floor":11,"key":"REST"},{"floor":15,"key":"REST"},{"floor":24,"key":"REST"},{"floor":30,"key":"REST"},{"floor":32,"key":"REST"}],"neow_cost":"NO_GOLD","seed_source_timestamp":26726974401806,"circlet_count":0,"master_deck":["Strike_B","Strike_B","Strike_B","Strike_B","Defend_B","Defend_B","Defend_B","Defend_B","Zap","Dualcast","Turbo","Hello World+1","Conserve Battery","Coolheaded","Cold Snap","Turbo","Sunder","Cold Snap","Meteor Strike","Stack","Capacitor","Flash of Steel","Ghostly","Ghostly","Ghostly","Ghostly","Ghostly","Static Discharge","Barrage+1","Seek","Coolheaded+1","Double Energy","Go for the Eyes","Conserve Battery"],"special_seed":0,"relics":["FrozenCore","Pen Nib","Question Card","Nunchaku","Dodecahedron","Darkstone Periapt","Vajra","DataDisk"],"potions_floor_usage":[23,23,28,28,29,33,33],"damage_taken":[{"damage":6,"enemies":"2 Louse","floor":1,"turns":2},{"damage":9,"enemies":"Small Slimes","floor":3,"turns":3},{"damage":2,"enemies":"Jaw Worm","floor":5,"turns":3},{"damage":39,"enemies":"Gremlin Gang","floor":7,"turns":5},{"damage":7,"enemies":"3 Sentries","floor":12,"turns":9},{"damage":3,"enemies":"Large Slime","floor":13,"turns":4},{"damage":4,"enemies":"Looter","floor":14,"turns":3},{"damage":47,"enemies":"Hexaghost","floor":16,"turns":12},{"damage":6,"enemies":"3 Byrds","floor":18,"turns":5},{"damage":6,"enemies":"Spheric Guardian","floor":21,"turns":9},{"damage":21,"enemies":"Book of Stabbing","floor":23,"turns":7},{"damage":20,"enemies":"Slavers","floor":25,"turns":11},{"damage":0,"enemies":"Snake Plant","floor":27,"turns":6},{"damage":8,"enemies":"3 Cultists","floor":28,"turns":7},{"damage":0,"enemies":"Centurion and Healer","floor":29,"turns":6},{"damage":6,"enemies":"Book of Stabbing","floor":31,"turns":7},{"damage":25,"enemies":"Automaton","floor":33,"turns":10}],"seed_played":"611422243241814085","potions_obtained":[{"floor":12,"key":"AttackPotion"},{"floor":13,"key":"GamblersBrew"},{"floor":18,"key":"GamblersBrew"},{"floor":25,"key":"EssenceOfSteel"},{"floor":27,"key":"SkillPotion"},{"floor":28,"key":"Poison Potion"},{"floor":31,"key":"LiquidBronze"}],"is_trial":false,"path_per_floor":["M","?","M","?","M","R","M","$","T","?","R","E","M","M","R","B",null,"M","$","?","M","$","E","R","E","T","M","M","M","R","E","R"],"character_chosen":"DEFECT","items_purchased":["Cold Snap","Capacitor","Flash of Steel"],"campfire_rested":5,"item_purchase_floors":[8,19,19],"current_hp_per_floor":[83,83,74,67,65,65,26,26,26,26,52,45,42,38,64,17,71,65,65,44,38,38,17,30,10,10,10,2,2,15,9,22,0],"gold":169,"neow_bonus":"TWENTY_PERCENT_HP_BONUS","is_prod":false,"is_daily":false,"chose_seed":false,"campfire_upgraded":1,"win_rate":0,"timestamp":1532161697,"path_taken":["M","?","M","?","M","R","M","$","T","?","R","E","?","M","R","BOSS","M","?","?","M","$","E","R","E","T","M","M","M","R","E","R","BOSS"],"build_version":"2018-07-19v2","purchased_purges":0,"victory":false,"max_hp_per_floor":[89,89,89,89,89,89,89,89,89,89,89,89,89,89,89,89,89,89,89,44,44,44,44,44,44,44,44,44,44,44,44,44,44],"card_choices":[{"not_picked":["Ball Lightning","Streamline"],"picked":"Turbo","floor":1},{"not_picked":["Steam","Rip and Tear"],"picked":"Hello World","floor":3},{"not_picked":["Streamline","Beam Cell"],"picked":"Conserve Battery","floor":5},{"not_picked":["Melter","Leap"],"picked":"Coolheaded","floor":7},{"not_picked":["Heatsinks","Streamline","Hologram"],"picked":"Turbo","floor":12},{"not_picked":["Storm","Redo","Machine Learning"],"picked":"Sunder","floor":13},{"not_picked":["Blizzard","Melter","BootSequence"],"picked":"Cold Snap","floor":14},{"not_picked":["Multi-Cast","All For One","Amplify"],"picked":"Meteor Strike","floor":16},{"not_picked":["Coolheaded","Barrage","Compile Driver"],"picked":"Stack","floor":18},{"not_picked":["Stack","Undo","Ball Lightning"],"picked":"Static Discharge","floor":21},{"not_picked":["Ball Lightning","Gash","Chill"],"picked":"Barrage+1","floor":23},{"not_picked":["Turbo","Barrage","Sunder"],"picked":"Seek","floor":25},{"not_picked":["Stack","Sweeping Beam","Ball Lightning+1"],"picked":"Coolheaded+1","floor":27},{"not_picked":["Reinforced Body","Turbo+1","Stack+1"],"picked":"Double Energy","floor":28},{"not_picked":["Rainbow","Streamline","Turbo"],"picked":"Go for the Eyes","floor":29},{"not_picked":["Coolheaded","Leap","Streamline"],"picked":"Conserve Battery","floor":31}],"player_experience":139186,"relics_obtained":[{"floor":9,"key":"Question Card"},{"floor":12,"key":"Nunchaku"},{"floor":23,"key":"Dodecahedron"},{"floor":25,"key":"Darkstone Periapt"},{"floor":26,"key":"Vajra"},{"floor":31,"key":"DataDisk"}],"event_choices":[{"event_name":"World of Goop","player_choice":"Left","floor":2,"damage_taken":0},{"event_name":"Scrap Ooze","player_choice":"success","floor":4,"damage_taken":7},{"event_name":"The Cleric","player_choice":"Leave","floor":10,"damage_taken":0},{"event_name":"Ghosts","player_choice":"Became a Ghost","floor":20,"damage_taken":0}],"is_beta":false,"boss_relics":[{"not_picked":["Astrolabe","White Beast Statue"],"picked":"FrozenCore"}],"items_purged_floors":[],"is_endless":false,"potions_floor_spawned":[12,13,18,25,27,28,31],"killed_by":"Automaton","ascension_level":5}