{"gold_per_floor":[14,25,25,42,42,42,72,86,109,109,126,201,201,201,201,295,295,308,148,148,161,161],"floor_reached":22,"playtime":768,"items_purged":["Strike_B"],"score":368,"play_id":"084c0701-c736-4e08-8aee-8ef1e0c07e9a","local_time":"20190129161635","is_ascension_mode":true,"campfire_choices":[{"data":"Redo","floor":6,"key":"SMITH"},{"floor":10,"key":"REST"},{"data":"Zap","floor":13,"key":"SMITH"},{"data":"Dualcast","floor":15,"key":"SMITH"}],"neow_cost":"NO_GOLD","seed_source_timestamp":0,"circlet_count":0,"master_deck":["AscendersBane","Strike_B","Strike_B","Strike_B","Defend_B","Defend_B","Defend_B","Defend_B","Zap+1","Dualcast+1","Doom and Gloom+1","Redo+1","Rainbow","Self Repair","Capacitor","Biased Cognition","Conserve Battery","BootSequence","Defragment","Coolheaded","Undo+1"],"special_seed":0,"relics":["Cracked Core","Bronze Scales","Anchor","Golden Idol","Orrery"],"potions_floor_usage":[8,16],"damage_taken":[{"damage":2.0,"enemies":"2 Louse","floor":1.0,"turns":3.0},{"damage":11.0,"enemies":"Small Slimes","floor":2.0,"turns":3.0},{"damage":14.0,"enemies":"Jaw Worm","floor":4.0,"turns":4.0},{"damage":35,"enemies":"3 Sentries","floor":7,"turns":6},{"damage":3,"enemies":"3 Louse","floor":8,"turns":2},{"damage":1,"enemies":"Blue Slaver","floor":11,"turns":2},{"damage":26,"enemies":"The Guardian","floor":16,"turns":7},{"damage":45,"enemies":"theJungle:GiantWrat","floor":18,"turns":7},{"damage":2,"enemies":"theJungle:Flameango_and_Byrd","floor":21,"turns":5},{"damage":0,"enemies":"theJungle:JungleHuntersEncounter","floor":22,"turns":2}],"seed_played":"-6688137679112448977","potions_obtained":[{"floor":4.0,"key":"Swift Potion"},{"floor":7,"key":"Explosive Potion"},{"floor":8,"key":"SkillPotion"},{"floor":16,"key":"AttackPotion"},{"floor":18,"key":"Regen Potion"}],"is_trial":false,"path_per_floor":["M","M","$","M","?","R","E","M","T","R","M","?","R","?","R","B",null,"M","$","?","M","M"],"character_chosen":"DEFECT","items_purchased":["FocusPotion"],"campfire_rested":1,"item_purchase_floors":[19],"current_hp_per_floor":[76,65,65,51,51,51,16,13,13,38,44,33,33,33,33,14,61,23,23,23,28,28],"gold":161,"neow_bonus":"TWENTY_PERCENT_HP_BONUS","is_prod":false,"is_daily":false,"chose_seed":false,"campfire_upgraded":3,"win_rate":0,"timestamp":1548749795,"path_taken":["M","M","$","M","?","R","E","M","T","R","M","?","R","?","R","BOSS","M","$","?","M","M"],"build_version":"2019-01-23","purchased_purges":1,"victory":false,"max_hp_per_floor":[85,85,85,85,85,85,85,85,85,85,85,85,85,77,77,77,77,77,77,77,77,77],"card_choices":[{"not_picked":["Steam","Auto Shields"],"picked":"Doom and Gloom","floor":1.0},{"not_picked":["Stack","Compile Driver"],"picked":"Redo","floor":2.0},{"not_picked":["Compile Driver","Gash","Static Discharge"],"picked":"SKIP","floor":4.0},{"not_picked":["Tempest","Streamline"],"picked":"Rainbow","floor":7},{"not_picked":["Skim","Blizzard"],"picked":"Self Repair","floor":8},{"not_picked":["Rip and Tear","Compile Driver"],"picked":"Capacitor","floor":11},{"not_picked":["Reboot","Core Surge"],"picked":"Biased Cognition","floor":16},{"not_picked":["Skim","Stack"],"picked":"Conserve Battery","floor":17},{"not_picked":["Double Energy","Melter"],"picked":"BootSequence","floor":17},{"not_picked":["Stack","Cold Snap"],"picked":"Defragment","floor":17},{"not_picked":["Ball Lightning","Scrape"],"picked":"Coolheaded","floor":17},{"not_picked":["Compile Driver","Barrage"],"picked":"Undo+1","floor":18},{"not_picked":["Capacitor","Go for the Eyes","Fusion"],"picked":"SKIP","floor":21}],"player_experience":729158,"relics_obtained":[{"floor":7,"key":"Bronze Scales"},{"floor":9,"key":"Anchor"}],"event_choices":[{"damage_healed":0,"gold_gain":0,"player_choice":"Grow","damage_taken":0,"max_hp_gain":0,"max_hp_loss":0,"event_name":"Living Wall","floor":5,"gold_loss":0,"cards_upgraded":["Doom and Gloom"]},{"damage_healed":0,"gold_gain":75,"player_choice":"Gather Gold","damage_taken":11,"max_hp_gain":0,"max_hp_loss":0,"event_name":"World of Goop","floor":12,"gold_loss":0},{"damage_healed":0,"gold_gain":0,"player_choice":"Lose Max HP","damage_taken":0,"relics_obtained":["Golden Idol"],"max_hp_gain":0,"max_hp_loss":8,"event_name":"Golden Idol","floor":14,"gold_loss":0}],"is_beta":true,"boss_relics":[{"not_picked":["Black Star","Empty Cage"],"picked":"Orrery"}],"items_purged_floors":[19],"is_endless":false,"potions_floor_spawned":[4,7,8,16,18,21],"killed_by":"theJungle:JungleHuntersEncounter","ascension_level":20}