{"gold_per_floor":[118,129,129,152,152,176,199,124,124,160,160,130,130,10,10,108,108,128,79,95,10,25,25,25,25,102,116,130,153,2,21,21,21],"floor_reached":33,"playtime":1291,"items_purged":["Strike_R","Strike_R"],"score":523,"play_id":"2f10e136-ac2a-4e48-9b62-dd9f643b871f","local_time":"20190315201023","is_ascension_mode":true,"campfire_choices":[{"data":"Metamorphosis","floor":11.0,"key":"SMITH"},{"data":"Armaments","floor":13.0,"key":"SMITH"},{"data":"Bash","floor":15.0,"key":"SMITH"},{"data":"Ghostly Armor","floor":23.0,"key":"SMITH"},{"data":"Dramatic Entrance","floor":25.0,"key":"SMITH"},{"floor":32,"key":"RECALL"}],"neow_cost":"PERCENT_DAMAGE","seed_source_timestamp":0,"circlet_count":0,"master_deck":["AscendersBane","Defend_R","Defend_R","Defend_R","Defend_R","Bash+1","Dramatic Entrance+1","Metamorphosis+1","Armaments+1","Ghostly Armor+1","Battle Trance+1","Warcry+1","Limit Break+1","Rage+1","Shrug It Off+1","Flex+1","Flex+1","True Grit+1"],"special_seed":0,"relics":["Burning Blood","Golden Idol","Toxic Egg 2","Pantograph","Busted Crown","Shuriken"],"potions_floor_usage":[],"damage_taken":[{"damage":3.0,"enemies":"2 Louse","floor":1.0,"turns":2.0},{"damage":9.0,"enemies":"Jaw Worm","floor":2.0,"turns":4.0},{"damage":1.0,"enemies":"Cultist","floor":4.0,"turns":3.0},{"damage":8.0,"enemies":"3 Louse","floor":6.0,"turns":4.0},{"damage":16.0,"enemies":"Exordium Wildlife","floor":7.0,"turns":6.0},{"damage":15.0,"enemies":"Gremlin Nob","floor":10.0,"turns":4.0},{"damage":1.0,"enemies":"Looter","floor":12.0,"turns":4.0},{"damage":6.0,"enemies":"Slime Boss","floor":16.0,"turns":5.0},{"damage":11.0,"enemies":"3 Byrds","floor":18.0,"turns":4.0},{"damage":13.0,"enemies":"Spheric Guardian","floor":20.0,"turns":4.0},{"damage":5.0,"enemies":"Centurion and Healer","floor":22.0,"turns":6.0},{"damage":16.0,"enemies":"Snake Plant","floor":27.0,"turns":4.0},{"damage":21.0,"enemies":"Snecko","floor":28.0,"turns":5.0},{"damage":12.0,"enemies":"Sentry and Sphere","floor":29.0,"turns":4.0},{"damage":9.0,"enemies":"Centurion and Healer","floor":31.0,"turns":6.0},{"damage":72,"enemies":"Automaton","floor":33,"turns":8}],"seed_played":"4867423057033471762","potions_obtained":[{"floor":4.0,"key":"Swift Potion"},{"floor":10.0,"key":"Fire Potion"},{"floor":20.0,"key":"Regen Potion"},{"floor":28.0,"key":"LiquidBronze"},{"floor":29.0,"key":"BloodPotion"},{"floor":31.0,"key":"SpeedPotion"}],"is_trial":false,"path_per_floor":["M","M","?","M","?","M","M","?","T","E","R","M","R","$","R","B",null,"M","$","M","?","M","R","?","R","T","M","M","M","$","M","R","B"],"character_chosen":"IRONCLAD","items_purchased":["Warcry+1","Shrug It Off+1","True Grit+1"],"campfire_rested":0,"item_purchase_floors":[14,19,30],"current_hp_per_floor":[53,50,50,55,55,53,43,43,43,34,34,39,39,39,39,64,67,62,62,55,55,56,56,56,56,56,46,31,25,25,43,43,0],"gold":21,"neow_bonus":"RANDOM_COLORLESS_2","is_prod":false,"is_daily":false,"chose_seed":true,"campfire_upgraded":5,"win_rate":0,"timestamp":1552651823,"path_taken":["M","M","?","M","?","?","M","?","T","E","R","M","R","?","R","BOSS","M","$","M","?","M","R","?","R","T","M","?","M","$","M","R","BOSS"],"build_version":"2019-02-06","purchased_purges":2,"victory":false,"max_hp_per_floor":[75,75,68,68,68,68,68,68,68,68,68,68,68,68,68,68,68,68,68,68,68,68,68,68,68,68,68,68,68,68,68,68,68],"card_choices":[{"not_picked":["Combust","Havoc","Inflame"],"picked":"SKIP","floor":1.0},{"not_picked":["Shrug It Off","Thunderclap"],"picked":"Armaments","floor":2.0},{"not_picked":["Anger","Clash","Intimidate"],"picked":"SKIP","floor":4.0},{"not_picked":["Havoc","Flame Barrier"],"picked":"Ghostly Armor","floor":6.0},{"not_picked":["Headbutt","Pummel","Sword Boomerang"],"picked":"SKIP","floor":7.0},{"not_picked":["Impervious+1","Feed"],"picked":"Battle Trance+1","floor":10.0},{"not_picked":["Heavy Blade","Twin Strike","Clothesline"],"picked":"SKIP","floor":12.0},{"not_picked":["Brutality","Barricade"],"picked":"Limit Break+1","floor":16.0},{"not_picked":[],"picked":"Rage+1","floor":18.0},{"not_picked":[],"picked":"Flex+1","floor":20.0},{"not_picked":["Reckless Charge"],"picked":"SKIP","floor":22.0},{"not_picked":[],"picked":"Flex+1","floor":27.0},{"not_picked":["Anger"],"picked":"SKIP","floor":28.0},{"not_picked":["Rage+1"],"picked":"SKIP","floor":29.0},{"not_picked":["Cleave"],"picked":"SKIP","floor":31.0}],"player_experience":856736,"relics_obtained":[{"floor":9.0,"key":"Toxic Egg 2"},{"floor":10.0,"key":"Pantograph"}],"event_choices":[{"damage_healed":0.0,"max_hp_gain":0.0,"max_hp_loss":7.0,"gold_gain":0.0,"event_name":"Golden Idol","player_choice":"Lose Max HP","floor":3.0,"gold_loss":0.0,"damage_taken":0.0,"relics_obtained":["Golden Idol"]},{"cards_removed":["Strike_R"],"damage_healed":0.0,"max_hp_gain":0.0,"max_hp_loss":0.0,"gold_gain":0.0,"event_name":"Purifier","player_choice":"Purged","floor":5.0,"gold_loss":0.0,"damage_taken":0.0},{"cards_removed":["Strike_R"],"damage_healed":0.0,"max_hp_gain":0.0,"max_hp_loss":0.0,"gold_gain":0.0,"event_name":"The Cleric","player_choice":"Card Removal","floor":8.0,"gold_loss":75.0,"damage_taken":0.0},{"damage_healed":0.0,"max_hp_gain":0.0,"max_hp_loss":0.0,"gold_gain":0.0,"event_name":"Addict","player_choice":"Obtained Relic","floor":21.0,"gold_loss":85.0,"damage_taken":0.0,"relics_obtained":["Shuriken"]},{"cards_removed":["Strike_R"],"damage_healed":0.0,"max_hp_gain":0.0,"max_hp_loss":0.0,"gold_gain":0.0,"event_name":"Purifier","player_choice":"Purged","floor":24.0,"gold_loss":0.0,"damage_taken":0.0}],"is_beta":true,"boss_relics":[{"not_picked":["Orrery","Velvet Choker"],"picked":"Busted Crown"}],"items_purged_floors":[14,30],"is_endless":false,"potions_floor_spawned":[4,10,20,28,29,31],"killed_by":"Automaton","ascension_level":15}