{"gold_per_floor":[117,129,141,154,169,169,169,202,229,229,252,252,252,265,265,396,396,414,504,24,43,66,66,66,66,66,66,91,91,91,91,91,219,219,235,129,462,462,482,482,482],"floor_reached":41,"playtime":2349,"items_purged":[],"score":592,"play_id":"f430ff6b-514d-400d-8425-506a7c2069ed","local_time":"20181128193442","is_ascension_mode":true,"campfire_choices":[{"data":"Leap","floor":6.0,"key":"SMITH"},{"floor":10.0,"key":"REST"},{"data":"Zap","floor":15.0,"key":"SMITH"},{"data":"Dualcast","floor":23.0,"key":"SMITH"},{"data":"Steam","floor":25.0,"key":"SMITH"},{"floor":27.0,"key":"REST"},{"data":"Seek","floor":30.0,"key":"SMITH"},{"data":"Beam Cell","floor":32,"key":"SMITH"},{"data":"Defragment","floor":40,"key":"SMITH"}],"neow_cost":"NONE","seed_source_timestamp":0,"circlet_count":0,"master_deck":["Zap+1","Dualcast+1","Capacitor","Self Repair","Leap+1","Beam Cell","Rip and Tear","All For One","Glacier","Barrage","Ball Lightning","Glacier","Beam Cell+1","White Noise","Coolheaded","Steam+1","Conserve Battery","Seek+1","Master of Strategy","Turbo+1","Rebound+1","Defragment+1","Sunder","Cloak And Dagger+1"],"special_seed":0,"relics":["Cracked Core","Omamori","Bronze Scales","Cables","Pandora\u0027s Box","PrismaticShard","Pantograph","Kunai","Astrolabe"],"potions_floor_usage":[],"damage_taken":[{"damage":1.0,"enemies":"Cultist","floor":1.0,"turns":3.0},{"damage":0.0,"enemies":"Small Slimes","floor":2.0,"turns":3.0},{"damage":14.0,"enemies":"Jaw Worm","floor":3.0,"turns":3.0},{"damage":16.0,"enemies":"Blue Slaver","floor":4.0,"turns":4.0},{"damage":4.0,"enemies":"Red Slaver","floor":5.0,"turns":3.0},{"damage":34.0,"enemies":"Gremlin Nob","floor":8.0,"turns":5.0},{"damage":8.0,"enemies":"Exordium Thugs","floor":11.0,"turns":5.0},{"damage":0.0,"enemies":"Looter","floor":14.0,"turns":2.0},{"damage":27.0,"enemies":"Slime Boss","floor":16.0,"turns":8.0},{"damage":23.0,"enemies":"Shell Parasite","floor":18.0,"turns":4.0},{"damage":7.0,"enemies":"2 Thieves","floor":21.0,"turns":3.0},{"damage":12.0,"enemies":"Snake Plant","floor":22.0,"turns":3.0},{"damage":7.0,"enemies":"Centurion and Healer","floor":28.0,"turns":9.0},{"damage":8.0,"enemies":"Colosseum Slavers","floor":31.0,"turns":4.0},{"damage":46,"enemies":"Automaton","floor":33,"turns":16},{"damage":5,"enemies":"3 Shapes","floor":35,"turns":4},{"damage":18,"enemies":"3 Darklings","floor":39,"turns":5},{"damage":49,"enemies":"Reptomancer","floor":41,"turns":7}],"seed_played":"-2044993846654273289","potions_obtained":[{"floor":1.0,"key":"Strength Potion"},{"floor":3.0,"key":"Poison Potion"},{"floor":8.0,"key":"SpeedPotion"},{"floor":11.0,"key":"SteroidPotion"},{"floor":16.0,"key":"SteroidPotion"},{"floor":22.0,"key":"SteroidPotion"}],"is_trial":false,"path_per_floor":["M","M","M","M","M","R","?","E","T","R","M","?","T","M","R","B",null,"M","?","$","M","M","R","?","R","T","R","M","?","R","?","R","B",null,"M","$","?","?","M","R","E"],"character_chosen":"DEFECT","items_purchased":["PrismaticShard","Pantograph","Steam","Defragment","Sunder"],"campfire_rested":2,"item_purchase_floors":[20,20,20,36,36],"current_hp_per_floor":[74,74,67,58,54,54,54,27,27,49,48,33,33,40,40,20,62,46,32,32,25,20,20,20,20,20,42,42,42,42,41,41,27,64,59,59,59,59,48,48,0],"gold":482,"neow_bonus":"TEN_PERCENT_HP_BONUS","is_prod":false,"is_daily":false,"chose_seed":false,"campfire_upgraded":7,"win_rate":0,"timestamp":1543404882,"path_taken":["M","?","M","M","M","R","?","E","T","R","M","?","?","M","R","BOSS","M","?","?","M","M","R","?","R","T","R","M","?","R","?","R","BOSS","M","$","?","?","M","R","E"],"build_version":"2018-11-15","purchased_purges":0,"victory":false,"max_hp_per_floor":[82,82,82,82,82,82,76,76,76,76,76,76,76,76,76,76,76,76,76,76,76,76,76,76,76,76,76,76,76,76,76,76,76,76,76,76,76,76,76,76,76],"card_choices":[{"not_picked":["Chill","Force Field"],"picked":"Capacitor","floor":1.0},{"not_picked":["Gash","Go for the Eyes"],"picked":"Self Repair","floor":2.0},{"not_picked":["White Noise","Go for the Eyes"],"picked":"Leap","floor":3.0},{"not_picked":["Turbo","Barrage","Stack"],"picked":"SKIP","floor":4.0},{"not_picked":["Stack","Barrage","Rebound"],"picked":"SKIP","floor":5.0},{"not_picked":["Thunder Strike","Turbo"],"picked":"Beam Cell","floor":8.0},{"not_picked":["Stack","Steam"],"picked":"Rip and Tear","floor":11.0},{"not_picked":["Recycle","Turbo","Aggregate"],"picked":"SKIP","floor":14.0},{"not_picked":["Machine Learning","Echo Form"],"picked":"All For One","floor":16.0},{"not_picked":["Turbo","Sweeping Beam"],"picked":"Coolheaded","floor":18.0},{"not_picked":["Lockon","Heavy Blade+1"],"picked":"Conserve Battery","floor":21.0},{"not_picked":["Concentrate","Masterful Stab"],"picked":"Iron Wave","floor":22.0},{"not_picked":["Sweeping Beam","Outmaneuver"],"picked":"Tempest","floor":28.0},{"not_picked":["HandOfGreed","Dark Embrace"],"picked":"Master of Strategy","floor":33},{"not_picked":["All Out Attack+1","Turbo","Havoc+1"],"picked":"SKIP","floor":35},{"not_picked":["Iron Wave","Dagger Throw"],"picked":"Cloak And Dagger+1","floor":39}],"player_experience":572720,"relics_obtained":[{"floor":8.0,"key":"Omamori"},{"floor":9.0,"key":"Bronze Scales"},{"floor":13.0,"key":"Cables"},{"floor":26.0,"key":"Kunai"}],"event_choices":[{"damage_healed":0.0,"max_hp_gain":0.0,"max_hp_loss":6.0,"gold_gain":0.0,"event_name":"Golden Idol","player_choice":"Lose Max HP","floor":7.0,"gold_loss":0.0,"damage_taken":0.0,"relics_obtained":["Golden Idol"]},{"damage_healed":0.0,"max_hp_gain":0.0,"max_hp_loss":0.0,"gold_gain":0.0,"event_name":"Shining Light","player_choice":"Entered Light","floor":12.0,"gold_loss":0.0,"damage_taken":15.0,"cards_upgraded":["Strike_B","Defend_B"]},{"damage_healed":0.0,"max_hp_gain":0.0,"max_hp_loss":0.0,"gold_gain":90.0,"event_name":"Knowing Skull","player_choice":"GOLD ","floor":19.0,"potions_obtained":[],"gold_loss":0.0,"damage_taken":14.0,"cards_obtained":[]},{"damage_healed":0.0,"max_hp_gain":0.0,"max_hp_loss":0.0,"gold_gain":0.0,"event_name":"Beggar","player_choice":"Ignored","floor":24.0,"gold_loss":0.0,"damage_taken":0.0},{"damage_healed":0.0,"max_hp_gain":0.0,"max_hp_loss":0.0,"gold_gain":0.0,"cards_transformed":["Iron Wave","Sweeping Beam"],"event_name":"Drug Dealer","player_choice":"Became Test Subject","floor":29.0,"gold_loss":0.0,"damage_taken":0.0,"cards_obtained":["Lockon","Seek"]},{"damage_healed":0.0,"max_hp_gain":0.0,"max_hp_loss":0.0,"gold_gain":0.0,"event_name":"Colosseum","player_choice":"Fight","floor":31.0,"gold_loss":0.0,"damage_taken":0.0},{"damage_healed":0.0,"max_hp_gain":0.0,"max_hp_loss":0.0,"gold_gain":0.0,"event_name":"Colosseum","player_choice":"Fled From Nobs","floor":31.0,"gold_loss":0.0,"damage_taken":0.0},{"damage_healed":0,"gold_gain":333,"player_choice":"Gave Idol","damage_taken":0,"max_hp_gain":0,"max_hp_loss":0,"event_name":"The Moai Head","floor":37,"relics_lost":["Golden Idol"],"gold_loss":0},{"cards_removed":["Force Field"],"damage_healed":0,"gold_gain":0,"player_choice":"Removed Skill","damage_taken":0,"max_hp_gain":0,"max_hp_loss":0,"event_name":"Falling","floor":38,"gold_loss":0}],"is_beta":true,"boss_relics":[{"not_picked":["Calling Bell","Velvet Choker"],"picked":"Pandora\u0027s Box"},{"not_picked":["Busted Crown","Philosopher\u0027s Stone"],"picked":"Astrolabe"}],"items_purged_floors":[],"is_endless":false,"potions_floor_spawned":[1,3,8,11,16,22,31,35],"killed_by":"Reptomancer","ascension_level":9}