{"gold_per_floor":[111,130,90,43,43,43,53,53,53,53,53,64,81,95,95,95],"floor_reached":16,"playtime":537,"items_purged":[],"score":133,"play_id":"7af7d46a-32d7-4a4c-bb28-32f3a4f2bfe4","local_time":"20180802164609","is_ascension_mode":true,"campfire_choices":[{"data":"Genetic Algorithm","floor":6,"key":"SMITH"},{"data":"Dualcast","floor":10,"key":"SMITH"},{"floor":15,"key":"REST"}],"neow_cost":"NONE","seed_source_timestamp":8864598034377,"circlet_count":0,"master_deck":["Strike_B","Strike_B","Strike_B","Defend_B","Defend_B","Defend_B","Defend_B","Zap","Dualcast+1","Genetic Algorithm+1","Conserve Battery","Turbo","Cold Snap","Redo","Aggregate","Beam Cell","Glacier"],"relics":["Philosopher\u0027s Stone","Lantern"],"potions_floor_usage":[16,16],"damage_taken":[{"damage":6,"enemies":"Small Slimes","floor":1,"turns":4},{"damage":9,"enemies":"Cultist","floor":2,"turns":4},{"damage":5,"enemies":"Jaw Worm","floor":7,"turns":5},{"damage":2,"enemies":"Blue Slaver","floor":12,"turns":5},{"damage":8,"enemies":"Exordium Wildlife","floor":13,"turns":7},{"damage":26,"enemies":"Gremlin Gang","floor":14,"turns":7},{"damage":44,"enemies":"Slime Boss","floor":16,"turns":10}],"seed_played":"1259365839650895908","potions_obtained":[{"floor":3,"key":"Energy Potion"},{"floor":3,"key":"PowerPotion"},{"floor":3,"key":"PowerPotion"}],"is_trial":false,"path_per_floor":["M","M","?","$","?","R","M","?","T","R","?","M","M","M","R"],"character_chosen":"DEFECT","items_purchased":["Turbo"],"campfire_rested":1,"item_purchase_floors":[4],"current_hp_per_floor":[62,53,53,53,58,58,53,53,53,53,53,51,43,17,41,0],"gold":95,"neow_bonus":"BOSS_RELIC","is_prod":false,"is_daily":false,"chose_seed":false,"campfire_upgraded":2,"win_rate":0,"timestamp":1533199569,"path_taken":["M","M","?","$","?","R","M","?","T","R","?","M","?","M","R","BOSS"],"build_version":"2018-07-26","purchased_purges":0,"victory":false,"max_hp_per_floor":[75,75,75,75,80,80,80,80,80,80,80,80,80,80,80,80],"card_choices":[{"not_picked":["Hologram","Coolheaded"],"picked":"Genetic Algorithm","floor":1},{"not_picked":["Barrage","Compile Driver"],"picked":"Conserve Battery","floor":2},{"not_picked":["Sweeping Beam","Hologram"],"picked":"Cold Snap","floor":7},{"not_picked":["Fusion","Compile Driver"],"picked":"Aggregate","floor":12},{"not_picked":["Stack","Turbo"],"picked":"Beam Cell","floor":13},{"not_picked":["Streamline","Auto Shields"],"picked":"Glacier","floor":14}],"player_experience":202769,"relics_obtained":[{"floor":9,"key":"Lantern"}],"event_choices":[{"event_name":"The Woman in Blue","player_choice":"Bought 3 Potions","floor":3,"damage_taken":0},{"event_name":"Big Fish","player_choice":"Donut","floor":5,"damage_taken":0},{"event_name":"Living Wall","player_choice":"Change","floor":8,"damage_taken":0},{"event_name":"Golden Wing","player_choice":"Ignored","floor":11,"damage_taken":0}],"is_beta":false,"boss_relics":[],"items_purged_floors":[],"is_endless":false,"potions_floor_spawned":[14],"killed_by":"Slime Boss","ascension_level":9}