{"gold_per_floor":[218,230,305,21,21,21,34,65,117,150,169,180,180,180,180,279,279,299,299,74,74,74,74,74,74,74,6,18,33,50,64,64,165,165,178,23,371,391,242,277,277,309,309,340,340,31,45,45,45,45],"floor_reached":51,"playtime":1751,"items_purged":[],"score":1044,"play_id":"63706bbe-7104-4958-92ec-d5a2a6bcbd2b","local_time":"20181014113320","is_ascension_mode":true,"campfire_choices":[{"data":"Mayhem","floor":6.0,"key":"SMITH"},{"data":"Pommel Strike","floor":13.0,"key":"SMITH"},{"data":"Bash","floor":15.0,"key":"SMITH"},{"data":"Fiend Fire","floor":23.0,"key":"SMITH"},{"data":"Infernal Blade","floor":25.0,"key":"SMITH"},{"data":"Fiend Fire","floor":32.0,"key":"SMITH"},{"data":"Sentinel","floor":41,"key":"SMITH"},{"data":"Shrug It Off","floor":45,"key":"SMITH"},{"floor":49,"key":"REST"}],"neow_cost":"NONE","seed_source_timestamp":261476096875,"circlet_count":0,"master_deck":["Strike_R+1","Strike_R+1","Strike_R+1","Strike_R+1","Defend_R+1","Defend_R+1","Defend_R+1","Defend_R+1","Bash+1","Thunderclap+1","Pommel Strike+1","Whirlwind+1","Mayhem+1","Headbutt+1","Shrug It Off+1","Fiend Fire+1","Infernal Blade+1","Fiend Fire+1","Carnage+1","Barricade+1","Ghostly Armor+1","Flame Barrier+1","Shockwave+1","Offering+1","Bludgeon+1","True Grit+1","Seeing Red+1","Sentinel+1","Sever Soul+1","Sentinel+1","Exhume+1"],"special_seed":0,"relics":["Burning Blood","Vajra","Lantern","Omamori","Snecko Eye","Orichalcum","Shuriken","Calipers","Mark of Pain","Old Coin","Darkstone Periapt","Singing Bowl","Thread and Needle","Turnip","War Paint","Mark of the Bloom"],"potions_floor_usage":[50,50],"damage_taken":[{"damage":6.0,"enemies":"Cultist","floor":1.0,"turns":3.0},{"damage":5.0,"enemies":"Small Slimes","floor":2.0,"turns":3.0},{"damage":7.0,"enemies":"Jaw Worm","floor":7.0,"turns":3.0},{"damage":30.0,"enemies":"Lagavulin","floor":8.0,"turns":7.0},{"damage":13.0,"enemies":"Gremlin Nob","floor":10.0,"turns":3.0},{"damage":2.0,"enemies":"Looter","floor":11.0,"turns":3.0},{"damage":12.0,"enemies":"3 Louse","floor":12.0,"turns":3.0},{"damage":0.0,"enemies":"Red Slaver","floor":14.0,"turns":1.0},{"damage":18.0,"enemies":"Hexaghost","floor":16.0,"turns":8.0},{"damage":12.0,"enemies":"Chosen","floor":18.0,"turns":2.0},{"damage":0.0,"enemies":"Spheric Guardian","floor":28.0,"turns":1.0},{"damage":0.0,"enemies":"Shelled Parasite and Fungi","floor":29.0,"turns":2.0},{"damage":13.0,"enemies":"Centurion and Healer","floor":30.0,"turns":3.0},{"damage":0.0,"enemies":"Snake Plant","floor":31.0,"turns":2.0},{"damage":43.0,"enemies":"Collector","floor":33.0,"turns":5.0},{"damage":7.0,"enemies":"Orb Walker","floor":35.0,"turns":3.0},{"damage":13.0,"enemies":"Mysterious Sphere","floor":37.0,"turns":2.0},{"damage":2.0,"enemies":"3 Shapes","floor":38.0,"turns":1.0},{"damage":14.0,"enemies":"Giant Head","floor":40.0,"turns":6.0},{"damage":17,"enemies":"2 Orb Walkers","floor":42,"turns":4},{"damage":0,"enemies":"Giant Head","floor":44,"turns":5},{"damage":0,"enemies":"Sphere and 2 Shapes","floor":47,"turns":2},{"damage":46,"enemies":"Awakened One","floor":50,"turns":10}],"seed_played":"5747491920188979123","potions_obtained":[{"floor":7.0,"key":"SmokeBomb"},{"floor":12.0,"key":"AttackPotion"},{"floor":16.0,"key":"Regen Potion"},{"floor":28.0,"key":"Explosive Potion"},{"floor":35.0,"key":"Explosive Potion"},{"floor":40.0,"key":"Dexterity Potion"},{"floor":42,"key":"Explosive Potion"},{"floor":47,"key":"SteroidPotion"}],"is_trial":false,"path_per_floor":["M","M","?","$","?","R","M","E","T","E","M","M","R","M","R","B",null,"M","?","$","?","T","R","?","R","T","$","M","M","M","M","R","B",null,"M","$","?","M","$","E","R","E","T","E","R","$","M","?","R","B"],"character_chosen":"IRONCLAD","items_purchased":["Whirlwind","Mayhem","Carnage","Orichalcum","Ghostly Armor","Bludgeon","Sentinel","Sever Soul","Exhume","War Paint"],"campfire_rested":1,"item_purchase_floors":[4,4,20,20,27,36,39,39,46,46],"current_hp_per_floor":[72,73,62,62,62,62,61,37,37,30,34,28,28,34,34,22,66,60,60,60,60,60,60,60,60,60,60,66,72,65,71,71,34,69,68,68,61,65,65,57,57,46,46,54,54,54,62,62,62,16],"gold":45,"neow_bonus":"HUNDRED_GOLD","is_prod":false,"is_daily":false,"chose_seed":false,"campfire_upgraded":8,"win_rate":0,"timestamp":1539488000,"path_taken":["M","?","?","$","?","R","M","E","T","E","M","M","R","M","R","BOSS","M","?","$","?","?","R","?","R","T","$","M","M","M","M","R","BOSS","M","$","?","M","$","E","R","E","T","E","R","?","M","?","R","BOSS"],"build_version":"2018-10-11","purchased_purges":0,"victory":true,"max_hp_per_floor":[80,80,80,80,80,80,80,80,80,80,80,80,80,80,80,80,80,80,80,80,80,80,80,80,80,80,80,80,80,80,80,80,80,80,80,80,80,80,80,80,80,80,80,82,82,82,84,84,84,84],"card_choices":[{"not_picked":["Flex","Clothesline"],"picked":"Thunderclap","floor":1.0},{"not_picked":["Warcry","Twin Strike"],"picked":"Pommel Strike","floor":2.0},{"not_picked":["Anger","Inflame","Reckless Charge"],"picked":"SKIP","floor":7.0},{"not_picked":["Rampage","Metallicize"],"picked":"Headbutt","floor":8.0},{"not_picked":["Heavy Blade","Sword Boomerang","Warcry"],"picked":"SKIP","floor":10.0},{"not_picked":["Seeing Red","Cleave"],"picked":"Shrug It Off","floor":11.0},{"not_picked":["Heavy Blade","Inflame","Sentinel"],"picked":"SKIP","floor":12.0},{"not_picked":["Limit Break","Impervious"],"picked":"Fiend Fire","floor":16.0},{"not_picked":["Wild Strike","Iron Wave"],"picked":"Infernal Blade","floor":18.0},{"not_picked":["Wild Strike+1","Anger","Whirlwind"],"picked":"SKIP","floor":28.0},{"not_picked":["Rupture","Pommel Strike+1","Wild Strike"],"picked":"SKIP","floor":29.0},{"not_picked":["Rupture","Intimidate"],"picked":"Flame Barrier","floor":30.0},{"not_picked":["Clothesline","Body Slam"],"picked":"Shockwave+1","floor":31.0},{"not_picked":["Feed","Barricade"],"picked":"Offering","floor":33.0},{"not_picked":["Sword Boomerang","Thunderclap","Headbutt+1"],"picked":"SKIP","floor":35.0},{"not_picked":["Havoc+1","Pommel Strike+1"],"picked":"True Grit+1","floor":37.0},{"not_picked":["Iron Wave","Whirlwind+1"],"picked":"Seeing Red","floor":38.0},{"not_picked":["Corruption","Rage+1","Thunderclap"],"picked":"SKIP","floor":40.0},{"not_picked":["Flex","Pummel"],"picked":"Sentinel+1","floor":42},{"not_picked":["Wild Strike+1","Clothesline+1","Warcry"],"picked":"Singing Bowl","floor":44},{"not_picked":["Twin Strike+1","True Grit","Cleave+1"],"picked":"Singing Bowl","floor":47}],"player_experience":438333,"relics_obtained":[{"floor":8.0,"key":"Vajra"},{"floor":9.0,"key":"Lantern"},{"floor":10.0,"key":"Omamori"},{"floor":22.0,"key":"Shuriken"},{"floor":26.0,"key":"Calipers"},{"floor":37.0,"key":"Old Coin"},{"floor":40.0,"key":"Darkstone Periapt"},{"floor":42,"key":"Singing Bowl"},{"floor":43,"key":"Thread and Needle"},{"floor":44,"key":"Turnip"}],"event_choices":[{"event_name":"World of Goop","player_choice":"Gather Gold","floor":3.0,"damage_taken":0.0},{"event_name":"Upgrade Shrine","player_choice":"Upgraded","floor":5.0,"damage_taken":0.0},{"event_name":"Match and Keep!","player_choice":"1 cards matched","floor":19.0,"damage_taken":0.0},{"event_name":"Transmorgrifier","player_choice":"Transform","floor":21.0,"damage_taken":0.0},{"event_name":"Vampires","player_choice":"Ignored","floor":24.0,"damage_taken":0.0},{"event_name":"Mysterious Sphere","player_choice":"Fight","floor":37.0,"damage_taken":0.0},{"event_name":"MindBloom","player_choice":"Upgrade","floor":48,"damage_taken":0}],"is_beta":true,"boss_relics":[{"not_picked":["Pandora\u0027s Box","Ectoplasm"],"picked":"Snecko Eye"},{"not_picked":["Runic Pyramid","Empty Cage"],"picked":"Mark of Pain"}],"items_purged_floors":[],"is_endless":false,"potions_floor_spawned":[7,12,14,16,28,35,40,42,47],"ascension_level":7}