{"gold_per_floor":[111,121,132,143,143,143,143,154,154,166,166,166,166,69,69,143,143,153,153,136,156,8,33,33],"floor_reached":24,"playtime":1139,"items_purged":["Strike_B"],"score":364,"play_id":"c076b8fb-97c8-4ec5-923c-afd2ebd0d9d9","local_time":"20190303140101","is_ascension_mode":true,"campfire_choices":[{"data":"Apotheosis","floor":6.0,"key":"SMITH"},{"floor":11.0,"key":"REST"},{"data":"Beam Cell","floor":13.0,"key":"SMITH"},{"data":"Sunder","floor":15.0,"key":"SMITH"}],"neow_cost":"PERCENT_DAMAGE","seed_source_timestamp":6936431510080,"circlet_count":0,"master_deck":["AscendersBane","Strike_B","Defend_B","Defend_B","Defend_B","Zap","Dualcast","Apotheosis+1","Good Instincts","Glacier","Beam Cell+1","Genetic Algorithm","Static Discharge","Sunder+1","Capacitor","Coolheaded+1","Hologram+1","Buffer","Undo+1","Darkness+1","Go for the Eyes+1"],"special_seed":0,"relics":["Cracked Core","Toxic Egg 2","Empty Cage","Art of War"],"potions_floor_usage":[23],"damage_taken":[{"damage":0.0,"enemies":"Cultist","floor":1.0,"turns":3.0},{"damage":5.0,"enemies":"Small Slimes","floor":2.0,"turns":4.0},{"damage":1.0,"enemies":"Jaw Worm","floor":3.0,"turns":4.0},{"damage":2.0,"enemies":"Blue Slaver","floor":4.0,"turns":4.0},{"damage":6.0,"enemies":"Large Slime","floor":8.0,"turns":5.0},{"damage":8.0,"enemies":"Red Slaver","floor":10.0,"turns":5.0},{"damage":9.0,"enemies":"The Guardian","floor":16.0,"turns":10.0},{"damage":16.0,"enemies":"Spheric Guardian","floor":18.0,"turns":7.0},{"damage":9.0,"enemies":"2 Thieves","floor":20.0,"turns":4.0},{"damage":6.0,"enemies":"Centurion and Healer","floor":21.0,"turns":8.0},{"damage":27,"enemies":"Gremlin Leader","floor":23,"turns":7},{"damage":8,"enemies":"Snake Plant","floor":24,"turns":4}],"seed_played":"-6278280793944900529","potions_obtained":[{"floor":3.0,"key":"Block Potion"},{"floor":4.0,"key":"GamblersBrew"},{"floor":16.0,"key":"Fruit Juice"},{"floor":18.0,"key":"SteroidPotion"},{"floor":20.0,"key":"PowerPotion"},{"floor":23,"key":"Strength Potion"}],"is_trial":false,"path_per_floor":["M","M","M","M","?","R","?","M","T","M","R","T","R","$","R","B",null,"M","?","M","M","$","E","M"],"character_chosen":"DEFECT","items_purchased":["Coolheaded+1","Hologram+1","Darkness+1"],"campfire_rested":1,"item_purchase_floors":[14,14,22],"current_hp_per_floor":[46,41,40,38,38,38,38,32,32,24,45,45,45,45,45,41,67,51,51,42,36,36,9,1],"gold":33,"neow_bonus":"RANDOM_COLORLESS_2","is_prod":false,"is_daily":false,"chose_seed":false,"campfire_upgraded":3,"win_rate":0,"timestamp":1551592861,"path_taken":["M","?","M","M","?","R","?","M","T","M","R","?","R","$","R","BOSS","M","?","M","?","$","E","M"],"build_version":"2019-02-06","purchased_purges":1,"victory":false,"max_hp_per_floor":[71,71,71,71,71,71,71,71,71,71,71,71,71,71,71,76,76,76,76,76,76,76,76,76],"card_choices":[{"not_picked":["Leap","Sweeping Beam","Barrage"],"picked":"SKIP","floor":1.0},{"not_picked":["Hologram","Coolheaded"],"picked":"Glacier","floor":2.0},{"not_picked":["Aggregate","Hyperbeam"],"picked":"Beam Cell","floor":3.0},{"not_picked":["Ball Lightning","Gash"],"picked":"Genetic Algorithm","floor":4.0},{"not_picked":["FTL","Capacitor"],"picked":"Sunder","floor":8.0},{"not_picked":["Storm","Chill+1"],"picked":"Capacitor","floor":10.0},{"not_picked":["Amplify+1","Multi-Cast+1"],"picked":"Buffer","floor":16.0},{"not_picked":["Tempest+1","Ball Lightning"],"picked":"Undo+1","floor":18.0},{"not_picked":["Redo+1","Coolheaded+1","Loop"],"picked":"SKIP","floor":20.0},{"not_picked":["Barrage","Gash","Sunder"],"picked":"SKIP","floor":21.0},{"not_picked":["Melter","Gash"],"picked":"Go for the Eyes+1","floor":23}],"player_experience":822013,"relics_obtained":[{"floor":9.0,"key":"Toxic Egg 2"},{"floor":23,"key":"Art of War"}],"event_choices":[{"damage_healed":0.0,"max_hp_gain":0.0,"max_hp_loss":0.0,"gold_gain":0.0,"cards_transformed":["Strike_B"],"event_name":"Living Wall","player_choice":"Change","floor":5.0,"gold_loss":0.0,"damage_taken":0.0,"cards_obtained":["Static Discharge"]},{"damage_healed":0.0,"max_hp_gain":0.0,"max_hp_loss":0.0,"gold_gain":0.0,"event_name":"Shining Light","player_choice":"Ignored","floor":7.0,"gold_loss":0.0,"damage_taken":0.0},{"damage_healed":0.0,"max_hp_gain":0.0,"max_hp_loss":0.0,"gold_gain":0.0,"event_name":"Lab","player_choice":"Got Potions","floor":19.0,"gold_loss":0.0,"damage_taken":0.0}],"is_beta":true,"boss_relics":[{"not_picked":["Philosopher\u0027s Stone","Runic Dome"],"picked":"Empty Cage"}],"items_purged_floors":[22],"is_endless":false,"potions_floor_spawned":[3,4,16,18,20,21,23],"killed_by":"Snake Plant","ascension_level":15}