{"gold_per_floor":[117,135,15,15,15,51,51,65,65,99,99,99,99,99,99,99],"floor_reached":16,"playtime":890,"items_purged":[],"score":131,"play_id":"555f8a2a-78c9-4ae2-97fe-cb27436ffa43","local_time":"20190809222309","is_ascension_mode":false,"campfire_choices":[{"data":"Acrobatics","floor":11,"key":"SMITH"},{"floor":13,"key":"REST"},{"data":"Neutralize","floor":15,"key":"SMITH"}],"neow_cost":"NONE","seed_source_timestamp":1582532348545300,"circlet_count":0,"master_deck":["Strike_G","Strike_G","Strike_G","Strike_G","Defend_G","Defend_G","Defend_G","Defend_G","Defend_G","Survivor","Neutralize+1","Acrobatics+1","Outmaneuver","Infinite Blades","Blade Dance","Acrobatics","Infinite Blades"],"relics":["Ring of the Snake","NeowsBlessing","Golden Idol","Juzu Bracelet","Letter Opener","Boot","SsserpentHead"],"potions_floor_usage":[],"damage_taken":[{"damage":0,"enemies":"Small Slimes","floor":1,"turns":1},{"damage":0,"enemies":"2 Louse","floor":2,"turns":1},{"damage":0,"enemies":"Gremlin Nob","floor":6,"turns":1},{"damage":0,"enemies":"Cultist","floor":8,"turns":5},{"damage":27,"enemies":"3 Sentries","floor":10,"turns":9},{"damage":46,"enemies":"Hexaghost","floor":16,"turns":11}],"seed_played":"5780672167812052492","potions_obtained":[{"floor":1,"key":"Swift Potion"},{"floor":6,"key":"SkillPotion"},{"floor":8,"key":"LiquidBronze"}],"is_trial":false,"path_per_floor":["M","M","$","?","?","E","$","M","T","E","R","?","R","?","R","B"],"character_chosen":"THE_SILENT","items_purchased":["Infinite Blades","Blade Dance"],"campfire_rested":1,"item_purchase_floors":[3,3],"current_hp_per_floor":[70,70,70,65,58,58,58,58,58,31,31,24,43,43,43,0],"gold":99,"neow_bonus":"THREE_ENEMY_KILL","is_prod":false,"is_daily":false,"chose_seed":false,"campfire_upgraded":2,"win_rate":0.0,"timestamp":1565382189,"path_taken":["M","M","$","?","?","E","$","M","T","E","R","?","R","?","R","BOSS"],"build_version":"2019-07-17","purchased_purges":0,"victory":false,"max_hp_per_floor":[70,70,70,65,65,65,65,65,65,65,65,65,65,65,65,65],"card_choices":[{"not_picked":["Backstab","Bane"],"picked":"Acrobatics","floor":1},{"not_picked":["PiercingWail","Quick Slash"],"picked":"Outmaneuver","floor":2},{"not_picked":["Crippling Poison","Finisher"],"picked":"Acrobatics","floor":6},{"not_picked":["Reflex","Dagger Spray"],"picked":"Infinite Blades","floor":8},{"not_picked":["Terror","Crippling Poison","Predator"],"picked":"SKIP","floor":10}],"player_experience":365702,"relics_obtained":[{"floor":6,"key":"Juzu Bracelet"},{"floor":9,"key":"Letter Opener"},{"floor":10,"key":"Boot"}],"event_choices":[{"damage_healed":0,"gold_gain":0,"player_choice":"Lose Max HP","damage_taken":0,"relics_obtained":["Golden Idol"],"max_hp_gain":0,"max_hp_loss":5,"event_name":"Golden Idol","floor":4,"gold_loss":0},{"cards_removed":["Strike_G"],"damage_healed":0,"gold_gain":0,"player_choice":"Card Removal","damage_taken":7,"max_hp_gain":0,"max_hp_loss":0,"event_name":"Golden Wing","floor":5,"gold_loss":0},{"damage_healed":0,"gold_gain":0,"player_choice":"Fled","damage_taken":7,"max_hp_gain":0,"max_hp_loss":0,"event_name":"Scrap Ooze","floor":12,"gold_loss":0},{"damage_healed":0,"gold_gain":0,"player_choice":"Trade","damage_taken":0,"relics_obtained":["SsserpentHead"],"max_hp_gain":0,"max_hp_loss":0,"event_name":"FaceTrader","floor":14,"gold_loss":0}],"is_beta":false,"boss_relics":[],"items_purged_floors":[],"is_endless":false,"potions_floor_spawned":[1,6,8],"killed_by":"Hexaghost","ascension_level":0}