{"gold_per_floor":[366,382,50,50,65,96,96,129,129,147,180,180,33,50,50,150,150,163,88,100,100,0,26,26,2,25,38,64,83,118,129,129,231,231,251,263,363,381,394,420,451,471,471,7,7,38,55,82,82,82],"floor_reached":51,"playtime":8235,"items_purged":["Strike_R","Strike_R"],"score":989,"play_id":"feb27cb8-8a19-47a1-a1ae-f7c1d3736773","local_time":"20190810214948","is_ascension_mode":true,"campfire_choices":[{"data":"Shockwave","floor":12,"key":"SMITH"},{"data":"Armaments","floor":15,"key":"SMITH"},{"data":"Pommel Strike","floor":24,"key":"SMITH"},{"data":"Rampage","floor":32,"key":"SMITH"},{"floor":49,"key":"REST"}],"neow_cost":"PERCENT_DAMAGE","seed_source_timestamp":784147418853200,"circlet_count":0,"master_deck":["Strike_R","Defend_R","Defend_R","Defend_R","Defend_R","Bash","Flame Barrier","Shockwave+1","True Grit","Cleave","Pommel Strike+1","Corruption","Parasite","Headbutt","Armaments+1","Clash","Exhume","Rampage+1","Whirlwind+1","Offering","Whirlwind+1","Burning Pact+1","Armaments","Havoc+1","True Grit","Clothesline+1","Fiend Fire+1","Pommel Strike+1","Headbutt+1","Searing Blow+1","Dual Wield+1","Disarm+1","Pommel Strike+1","Headbutt","Wild Strike+1","Injury","Magnetism","Writhe","Inflame+1"],"relics":["Burning Blood","Mango","Ancient Tea Set","Magic Flower","Bottled Tornado","Nunchaku","Snecko Eye","Darkstone Periapt","Oddly Smooth Stone","Sundial","WingedGreaves","Cursed Key","Ginger","Blood Vial","Incense Burner","Letter Opener","Red Skull","Whetstone","Dream Catcher","Vajra"],"potions_floor_usage":[1,33,39,40,40,47],"damage_taken":[{"damage":7,"enemies":"2 Louse","floor":1,"turns":3},{"damage":0,"enemies":"Small Slimes","floor":2,"turns":3},{"damage":11,"enemies":"Jaw Worm","floor":5,"turns":3},{"damage":15,"enemies":"Gremlin Nob","floor":6,"turns":4},{"damage":26,"enemies":"3 Sentries","floor":8,"turns":12},{"damage":9,"enemies":"Gremlin Gang","floor":10,"turns":4},{"damage":36,"enemies":"Lagavulin","floor":11,"turns":8},{"damage":12,"enemies":"3 Louse","floor":14,"turns":3},{"damage":13,"enemies":"Slime Boss","floor":16,"turns":8},{"damage":0,"enemies":"3 Byrds","floor":18,"turns":4},{"damage":14,"enemies":"Spheric Guardian","floor":20,"turns":4},{"damage":40,"enemies":"Gremlin Leader","floor":23,"turns":4},{"damage":8,"enemies":"Snake Plant","floor":27,"turns":3},{"damage":6,"enemies":"Book of Stabbing","floor":28,"turns":4},{"damage":20,"enemies":"Centurion and Healer","floor":29,"turns":7},{"damage":6,"enemies":"Gremlin Leader","floor":30,"turns":6},{"damage":3,"enemies":"Chosen and Byrds","floor":31,"turns":6},{"damage":53,"enemies":"Champ","floor":33,"turns":9},{"damage":0,"enemies":"3 Darklings","floor":35,"turns":2},{"damage":0,"enemies":"Orb Walker","floor":36,"turns":2},{"damage":31,"enemies":"Mind Bloom Boss Battle","floor":37,"turns":5},{"damage":29,"enemies":"Maw","floor":38,"turns":6},{"damage":6,"enemies":"Transient","floor":39,"turns":5},{"damage":37,"enemies":"Giant Head","floor":40,"turns":6},{"damage":41,"enemies":"Nemesis","floor":41,"turns":9},{"damage":5,"enemies":"Spire Growth","floor":42,"turns":3},{"damage":38,"enemies":"Reptomancer","floor":46,"turns":6},{"damage":5,"enemies":"Writhing Mass","floor":47,"turns":2},{"damage":31,"enemies":"Giant Head","floor":48,"turns":7},{"damage":45,"enemies":"Donu and Deca","floor":50,"turns":6}],"seed_played":"-7796821471341971716","potions_obtained":[{"floor":1,"key":"Fruit Juice"},{"floor":2,"key":"Ancient Potion"},{"floor":14,"key":"Energy Potion"},{"floor":23,"key":"BloodPotion"},{"floor":28,"key":"Regen Potion"},{"floor":33,"key":"Dexterity Potion"},{"floor":35,"key":"AttackPotion"},{"floor":39,"key":"SkillPotion"},{"floor":40,"key":"SkillPotion"},{"floor":41,"key":"Block Potion"},{"floor":42,"key":"AttackPotion"}],"is_trial":false,"path_per_floor":["M","M","$","?","M","E","?","E","T","M","E","R","$","M","R","B",null,"M","$","M","?","$","E","R","$","T","M","E","M","E","M","R","B",null,"M","M","?","M","M","E","E","M","T","$","?","E","M","E","R","B",null],"character_chosen":"IRONCLAD","items_purchased":["Mango","True Grit","Exhume","Rampage","Armaments","Red Skull","Whetstone","Magnetism"],"campfire_rested":1,"item_purchase_floors":[3,3,13,13,25,44,44,44],"current_hp_per_floor":[60,66,80,80,75,66,90,70,70,70,43,43,43,40,40,36,99,99,99,94,94,94,63,63,63,63,64,67,56,59,65,65,45,99,99,99,77,57,96,68,39,46,52,52,84,58,65,46,79,46],"gold":82,"neow_bonus":"TWO_FIFTY_GOLD","is_prod":false,"is_daily":false,"chose_seed":false,"campfire_upgraded":4,"win_rate":0,"timestamp":1565470188,"path_taken":["M","M","$","?","M","E","?","E","T","M","E","R","?","M","R","BOSS","M","$","?","?","?","E","R","$","T","M","E","M","E","?","R","BOSS","M","M","?","M","M","E","E","M","T","$","?","E","M","E","R","BOSS"],"build_version":"2019-07-17","purchased_purges":2,"victory":true,"max_hp_per_floor":[85,85,99,99,99,99,99,99,99,99,99,99,99,99,99,99,99,99,99,99,99,99,99,99,99,99,99,99,99,99,99,99,99,99,99,99,99,99,99,99,99,99,105,105,111,111,111,111,111,111],"card_choices":[{"not_picked":["Power Through","Shrug It Off"],"picked":"Flame Barrier","floor":1},{"not_picked":["Body Slam","Bloodletting"],"picked":"Shockwave","floor":2},{"not_picked":["Sword Boomerang","Hemokinesis"],"picked":"Pommel Strike","floor":5},{"not_picked":["Intimidate","Havoc"],"picked":"Corruption","floor":6},{"not_picked":["Body Slam","Searing Blow"],"picked":"Headbutt","floor":8},{"not_picked":["Dropkick","Warcry"],"picked":"Armaments","floor":10},{"not_picked":["Shrug It Off","Rage"],"picked":"Clash","floor":11},{"not_picked":["Spot Weakness","Searing Blow"],"picked":"Whirlwind","floor":14},{"not_picked":["Juggernaut","Berserk"],"picked":"Offering","floor":16},{"not_picked":["Pummel","Armaments"],"picked":"Whirlwind+1","floor":18},{"not_picked":["Heavy Blade","Wild Strike"],"picked":"Burning Pact+1","floor":20},{"not_picked":["Armaments","Iron Wave","Thunderclap"],"picked":"SKIP","floor":23},{"not_picked":["Sword Boomerang","Fire Breathing"],"picked":"Havoc+1","floor":27},{"not_picked":["Sword Boomerang","Hemokinesis"],"picked":"True Grit","floor":28},{"not_picked":["Warcry","Uppercut"],"picked":"Clothesline+1","floor":29},{"not_picked":["Clothesline","Anger","Twin Strike"],"picked":"SKIP","floor":30},{"not_picked":["Rampage","Bloodletting","Exhume"],"picked":"SKIP","floor":31},{"not_picked":["Juggernaut","Berserk"],"picked":"Fiend Fire","floor":33},{"not_picked":["Thunderclap+1","Flex+1"],"picked":"Pommel Strike+1","floor":35},{"not_picked":["True Grit","Armaments"],"picked":"Headbutt+1","floor":36},{"not_picked":["Ghostly Armor+1","Body Slam+1"],"picked":"Searing Blow+1","floor":37},{"not_picked":["True Grit+1","Heavy Blade"],"picked":"Dual Wield+1","floor":38},{"not_picked":["Armaments","Heavy Blade"],"picked":"Disarm+1","floor":39},{"not_picked":["Blood for Blood","Twin Strike"],"picked":"Pommel Strike+1","floor":40},{"not_picked":["Feed","Perfected Strike+1"],"picked":"Headbutt","floor":41},{"not_picked":["Sword Boomerang","Shrug It Off+1"],"picked":"Wild Strike+1","floor":42},{"not_picked":["Juggernaut","Sever Soul+1","Heavy Blade"],"picked":"SKIP","floor":46},{"not_picked":["Wild Strike","Sever Soul","Pommel Strike"],"picked":"SKIP","floor":47},{"not_picked":["Havoc","Rupture+1"],"picked":"Inflame+1","floor":48}],"player_experience":53211,"relics_obtained":[{"floor":6,"key":"Ancient Tea Set"},{"floor":8,"key":"Magic Flower"},{"floor":9,"key":"Bottled Tornado"},{"floor":11,"key":"Nunchaku"},{"floor":23,"key":"Darkstone Periapt"},{"floor":26,"key":"Oddly Smooth Stone"},{"floor":28,"key":"Sundial"},{"floor":30,"key":"WingedGreaves"},{"floor":37,"key":"Ginger"},{"floor":40,"key":"Blood Vial"},{"floor":41,"key":"Incense Burner"},{"floor":43,"key":"Letter Opener"},{"floor":46,"key":"Dream Catcher"},{"floor":48,"key":"Vajra"}],"event_choices":[{"damage_healed":0,"gold_gain":0,"cards_transformed":["Strike_R"],"player_choice":"Change","damage_taken":0,"max_hp_gain":0,"max_hp_loss":0,"event_name":"Living Wall","floor":4,"gold_loss":0,"cards_obtained":["Cleave"]},{"damage_healed":24,"gold_gain":0,"player_choice":"Healed and dodged fight","damage_taken":0,"max_hp_gain":0,"max_hp_loss":0,"event_name":"Mushrooms","floor":7,"gold_loss":0,"cards_obtained":["Parasite"]},{"cards_removed":["Strike_R"],"damage_healed":0,"gold_gain":0,"player_choice":"Elegance","damage_taken":0,"max_hp_gain":0,"max_hp_loss":0,"event_name":"Back to Basics","floor":21,"gold_loss":0},{"damage_healed":0,"gold_gain":0,"player_choice":"Fight","damage_taken":0,"max_hp_gain":0,"max_hp_loss":0,"event_name":"MindBloom","floor":37,"gold_loss":0},{"damage_healed":26,"gold_gain":0,"player_choice":"Writhe","damage_taken":0,"max_hp_gain":0,"max_hp_loss":0,"event_name":"Winding Halls","floor":45,"gold_loss":0,"cards_obtained":["Writhe"]}],"is_beta":false,"boss_relics":[{"not_picked":["Coffee Dripper","Busted Crown"],"picked":"Snecko Eye"},{"not_picked":["Fusion Hammer","Runic Cube"],"picked":"Cursed Key"}],"items_purged_floors":[19,22],"is_endless":false,"potions_floor_spawned":[1,2,14,23,28,30,33,35,39,40,41,42,46],"ascension_level":1}