{"gold_per_floor":[119,139,158,176,101,101,136,147,202,99,126,126,126,146,146,225,225,244,244,258,273,81,81,96,96,121,121,138,154,154,168,168,241,241,258,258,258,278,329,329,349,349,349,349,14,24,24],"floor_reached":47,"playtime":5382,"items_purged":["Strike_B","Strike_B","Defend_B"],"score":724,"play_id":"a5606f38-e5a5-4c66-a79e-c0367be06f3b","local_time":"20180831153612","is_ascension_mode":true,"campfire_choices":[{"data":"Defragment","floor":6.0,"key":"SMITH"},{"data":"Rainbow","floor":12.0,"key":"SMITH"},{"data":"Lockon","floor":15.0,"key":"SMITH"},{"floor":23.0,"key":"REST"},{"data":"Blizzard","floor":25.0,"key":"SMITH"},{"floor":27.0,"key":"REST"},{"floor":32,"key":"REST"},{"floor":40,"key":"REST"},{"floor":42,"key":"REST"}],"neow_cost":"NONE","seed_source_timestamp":0,"circlet_count":0,"master_deck":["Defend_B","Zap+1","Dualcast","AscendersBane","Glacier","Lockon+1","Defragment+1","Rainbow+1","Cold Snap","Panacea","Coolheaded+1","Hologram+1","Seek+1","Capacitor+1","Go for the Eyes","Static Discharge+1","Blizzard+1","Redo+1","Glacier+1","Compile Driver","Amplify+1","Electrodynamics","Conserve Battery+1","Capacitor+1","Consume+1","Force Field+1","Stack+1","Turbo+1","Defragment","Stack+1","Glacier+1","Reinforced Body+1","Impatience+1"],"special_seed":0,"relics":["Sozu","Shovel","Anchor","Toxic Egg 2","Black Star","Bag of Preparation","Astrolabe","Gambling Chip","Unceasing Top","Juzu Bracelet"],"potions_floor_usage":[],"damage_taken":[{"damage":5.0,"enemies":"Small Slimes","floor":1.0,"turns":3.0},{"damage":3.0,"enemies":"Cultist","floor":2.0,"turns":5.0},{"damage":3.0,"enemies":"2 Louse","floor":3.0,"turns":3.0},{"damage":5.0,"enemies":"2 Fungi Beasts","floor":4.0,"turns":4.0},{"damage":5.0,"enemies":"3 Sentries","floor":7.0,"turns":13.0},{"damage":1.0,"enemies":"Blue Slaver","floor":8.0,"turns":3.0},{"damage":10.0,"enemies":"Gremlin Nob","floor":11.0,"turns":4.0},{"damage":6.0,"enemies":"Exordium Thugs","floor":14.0,"turns":4.0},{"damage":13.0,"enemies":"Slime Boss","floor":16.0,"turns":14.0},{"damage":21.0,"enemies":"2 Thieves","floor":18.0,"turns":5.0},{"damage":8.0,"enemies":"Shell Parasite","floor":20.0,"turns":5.0},{"damage":8.0,"enemies":"Chosen and Byrds","floor":21.0,"turns":6.0},{"damage":28.0,"enemies":"Snecko","floor":24.0,"turns":8.0},{"damage":0.0,"enemies":"Cultist and Chosen","floor":28.0,"turns":5.0},{"damage":1.0,"enemies":"Snake Plant","floor":29.0,"turns":4.0},{"damage":4,"enemies":"Centurion and Healer","floor":31,"turns":7},{"damage":7,"enemies":"Champ","floor":33,"turns":9},{"damage":9,"enemies":"3 Darklings","floor":35,"turns":4},{"damage":4,"enemies":"Mind Bloom Boss Battle","floor":37,"turns":7},{"damage":11,"enemies":"3 Shapes","floor":38,"turns":4},{"damage":22,"enemies":"Mysterious Sphere","floor":39,"turns":8},{"damage":9,"enemies":"Reptomancer","floor":41,"turns":7},{"damage":50,"enemies":"Jaw Worm Horde","floor":46,"turns":7},{"damage":38,"enemies":"Transient","floor":47,"turns":3}],"seed_played":"-559093859748711685","potions_obtained":[],"is_trial":false,"path_per_floor":["M","M","M","M","$","R","E","M","T","$","E","R","?","M","R","B",null,"M","?","M","M","$","R","M","R","T","R","M","M","?","M","R","B",null,"M","?","?","M","?","R","M","R","T","?","$","M"],"character_chosen":"DEFECT","items_purchased":["Panacea","Blizzard","Redo+1","Glacier+1","Reinforced Body+1","Impatience+1"],"campfire_rested":5,"item_purchase_floors":[10,22,22,45,45,45],"current_hp_per_floor":[63,60,57,52,52,52,47,46,46,46,36,36,36,30,30,17,61,40,40,32,24,24,46,18,18,18,40,40,39,39,35,57,50,69,60,60,56,45,23,45,36,58,58,58,58,8,0],"gold":24,"neow_bonus":"BOSS_RELIC","is_prod":false,"is_daily":false,"chose_seed":false,"campfire_upgraded":4,"win_rate":0,"timestamp":1535700972,"path_taken":["M","M","M","M","$","R","E","M","T","$","E","R","?","M","R","BOSS","M","?","?","M","$","R","M","R","T","R","M","M","?","M","R","BOSS","M","?","?","M","?","R","M","R","T","?","$","M","M"],"build_version":"2018-08-30","purchased_purges":3,"victory":false,"max_hp_per_floor":[75,75,75,75,75,75,75,75,75,75,75,75,75,75,75,75,75,75,75,75,75,75,75,75,75,75,75,75,75,75,75,75,75,75,75,75,75,75,75,75,75,75,75,75,75,75,75],"card_choices":[{"not_picked":["Fusion","Steam"],"picked":"Glacier","floor":1.0},{"not_picked":["Beam Cell","Conserve Battery"],"picked":"Lockon","floor":2.0},{"not_picked":["Hello World","Beam Cell","Recycle"],"picked":"SKIP","floor":3.0},{"not_picked":["Self Repair","Beam Cell"],"picked":"Defragment","floor":4.0},{"not_picked":["Turbo","Compile Driver"],"picked":"Rainbow","floor":7.0},{"not_picked":["Sweeping Beam","Rebound"],"picked":"Cold Snap","floor":8.0},{"not_picked":["Tempest","Conserve Battery"],"picked":"Coolheaded","floor":11.0},{"not_picked":["Hello World","Ball Lightning"],"picked":"Hologram+1","floor":14.0},{"not_picked":["Thunder Strike","Machine Learning"],"picked":"Seek+1","floor":16.0},{"not_picked":["Rip and Tear","Conserve Battery+1"],"picked":"Capacitor+1","floor":18.0},{"not_picked":["Coolheaded+1","Streamline"],"picked":"Go for the Eyes","floor":20.0},{"not_picked":["Beam Cell","Steam+1"],"picked":"Static Discharge+1","floor":21.0},{"not_picked":["Reinforced Body+1","Streamline"],"picked":"Glacier+1","floor":24.0},{"not_picked":["Go for the Eyes","Sweeping Beam","Sunder"],"picked":"SKIP","floor":28.0},{"not_picked":["Genetic Algorithm+1","Ball Lightning"],"picked":"Compile Driver","floor":29.0},{"not_picked":["Redo+1","Ball Lightning+1"],"picked":"Amplify+1","floor":31},{"not_picked":["Seek+1","Meteor Strike"],"picked":"Electrodynamics","floor":33},{"not_picked":["Rip and Tear+1","Capacitor+1"],"picked":"Force Field+1","floor":35},{"not_picked":["Sunder+1","Steam+1"],"picked":"Stack+1","floor":37},{"not_picked":["Streamline","Static Discharge"],"picked":"Turbo+1","floor":38},{"not_picked":["Reprogram+1","Melter"],"picked":"Defragment","floor":39},{"not_picked":["Fission+1","Genetic Algorithm+1"],"picked":"Stack+1","floor":41},{"not_picked":["Go for the Eyes","Aggregate+1","Streamline"],"picked":"SKIP","floor":46}],"player_experience":284893,"relics_obtained":[{"floor":7.0,"key":"Shovel"},{"floor":9.0,"key":"Anchor"},{"floor":11.0,"key":"Toxic Egg 2"},{"floor":26.0,"key":"Bag of Preparation"},{"floor":37,"key":"Gambling Chip"},{"floor":39,"key":"Unceasing Top"},{"floor":43,"key":"Juzu Bracelet"}],"event_choices":[{"event_name":"The Woman in Blue","player_choice":"Bought 0 Potions","floor":13.0,"damage_taken":0.0},{"event_name":"Upgrade Shrine","player_choice":"Upgraded","floor":19.0,"damage_taken":0.0},{"event_name":"Cursed Tome","player_choice":"Ignored","floor":30,"damage_taken":0},{"event_name":"Purifier","player_choice":"One Purge","floor":36,"damage_taken":0},{"event_name":"MindBloom","player_choice":"Fight","floor":37,"damage_taken":0},{"event_name":"Mysterious Sphere","player_choice":"Fight","floor":39,"damage_taken":0},{"event_name":"Tomb of Lord Red Mask","player_choice":"Ignored","floor":44,"damage_taken":0}],"is_beta":true,"boss_relics":[{"not_picked":["Calling Bell","Fusion Hammer"],"picked":"Black Star"},{"not_picked":["Busted Crown","Philosopher\u0027s Stone"],"picked":"Astrolabe"}],"items_purged_floors":[5,22,45],"is_endless":false,"potions_floor_spawned":[1,7,8,14,21,24,28,33,35,37,38,46],"killed_by":"Transient","ascension_level":13}