{"gold_per_floor":[114,114,128,143,15,15,50,67,67,67,87,87,87,99,99,170,170,190,190,3,3,3,3,3,3,28,28,28,55,18,35,35,106,106,126,126],"floor_reached":36,"playtime":1617,"items_purged":[],"score":680,"play_id":"0b76c395-855c-4dad-acde-f6e93261ad5e","local_time":"20181117130736","is_ascension_mode":true,"campfire_choices":[{"data":"Dagger Spray","floor":6.0,"key":"SMITH"},{"floor":10.0,"key":"REST"},{"floor":13.0,"key":"REST"},{"data":"Neutralize","floor":15.0,"key":"SMITH"},{"data":"Malaise","floor":23.0,"key":"SMITH"},{"data":"HandOfGreed","floor":24.0,"key":"SMITH"},{"floor":25.0,"key":"REST"},{"data":"Glass Knife","floor":27.0,"key":"SMITH"},{"data":"Infinite Blades","floor":32.0,"key":"SMITH"}],"neow_cost":"TEN_PERCENT_HP_LOSS","seed_source_timestamp":1683602762788,"circlet_count":0,"master_deck":["AscendersBane","Defend_G+1","Defend_G+1","Defend_G","Defend_G","Defend_G","Strike_G","Strike_G","Strike_G","Strike_G","Survivor","Neutralize+1","Dagger Spray+1","Well Laid Plans+1","Backstab","Infinite Blades+1","Backflip","Heel Hook+1","Malaise+1","Glass Knife+1","Accuracy+1","HandOfGreed+1","Decay","Infinite Blades","Cloak And Dagger+1","A Thousand Cuts"],"special_seed":0,"relics":["Ring of the Snake","WingedGreaves","Shuriken","Matryoshka","White Beast Statue","Orichalcum","Regal Pillow","Potion Belt","War Paint","Cursed Key"],"potions_floor_usage":[36,36],"damage_taken":[{"damage":0.0,"enemies":"Small Slimes","floor":1.0,"turns":4.0},{"damage":9.0,"enemies":"Jaw Worm","floor":3.0,"turns":5.0},{"damage":2.0,"enemies":"2 Louse","floor":4.0,"turns":2.0},{"damage":36.0,"enemies":"Lagavulin","floor":7.0,"turns":9.0},{"damage":8.0,"enemies":"Blue Slaver","floor":8.0,"turns":4.0},{"damage":3.0,"enemies":"Looter","floor":11.0,"turns":3.0},{"damage":0.0,"enemies":"3 Louse","floor":14.0,"turns":2.0},{"damage":10.0,"enemies":"The Guardian","floor":16.0,"turns":12.0},{"damage":23.0,"enemies":"3 Byrds","floor":18.0,"turns":5.0},{"damage":4.0,"enemies":"Colosseum Slavers","floor":19.0,"turns":3.0},{"damage":7.0,"enemies":"Spheric Guardian","floor":31.0,"turns":3.0},{"damage":26.0,"enemies":"Collector","floor":33.0,"turns":10.0},{"damage":8,"enemies":"Orb Walker","floor":35,"turns":4},{"damage":44,"enemies":"3 Darklings","floor":36,"turns":4}],"seed_played":"586939367351035925","potions_obtained":[{"floor":3.0,"key":"SkillPotion"},{"floor":4.0,"key":"Fire Potion"},{"floor":7.0,"key":"Weak Potion"},{"floor":16.0,"key":"FearPotion"},{"floor":18.0,"key":"Strength Potion"},{"floor":31.0,"key":"FearPotion"},{"floor":33.0,"key":"EssenceOfSteel"},{"floor":35,"key":"Weak Potion"}],"is_trial":false,"path_per_floor":["M","?","M","M","$","R","E","M","T","R","M","?","R","M","R","B",null,"M","?","$","$","?","R","R","R","T","R","$","T","$","M","R","B",null,"M","M"],"character_chosen":"THE_SILENT","items_purchased":["Backstab","Infinite Blades","HandOfGreed","Infinite Blades"],"campfire_rested":3,"item_purchase_floors":[5,5,20,30],"current_hp_per_floor":[59,59,50,48,48,48,12,4,4,22,19,1,19,19,19,9,47,24,20,20,20,20,20,20,38,38,38,38,38,38,31,31,5,46,38,0],"gold":126,"neow_bonus":"ONE_RARE_RELIC","is_prod":false,"is_daily":false,"chose_seed":false,"campfire_upgraded":6,"win_rate":0,"timestamp":1542431256,"path_taken":["M","?","M","M","$","R","E","M","T","R","M","?","R","M","R","BOSS","M","?","?","$","?","R","R","R","T","R","?","?","$","?","R","BOSS","M","M"],"build_version":"2018-11-15","purchased_purges":0,"victory":false,"max_hp_per_floor":[60,60,60,60,60,60,60,60,60,60,60,60,60,60,60,60,60,60,60,60,60,60,60,60,60,60,60,60,60,60,60,60,60,60,60,60],"card_choices":[{"not_picked":["Outmaneuver","Riddle With Holes","PiercingWail"],"picked":"SKIP","floor":1.0},{"not_picked":["Blade Dance","Dodge and Roll"],"picked":"Well Laid Plans","floor":3.0},{"not_picked":["Slice","Well Laid Plans","Prepared"],"picked":"SKIP","floor":4.0},{"not_picked":["Distraction","Outmaneuver","Infinite Blades"],"picked":"SKIP","floor":7.0},{"not_picked":["Escape Plan","Dagger Spray"],"picked":"Backflip","floor":8.0},{"not_picked":["Flechettes","Calculated Gamble"],"picked":"Heel Hook","floor":11.0},{"not_picked":["Dagger Spray","Setup"],"picked":"Malaise","floor":14.0},{"not_picked":["Unload","Night Terror"],"picked":"Glass Knife","floor":16.0},{"not_picked":["Reflex","Prepared"],"picked":"Accuracy+1","floor":18.0},{"not_picked":["Dodge and Roll","Acrobatics"],"picked":"Cloak And Dagger+1","floor":31.0},{"not_picked":["Venomology","Adrenaline"],"picked":"A Thousand Cuts","floor":33.0},{"not_picked":["Sucker Punch","Quick Slash","Concentrate"],"picked":"SKIP","floor":35}],"player_experience":545260,"relics_obtained":[{"floor":7.0,"key":"Shuriken"},{"floor":9.0,"key":"Matryoshka"},{"floor":26.0,"key":"Orichalcum"},{"floor":26.0,"key":"Regal Pillow"},{"floor":29.0,"key":"Potion Belt"},{"floor":29.0,"key":"War Paint"}],"event_choices":[{"damage_healed":0.0,"max_hp_gain":0.0,"max_hp_loss":0.0,"gold_gain":0.0,"cards_transformed":["Strike_G"],"event_name":"Living Wall","player_choice":"Change","floor":2.0,"gold_loss":0.0,"damage_taken":0.0,"cards_obtained":["Dagger Spray"]},{"damage_healed":0.0,"max_hp_gain":0.0,"max_hp_loss":0.0,"gold_gain":0.0,"event_name":"Shining Light","player_choice":"Entered Light","floor":12.0,"gold_loss":0.0,"damage_taken":18.0,"cards_upgraded":["Heel Hook","Well Laid Plans"]},{"damage_healed":0.0,"max_hp_gain":0.0,"max_hp_loss":0.0,"gold_gain":0.0,"event_name":"Colosseum","player_choice":"Fight","floor":19.0,"gold_loss":0.0,"damage_taken":0.0},{"damage_healed":0.0,"max_hp_gain":0.0,"max_hp_loss":0.0,"gold_gain":0.0,"event_name":"Colosseum","player_choice":"Fled From Nobs","floor":19.0,"gold_loss":0.0,"damage_taken":0.0},{"damage_healed":0.0,"max_hp_gain":0.0,"max_hp_loss":0.0,"gold_gain":0.0,"event_name":"Forgotten Altar","player_choice":"Smashed Altar","floor":22.0,"gold_loss":0.0,"damage_taken":0.0,"cards_obtained":["Decay"]}],"is_beta":true,"boss_relics":[{"not_picked":["Lizard Tail","Orrery"],"picked":"White Beast Statue"},{"not_picked":["Sozu","Ring of the Serpent"],"picked":"Cursed Key"}],"items_purged_floors":[],"is_endless":false,"potions_floor_spawned":[3,4,7,16,18,19,31,33,35],"killed_by":"3 Darklings","ascension_level":18}