{"gold_per_floor":[113,132,132,232,2,30,30,30,30,41,59,59,93,110,110,213,213,229,229,34,34,34,50,50,67,67,67,67,131,131,204,204,308,308,327,350,361,72,90,90,90,90,90,103,103,19,32,47,47,47],"floor_reached":51,"playtime":2267,"items_purged":[],"score":788,"play_id":"dce29523-752b-4915-a79e-32bf7b8f503f","local_time":"20180718211437","is_ascension_mode":true,"campfire_choices":[{"data":"Double Energy","floor":7.0,"key":"SMITH"},{"data":"Steam Power","floor":12.0,"key":"SMITH"},{"data":"Darkness","floor":15.0,"key":"SMITH"},{"data":"Seek","floor":24.0,"key":"SMITH"},{"data":"Darkness","floor":28,"key":"SMITH"},{"data":"Defragment","floor":30,"key":"SMITH"},{"data":"Beam Cell","floor":32,"key":"SMITH"},{"data":"Capacitor","floor":40,"key":"SMITH"},{"floor":45,"key":"REST"},{"floor":49,"key":"REST"}],"neow_cost":"NONE","seed_source_timestamp":40823836877851,"circlet_count":0,"master_deck":["Dualcast","Double Energy+1","Turbo","Cold Snap","Steam Power+1","Darkness+1","Sunder","Hello World","Conserve Battery","Seek+1","Streamline","Steam","Beam Cell+1","Conserve Battery","Darkness+1","Cold Snap","Defragment+1","Reprogram","FTL","Steam Power","Electrodynamics","Stack+1","Echo Form+1","Fusion+1","Turbo","Force Field+1","Glacier","Capacitor+1","Reboot","Heatsinks","Compile Driver","Consume","Madness","Madness","Auto Shields","Defragment","Coolheaded","Defragment","Capacitor+1"],"special_seed":0,"relics":["Cracked Core","NeowsBlessing","DataDisk","Ginger","Sundial","The Courier","Pandora\u0027s Box","Symbiotic Virus","Bronze Scales","Question Card","Tiny Chest","Cables","Astrolabe","Happy Flower","Bottled Lightning"],"potions_floor_usage":[50,50],"damage_taken":[{"damage":0.0,"enemies":"2 Louse","floor":1.0,"turns":1.0},{"damage":0.0,"enemies":"Cultist","floor":2.0,"turns":1.0},{"damage":0.0,"enemies":"Gremlin Nob","floor":6.0,"turns":1.0},{"damage":0.0,"enemies":"Small Slimes","floor":10.0,"turns":2.0},{"damage":1.0,"enemies":"Looter","floor":11.0,"turns":2.0},{"damage":27.0,"enemies":"Lagavulin","floor":13.0,"turns":5.0},{"damage":0.0,"enemies":"Large Slime","floor":14.0,"turns":4.0},{"damage":27.0,"enemies":"Hexaghost","floor":16.0,"turns":9.0},{"damage":1.0,"enemies":"Spheric Guardian","floor":18.0,"turns":3.0},{"damage":0.0,"enemies":"3 Byrds","floor":23.0,"turns":2.0},{"damage":7,"enemies":"Snecko","floor":25,"turns":4},{"damage":12,"enemies":"Book of Stabbing","floor":29,"turns":4},{"damage":29,"enemies":"Collector","floor":33,"turns":9},{"damage":25,"enemies":"Flame Bruiser 1 Orb","floor":35,"turns":4},{"damage":25,"enemies":"3 Darklings","floor":37,"turns":4},{"damage":0,"enemies":"Maw","floor":39,"turns":7},{"damage":4,"enemies":"Flame Bruiser 2 Orb","floor":44,"turns":4},{"damage":0,"enemies":"4 Shapes","floor":47,"turns":3},{"damage":0,"enemies":"Maw","floor":48,"turns":7},{"damage":12,"enemies":"Time Eater","floor":50,"turns":7}],"seed_played":"2133445393865187509","potions_obtained":[{"floor":1.0,"key":"SteroidPotion"},{"floor":10.0,"key":"Weak Potion"},{"floor":18.0,"key":"Explosive Potion"},{"floor":25,"key":"Block Potion"}],"is_trial":false,"path_per_floor":["M","M","?","?","$","E","R","?","T","M","M","R","E","M","R","B",null,"M","?","$","?","?","M","R","M","T","?","R","E","R","T","R","B",null,"M","T","M","$","M","R","?","?","T","M","R","$","M","M","R","B"],"character_chosen":"DEFECT","items_purchased":["Cold Snap","Hologram","DataDisk","Symbiotic Virus","Glacier","Capacitor","Reboot","Heatsinks","Compile Driver","Defragment","Coolheaded"],"campfire_rested":2,"item_purchase_floors":[5,5,5,20,38,38,38,38,38,46,46],"current_hp_per_floor":[75,75,75,75,75,75,75,75,75,75,74,74,47,47,47,20,75,74,75,75,75,75,75,75,68,68,75,75,63,63,63,63,34,75,50,50,25,25,25,25,25,16,16,12,34,34,34,34,56,44],"gold":47,"neow_bonus":"THREE_ENEMY_KILL","is_prod":false,"is_daily":false,"chose_seed":false,"campfire_upgraded":8,"win_rate":0,"timestamp":1531919677,"path_taken":["M","M","?","?","$","E","R","?","T","M","M","R","E","M","R","BOSS","M","?","$","?","?","?","R","M","T","?","R","E","R","?","R","BOSS","M","?","M","?","M","R","?","?","T","M","R","$","M","M","R","BOSS"],"build_version":"2018-07-12","purchased_purges":0,"victory":true,"max_hp_per_floor":[75,75,75,75,75,75,75,75,75,75,75,75,75,75,75,75,75,75,75,75,75,75,75,75,75,75,75,75,75,75,75,75,75,75,75,75,75,75,75,75,75,75,75,75,75,75,75,75,75,75],"card_choices":[{"not_picked":["Rebound","Compile Driver"],"picked":"Double Energy","floor":1.0},{"not_picked":["Consume","Beam Cell"],"picked":"Turbo","floor":2.0},{"not_picked":["Barrage","Core Surge"],"picked":"Steam Power","floor":6.0},{"not_picked":["Rebound","Turbo"],"picked":"Darkness","floor":10.0},{"not_picked":["Rip and Tear","Conserve Battery"],"picked":"Sunder","floor":11.0},{"not_picked":["Genetic Algorithm","Melter"],"picked":"Hello World","floor":13.0},{"not_picked":["Lockon","Leap"],"picked":"Conserve Battery","floor":14.0},{"not_picked":["Rainbow","Thunder Strike"],"picked":"Seek","floor":16.0},{"not_picked":["Chill+1","Consume"],"picked":"Cold Snap","floor":18.0},{"not_picked":["Cold Snap","Conserve Battery"],"picked":"Reprogram","floor":23.0},{"not_picked":["Hologram+1","Go for the Eyes"],"picked":"FTL","floor":25},{"not_picked":["Electrodynamics","Cold Snap","Doom and Gloom+1"],"picked":"Steam Power","floor":29},{"not_picked":["Thunder Strike","Rainbow","Buffer"],"picked":"Electrodynamics","floor":33},{"not_picked":["Rebound+1","Stack+1","Barrage"],"picked":"Turbo","floor":35},{"not_picked":["Self Repair","Consume","Steam+1"],"picked":"Force Field+1","floor":37},{"not_picked":["Redo+1","Sweeping Beam","Echo Form"],"picked":"Consume","floor":39},{"not_picked":["Turbo+1","Streamline","Gash+1"],"picked":"Auto Shields","floor":44},{"not_picked":["Gash","BootSequence+1","Electrodynamics"],"picked":"Defragment","floor":47},{"not_picked":["Consume","Coolheaded+1","Tempest"],"picked":"Capacitor+1","floor":48}],"player_experience":108872,"relics_obtained":[{"floor":6.0,"key":"Ginger"},{"floor":9.0,"key":"Sundial"},{"floor":13.0,"key":"The Courier"},{"floor":26,"key":"Question Card"},{"floor":29,"key":"Tiny Chest"},{"floor":31,"key":"Cables"},{"floor":36,"key":"Happy Flower"},{"floor":43,"key":"Bottled Lightning"}],"event_choices":[{"event_name":"Purifier","player_choice":"One Purge","floor":3.0,"damage_taken":0.0},{"event_name":"Wheel of Change","player_choice":"Gold","floor":4.0,"damage_taken":0.0},{"event_name":"Transmorgrifier","player_choice":"Transform","floor":8.0,"damage_taken":0.0},{"event_name":"Bonfire Elementals","player_choice":"COMMON","floor":19.0,"damage_taken":0.0},{"event_name":"The Mausoleum","player_choice":"Yes","floor":21.0,"damage_taken":0.0},{"event_name":"The Library","player_choice":"Read","floor":22.0,"damage_taken":0.0},{"event_name":"Wheel of Change","player_choice":"Full Heal","floor":27,"damage_taken":0},{"event_name":"The Woman in Blue","player_choice":"Bought 0 Potions","floor":41,"damage_taken":0},{"event_name":"Winding Halls","player_choice":"Embrace Madness","floor":42,"damage_taken":0}],"boss_relics":[{"not_picked":["Fusion Hammer","Runic Dome"],"picked":"Pandora\u0027s Box"},{"not_picked":["Velvet Choker","Calling Bell"],"picked":"Astrolabe"}],"items_purged_floors":[],"is_endless":false,"potions_floor_spawned":[1,10,18,25,37],"ascension_level":2}