{"gold_per_floor":[115,127,127,137,23,55,72,72,152,152,162,191,191,204,204,283,283,300,69,119,119,33,33,65,81,81,81,81,81,98,117,117,189,189,201,201,215,13,13,45,45,45,45,62,62,62,79,0,0,0],"floor_reached":50,"playtime":2960,"items_purged":[],"score":1021,"play_id":"5b510fa7-e241-4535-bab5-88bb36bf9264","local_time":"20181209170558","is_ascension_mode":true,"campfire_choices":[{"data":"Sunder","floor":8.0,"key":"SMITH"},{"data":"Multi-Cast","floor":10.0,"key":"SMITH"},{"floor":13.0,"key":"REST"},{"data":"Beam Cell","floor":15.0,"key":"SMITH"},{"data":"Loop","floor":23.0,"key":"SMITH"},{"data":"Multi-Cast","floor":27.0,"key":"SMITH"},{"data":"Darkness","floor":32.0,"key":"SMITH"},{"floor":42.0,"key":"REST"},{"data":"Apotheosis","floor":46.0,"key":"SMITH"},{"floor":49.0,"key":"RECALL"}],"neow_cost":"NONE","seed_source_timestamp":0,"circlet_count":0,"master_deck":["AscendersBane","Zap","Dualcast","Multi-Cast+1","Redo","Cold Snap","Reboot+1","Doom and Gloom","Glacier","Beam Cell+1","Electrodynamics","All For One","Chill","Sweeping Beam","Turbo","Go for the Eyes","Hologram","Ball Lightning","Go for the Eyes","Stack+1","Leap+1","FTL","Gash","Steam","Capacitor","Loop+1","Multi-Cast+1","Turbo+1","Auto Shields","Reprogram","Darkness+1","Multi-Cast","Coolheaded+1","Apotheosis+1","Seek","Glacier","Stack+1"],"special_seed":0,"relics":["Cracked Core","Shuriken","Centennial Puzzle","Bottled Lightning","Prayer Wheel","Pandora\u0027s Box","Pocketwatch","Matryoshka","Philosopher\u0027s Stone","War Paint","Meat on the Bone","Red Mask"],"potions_floor_usage":[50],"damage_taken":[{"damage":6.0,"enemies":"Cultist","floor":1.0,"turns":3.0},{"damage":16.0,"enemies":"Small Slimes","floor":2.0,"turns":4.0},{"damage":0.0,"enemies":"2 Louse","floor":4.0,"turns":3.0},{"damage":9.0,"enemies":"3 Sentries","floor":6.0,"turns":6.0},{"damage":0.0,"enemies":"Exordium Thugs","floor":7.0,"turns":4.0},{"damage":6.0,"enemies":"3 Louse","floor":11.0,"turns":2.0},{"damage":22.0,"enemies":"Gremlin Nob","floor":12.0,"turns":4.0},{"damage":0.0,"enemies":"Exordium Wildlife","floor":14.0,"turns":3.0},{"damage":13.0,"enemies":"Slime Boss","floor":16.0,"turns":9.0},{"damage":8.0,"enemies":"Shell Parasite","floor":18.0,"turns":4.0},{"damage":12.0,"enemies":"Gremlin Leader","floor":24.0,"turns":4.0},{"damage":8.0,"enemies":"Spheric Guardian","floor":25.0,"turns":4.0},{"damage":1.0,"enemies":"3 Cultists","floor":30.0,"turns":3.0},{"damage":0.0,"enemies":"Cultist and Chosen","floor":31.0,"turns":4.0},{"damage":2.0,"enemies":"Champ","floor":33.0,"turns":7.0},{"damage":16.0,"enemies":"Orb Walker","floor":35.0,"turns":4.0},{"damage":2.0,"enemies":"3 Shapes","floor":37.0,"turns":3.0},{"damage":21.0,"enemies":"Nemesis","floor":40.0,"turns":7.0},{"damage":20.0,"enemies":"Sphere and 2 Shapes","floor":44.0,"turns":5.0},{"damage":18.0,"enemies":"Spire Growth","floor":47.0,"turns":3.0},{"damage":8,"enemies":"Awakened One","floor":50,"turns":6}],"seed_played":"-2337842456350827331","potions_obtained":[{"floor":2.0,"key":"Fire Potion"},{"floor":11.0,"key":"FocusPotion"},{"floor":14.0,"key":"Explosive Potion"},{"floor":16.0,"key":"Block Potion"},{"floor":30.0,"key":"Block Potion"},{"floor":31.0,"key":"Block Potion"},{"floor":35.0,"key":"SkillPotion"},{"floor":40.0,"key":"PowerPotion"}],"is_trial":false,"path_per_floor":["M","M","T","M","$","E","M","R","T","R","M","E","R","M","R","B",null,"M","$","?","?","$","R","E","M","T","R","?","?","M","M","R","B",null,"M","?","M","$","?","E","$","R","T","M","$","R","M","?","R","B"],"character_chosen":"DEFECT","items_purchased":["Doom and Gloom","Sunder","FTL","Gash","Steam","Capacitor","Loop","Apotheosis"],"campfire_rested":2,"item_purchase_floors":[5,5,19,19,19,19,22,38],"current_hp_per_floor":[58,42,42,42,42,33,33,33,33,33,27,5,26,26,26,13,57,49,49,49,49,49,49,37,29,29,29,29,9,8,8,8,6,59,43,43,41,41,41,20,20,42,42,34,34,34,28,28,28,20],"gold":0,"neow_bonus":"ONE_RANDOM_RARE_CARD","is_prod":false,"is_daily":false,"chose_seed":false,"campfire_upgraded":7,"win_rate":0,"timestamp":1544346358,"path_taken":["M","?","?","?","$","E","M","R","T","R","M","E","R","M","R","BOSS","M","$","?","?","$","R","E","M","T","R","?","?","M","M","R","BOSS","M","?","M","?","?","E","$","R","T","?","$","R","M","?","R","BOSS"],"build_version":"2018-12-06","purchased_purges":0,"victory":false,"max_hp_per_floor":[71,71,71,71,71,71,71,71,71,71,71,71,71,71,71,71,71,71,71,71,71,71,71,71,71,71,71,71,76,76,76,76,76,76,76,76,76,76,76,76,76,76,76,76,76,76,76,76,76,76],"card_choices":[{"not_picked":["Coolheaded","Gash"],"picked":"Redo","floor":1.0},{"not_picked":["Turbo","Barrage"],"picked":"Cold Snap","floor":2.0},{"not_picked":["Compile Driver","Storm"],"picked":"Reboot","floor":4.0},{"not_picked":["Leap","Compile Driver"],"picked":"Glacier","floor":6.0},{"not_picked":["Barrage","Gash","Stack"],"picked":"SKIP","floor":7.0},{"not_picked":["Leap","Conserve Battery"],"picked":"Beam Cell","floor":11.0},{"not_picked":["Beam Cell","Streamline"],"picked":"Electrodynamics","floor":12.0},{"not_picked":["Reprogram","Turbo","Barrage"],"picked":"SKIP","floor":14.0},{"not_picked":["Redo","Go for the Eyes","Double Energy"],"picked":"SKIP","floor":14.0},{"not_picked":["Reboot","Seek"],"picked":"All For One","floor":16.0},{"not_picked":["Recycle","Rebound"],"picked":"Stack+1","floor":18.0},{"not_picked":["Go for the Eyes","White Noise"],"picked":"Leap","floor":18.0},{"not_picked":["Capacitor","Cold Snap"],"picked":"Multi-Cast","floor":24.0},{"not_picked":["Rebound","Compile Driver"],"picked":"Turbo+1","floor":25.0},{"not_picked":["Hologram","Fusion"],"picked":"Auto Shields","floor":25.0},{"not_picked":["Creative AI","Go for the Eyes"],"picked":"Reprogram","floor":30.0},{"not_picked":["Sweeping Beam","Sunder+1","Turbo"],"picked":"SKIP","floor":30.0},{"not_picked":["Steam","Turbo"],"picked":"Darkness","floor":31.0},{"not_picked":["Tempest","BootSequence","Sweeping Beam+1"],"picked":"SKIP","floor":31.0},{"not_picked":["Machine Learning","Core Surge"],"picked":"Multi-Cast","floor":33.0},{"not_picked":["Doom and Gloom+1","Streamline+1","Ball Lightning"],"picked":"SKIP","floor":35.0},{"not_picked":["Steam","Rebound","Ball Lightning"],"picked":"SKIP","floor":35.0},{"not_picked":["Aggregate+1","Ball Lightning+1"],"picked":"Coolheaded+1","floor":37.0},{"not_picked":["Streamline","White Noise","Melter"],"picked":"SKIP","floor":37.0},{"not_picked":["Stack","Tempest+1"],"picked":"Seek","floor":40.0},{"not_picked":["Stack","Ball Lightning","Coolheaded"],"picked":"SKIP","floor":44.0},{"not_picked":["Self Repair","Storm+1","Conserve Battery"],"picked":"SKIP","floor":44.0},{"not_picked":["Chaos+1","Coolheaded"],"picked":"Glacier","floor":47.0},{"not_picked":["Sunder","Static Discharge+1"],"picked":"Stack+1","floor":47.0}],"player_experience":605596,"relics_obtained":[{"floor":3.0,"key":"Shuriken"},{"floor":6.0,"key":"Centennial Puzzle"},{"floor":9.0,"key":"Bottled Lightning"},{"floor":12.0,"key":"Prayer Wheel"},{"floor":24.0,"key":"Pocketwatch"},{"floor":26.0,"key":"Matryoshka"},{"floor":40.0,"key":"War Paint"},{"floor":43.0,"key":"Meat on the Bone"}],"event_choices":[{"damage_healed":0.0,"max_hp_gain":0.0,"max_hp_loss":0.0,"gold_gain":50.0,"event_name":"Nest","player_choice":"Stole From Cult","floor":20.0,"gold_loss":0.0,"damage_taken":0.0},{"damage_healed":0.0,"max_hp_gain":0.0,"max_hp_loss":0.0,"gold_gain":0.0,"event_name":"Ghosts","player_choice":"Ignored","floor":21.0,"gold_loss":0.0,"damage_taken":0.0},{"damage_healed":0.0,"max_hp_gain":0.0,"max_hp_loss":0.0,"gold_gain":0.0,"event_name":"The Mausoleum","player_choice":"Ignored","floor":28.0,"gold_loss":0.0,"damage_taken":0.0},{"damage_healed":0.0,"max_hp_gain":5.0,"max_hp_loss":0.0,"gold_gain":0.0,"event_name":"Forgotten Altar","player_choice":"Shed Blood","floor":29.0,"gold_loss":0.0,"damage_taken":25.0},{"cards_removed":["Barrage"],"damage_healed":0.0,"max_hp_gain":0.0,"max_hp_loss":0.0,"gold_gain":0.0,"event_name":"Purifier","player_choice":"Purged","floor":36.0,"gold_loss":0.0,"damage_taken":0.0},{"cards_removed":["Sunder"],"damage_healed":0.0,"max_hp_gain":0.0,"max_hp_loss":0.0,"gold_gain":0.0,"event_name":"Falling","player_choice":"Removed Attack","floor":39.0,"gold_loss":0.0,"damage_taken":0.0},{"damage_healed":0.0,"max_hp_gain":0.0,"max_hp_loss":0.0,"gold_gain":0.0,"event_name":"Tomb of Lord Red Mask","player_choice":"Paid","floor":48.0,"gold_loss":79.0,"damage_taken":0.0,"relics_obtained":["Red Mask"]}],"is_beta":true,"boss_relics":[{"not_picked":["Runic Pyramid","Eternal Feather"],"picked":"Pandora\u0027s Box"},{"not_picked":["Astrolabe","Sozu"],"picked":"Philosopher\u0027s Stone"}],"items_purged_floors":[],"is_endless":false,"potions_floor_spawned":[2,11,14,16,18,30,31,35,40],"killed_by":"Awakened One","ascension_level":20}