{"gold_per_floor":[13,27,27,45,61,92,92,118,172,192,209,227,246,246,246,343,343,361,380,176,176,276,276,303,303,303,332,332,332,332,344,344,344],"floor_reached":33,"playtime":1676,"items_purged":[],"score":475,"play_id":"26d83881-13fa-4585-9f2d-8f3b258b4ca6","local_time":"20180831085920","is_ascension_mode":true,"campfire_choices":[{"data":"White Noise","floor":7.0,"key":"SMITH"},{"floor":15.0,"key":"REST"},{"data":"Glacier","floor":23.0,"key":"SMITH"},{"floor":25.0,"key":"REST"},{"floor":32.0,"key":"REST"}],"neow_cost":"NO_GOLD","seed_source_timestamp":0,"circlet_count":0,"master_deck":["Strike_B+1","Defend_B+1","Defend_B+1","Defend_B+1","Defend_B+1","Zap","Dualcast","AscendersBane","White Noise","Redo+1","Glacier+1","Coolheaded","Cold Snap+1","White Noise+1","Reinforced Body","Lockon+1","Consume","Ball Lightning","Reboot","Redo","Sweeping Beam","Hologram","Electrodynamics","Go for the Eyes","Aggregate","Creative AI","Stack","Chaos","Glacier","Auto Shields","Force Field+1","Chill"],"special_seed":0,"relics":["Cracked Core","Dream Catcher","Bag of Marbles","Sozu","Whetstone","Molten Egg 2","Orichalcum","Shuriken"],"potions_floor_usage":[33],"damage_taken":[{"damage":3.0,"enemies":"2 Louse","floor":1.0,"turns":2.0},{"damage":0.0,"enemies":"Small Slimes","floor":2.0,"turns":3.0},{"damage":0.0,"enemies":"Cultist","floor":4.0,"turns":3.0},{"damage":8.0,"enemies":"2 Fungi Beasts","floor":5.0,"turns":4.0},{"damage":24.0,"enemies":"Gremlin Nob","floor":6.0,"turns":5.0},{"damage":16.0,"enemies":"3 Sentries","floor":8.0,"turns":13.0},{"damage":10.0,"enemies":"Exordium Wildlife","floor":10.0,"turns":6.0},{"damage":4.0,"enemies":"Red Slaver","floor":11.0,"turns":5.0},{"damage":0.0,"enemies":"3 Louse","floor":12.0,"turns":1.0},{"damage":0.0,"enemies":"Looter","floor":13.0,"turns":2.0},{"damage":6.0,"enemies":"Slime Boss","floor":16.0,"turns":7.0},{"damage":16.0,"enemies":"2 Thieves","floor":18.0,"turns":4.0},{"damage":5.0,"enemies":"3 Byrds","floor":19.0,"turns":3.0},{"damage":15.0,"enemies":"Book of Stabbing","floor":24.0,"turns":6.0},{"damage":27.0,"enemies":"Gremlin Leader","floor":27.0,"turns":9.0},{"damage":0.0,"enemies":"Centurion and Healer","floor":31.0,"turns":9.0},{"damage":48,"enemies":"Collector","floor":33,"turns":5}],"seed_played":"-1088126344356730715","potions_obtained":[{"floor":1.0,"key":"Swift Potion"},{"floor":5.0,"key":"Regen Potion"},{"floor":8.0,"key":"Explosive Potion"},{"floor":13.0,"key":"Explosive Potion"}],"is_trial":false,"path_per_floor":["M","M","?","M","M","E","R","E","T","M","M","M","M","?","R","B",null,"M","M","$","?","?","R","E","R","T","E","?","T","?","M","R"],"character_chosen":"DEFECT","items_purchased":["Aggregate","Creative AI","Stack"],"campfire_rested":3,"item_purchase_floors":[20,20,20],"current_hp_per_floor":[65,65,50,50,49,39,39,23,23,13,9,9,9,9,31,25,63,47,42,42,42,42,42,34,56,56,29,29,29,15,15,39,0],"gold":344,"neow_bonus":"TRANSFORM_TWO_CARDS","is_prod":false,"is_daily":false,"chose_seed":false,"campfire_upgraded":2,"win_rate":0,"timestamp":1535677160,"path_taken":["M","M","?","M","M","E","R","E","T","M","M","M","?","?","R","BOSS","M","M","$","?","?","R","E","R","T","E","?","?","?","M","R","BOSS"],"build_version":"2018-08-29","purchased_purges":0,"victory":false,"max_hp_per_floor":[75,75,75,75,75,75,75,75,75,75,75,75,75,75,75,75,75,75,75,75,75,75,75,75,75,75,75,75,75,80,80,80,80],"card_choices":[{"not_picked":["Tempest","Compile Driver"],"picked":"Glacier","floor":1.0},{"not_picked":["Cold Snap","Streamline"],"picked":"Coolheaded","floor":2.0},{"not_picked":["White Noise","Undo"],"picked":"Cold Snap","floor":4.0},{"not_picked":["Redo","Gash"],"picked":"White Noise","floor":5.0},{"not_picked":["Self Repair","Consume"],"picked":"Reinforced Body","floor":6.0},{"not_picked":["Steam","Leap"],"picked":"Lockon","floor":8.0},{"not_picked":["Coolheaded","Redo"],"picked":"Consume","floor":10.0},{"not_picked":["Coolheaded","Sweeping Beam"],"picked":"Ball Lightning","floor":11.0},{"not_picked":["Compile Driver","Self Repair"],"picked":"Reboot","floor":12.0},{"not_picked":["Gash","Barrage"],"picked":"Redo","floor":13.0},{"not_picked":["Aggregate","Streamline"],"picked":"Hologram","floor":15.0},{"not_picked":["Core Surge","Biased Cognition"],"picked":"Electrodynamics","floor":16.0},{"not_picked":["Hologram","Redo"],"picked":"Go for the Eyes","floor":18.0},{"not_picked":["Coolheaded","Cold Snap","Go for the Eyes"],"picked":"SKIP","floor":19.0},{"not_picked":["Steam Power","Stack"],"picked":"Chaos","floor":24.0},{"not_picked":["Chill","Static Discharge+1"],"picked":"Glacier","floor":25.0},{"not_picked":["Coolheaded+1","Stack"],"picked":"Auto Shields","floor":27.0},{"not_picked":["Skim","Loop"],"picked":"Force Field+1","floor":31.0},{"not_picked":["Glacier","Fusion+1"],"picked":"Chill","floor":32.0}],"player_experience":277781,"relics_obtained":[{"floor":6.0,"key":"Dream Catcher"},{"floor":9.0,"key":"Bag of Marbles"},{"floor":24.0,"key":"Whetstone"},{"floor":26.0,"key":"Molten Egg 2"},{"floor":27.0,"key":"Orichalcum"},{"floor":29.0,"key":"Shuriken"}],"event_choices":[{"event_name":"Shining Light","player_choice":"Entered Light","floor":3.0,"damage_taken":0.0},{"event_name":"Living Wall","player_choice":"Change","floor":14.0,"damage_taken":0.0},{"event_name":"Back to Basics","player_choice":"Simplicity","floor":21.0,"damage_taken":0.0},{"event_name":"Golden Shrine","player_choice":"Pray","floor":22.0,"damage_taken":0.0},{"event_name":"Ghosts","player_choice":"Ignored","floor":28.0,"damage_taken":0.0},{"event_name":"Forgotten Altar","player_choice":"Shed Blood","floor":30.0,"damage_taken":0.0}],"is_beta":true,"boss_relics":[{"not_picked":["Ectoplasm","Nuclear Battery"],"picked":"Sozu"}],"items_purged_floors":[],"is_endless":false,"potions_floor_spawned":[1,5,8,13,16,19,31],"killed_by":"Collector","ascension_level":12}