{"gold_per_floor":[359,56,75,90,90,121,121,150,176,208,227,227,238,98,98,176,176,190,202,77,77,90,90,90,90,90,90,108,133,133,54,54,128,128,140,140,156,169,179,205,205,231,231,156,5,16,16,16,16,16],"floor_reached":50,"playtime":2853,"items_purged":["Strike_B","Consume","Zap"],"score":1151,"play_id":"4e4336ad-0c77-44ab-b2a4-83be755e0464","local_time":"20181231204320","is_ascension_mode":true,"campfire_choices":[{"floor":7.0,"key":"REST"},{"data":"Hyperbeam","floor":12.0,"key":"SMITH"},{"floor":15.0,"key":"REST"},{"data":"Hologram","floor":23.0,"key":"SMITH"},{"data":"Hologram","floor":25.0,"key":"SMITH"},{"floor":30.0,"key":"REST"},{"floor":32.0,"key":"REST"},{"data":"Reinforced Body","floor":41.0,"key":"SMITH"},{"data":"Hyperbeam","floor":49.0,"key":"SMITH"}],"neow_cost":"PERCENT_DAMAGE","seed_source_timestamp":30633653146656,"circlet_count":0,"master_deck":["AscendersBane","Strike_B","Strike_B","Defend_B","Defend_B","Defend_B","Defend_B","Dualcast+1","Echo Form","Hologram+1","Hyperbeam+1","Conserve Battery","Beam Cell+1","Hologram+1","Leap+1","Loop","Recycle","Reinforced Body+1","Coolheaded+1","Hyperbeam+1"],"special_seed":0,"relics":["Cracked Core","Oddly Smooth Stone","Vajra","Centennial Puzzle","Orichalcum","Snecko Eye","Singing Bowl","Gambling Chip","Blue Candle","Coffee Dripper","Lantern","Bag of Marbles","War Paint"],"potions_floor_usage":[50],"damage_taken":[{"damage":9.0,"enemies":"2 Louse","floor":1.0,"turns":2.0},{"damage":11.0,"enemies":"Small Slimes","floor":3.0,"turns":4.0},{"damage":0.0,"enemies":"Cultist","floor":4.0,"turns":3.0},{"damage":13.0,"enemies":"3 Sentries","floor":6.0,"turns":6.0},{"damage":8.0,"enemies":"Lagavulin","floor":8.0,"turns":7.0},{"damage":14.0,"enemies":"Gremlin Nob","floor":10.0,"turns":3.0},{"damage":2.0,"enemies":"Exordium Thugs","floor":11.0,"turns":3.0},{"damage":1.0,"enemies":"3 Louse","floor":13.0,"turns":4.0},{"damage":10.0,"enemies":"The Guardian","floor":16.0,"turns":9.0},{"damage":2.0,"enemies":"Chosen","floor":18.0,"turns":4.0},{"damage":11.0,"enemies":"Shell Parasite","floor":19.0,"turns":3.0},{"damage":0.0,"enemies":"Snecko","floor":22.0,"turns":4.0},{"damage":0.0,"enemies":"3 Cultists","floor":28.0,"turns":2.0},{"damage":7.0,"enemies":"Book of Stabbing","floor":29.0,"turns":4.0},{"damage":1.0,"enemies":"Collector","floor":33.0,"turns":4.0},{"damage":1.0,"enemies":"Orb Walker","floor":35.0,"turns":4.0},{"damage":0.0,"enemies":"3 Darklings","floor":37.0,"turns":1.0},{"damage":12.0,"enemies":"Writhing Mass","floor":38.0,"turns":5.0},{"damage":1.0,"enemies":"Maw","floor":39.0,"turns":7.0},{"damage":60.0,"enemies":"Nemesis","floor":40.0,"turns":9.0},{"damage":0.0,"enemies":"Reptomancer","floor":42.0,"turns":3.0},{"damage":0.0,"enemies":"Spire Growth","floor":46.0,"turns":3.0},{"damage":38,"enemies":"Time Eater","floor":50,"turns":13}],"seed_played":"-1230138559016840227","potions_obtained":[{"floor":3.0,"key":"Fire Potion"},{"floor":4.0,"key":"Weak Potion"},{"floor":8.0,"key":"Fire Potion"},{"floor":11.0,"key":"Ancient Potion"},{"floor":13.0,"key":"Swift Potion"},{"floor":19.0,"key":"PowerPotion"},{"floor":33.0,"key":"SkillPotion"},{"floor":40.0,"key":"Regen Potion"}],"is_trial":false,"path_per_floor":["M","$","M","M","?","E","R","T","E","M","R","M","$","R","B",null,"M","M","?","M","R","T","R","T","?","M","E","R","$","R","B",null,"M","?","M","M","E","R","E","T","$","?","$","R"],"character_chosen":"DEFECT","items_purchased":["Echo Form","Hologram","Loop","Recycle","Hyperbeam"],"campfire_rested":4,"item_purchase_floors":[2,2,14,31,45],"current_hp_per_floor":[37,37,26,26,26,13,34,26,26,12,10,10,9,9,30,20,58,56,45,45,45,45,45,45,45,45,25,27,22,46,46,70,69,77,78,92,94,82,83,25,25,25,25,25,25,27,29,29,29,6],"gold":16,"neow_bonus":"TWO_FIFTY_GOLD","is_prod":false,"is_daily":false,"chose_seed":false,"campfire_upgraded":5,"win_rate":0,"timestamp":1546260200,"path_taken":["M","$","M","M","?","E","R","E","T","E","M","R","M","$","R","BOSS","M","M","$","?","?","R","?","R","T","?","M","E","R","$","R","BOSS","M","?","?","M","M","E","R","E","T","?","?","M","?","?","R","BOSS"],"build_version":"2018-12-25","purchased_purges":3,"victory":false,"max_hp_per_floor":[71,71,71,71,71,71,71,71,71,71,71,71,71,71,71,71,71,71,71,71,71,71,71,71,71,71,76,78,80,80,80,80,80,80,82,92,94,94,96,98,98,98,98,98,98,100,102,102,102,102],"card_choices":[{"not_picked":["Stack","Steam"],"picked":"Consume","floor":1.0},{"not_picked":["Conserve Battery","Undo"],"picked":"Hyperbeam","floor":3.0},{"not_picked":["Darkness","Redo"],"picked":"Conserve Battery","floor":4.0},{"not_picked":["Recycle","Turbo"],"picked":"Beam Cell","floor":6.0},{"not_picked":["Barrage","Coolheaded"],"picked":"Hologram","floor":8.0},{"not_picked":["Beam Cell","Compile Driver","Scrape"],"picked":"SKIP","floor":10.0},{"not_picked":["Steam","Redo"],"picked":"Leap","floor":11.0},{"not_picked":["Beam Cell","Steam","Electrodynamics"],"picked":"SKIP","floor":13.0},{"not_picked":["Beam Cell","Steam","Electrodynamics"],"picked":"SKIP","floor":13.0},{"not_picked":["Compile Driver","Stack","Beam Cell"],"picked":"SKIP","floor":18.0},{"not_picked":["Coolheaded","Leap+1","Cold Snap"],"picked":"SKIP","floor":19.0},{"not_picked":["Hello World","Gash+1","Storm"],"picked":"SKIP","floor":22.0},{"not_picked":["Ball Lightning","Static Discharge","Biased Cognition"],"picked":"Singing Bowl","floor":28.0},{"not_picked":["Scrape+1","Redo","Stack+1"],"picked":"Singing Bowl","floor":29.0},{"not_picked":["Thunder Strike","Machine Learning"],"picked":"Reboot","floor":33.0},{"not_picked":["Force Field","Coolheaded","Steam"],"picked":"Singing Bowl","floor":35.0},{"not_picked":["Redo","Conserve Battery","Sweeping Beam"],"picked":"Singing Bowl","floor":37.0},{"not_picked":["Compile Driver","Cold Snap"],"picked":"Reinforced Body","floor":38.0},{"not_picked":["Compile Driver","Steam","Genetic Algorithm"],"picked":"Singing Bowl","floor":39.0},{"not_picked":["Conserve Battery","Sweeping Beam","Streamline"],"picked":"Singing Bowl","floor":40.0},{"not_picked":["Compile Driver","Lockon"],"picked":"Coolheaded+1","floor":42.0},{"not_picked":["Rebound","Stack","Redo"],"picked":"Singing Bowl","floor":46.0},{"not_picked":["Bandage Up","Swift Strike","Dramatic Entrance"],"picked":"Singing Bowl","floor":47.0}],"player_experience":657429,"relics_obtained":[{"floor":6.0,"key":"Oddly Smooth Stone"},{"floor":8.0,"key":"Vajra"},{"floor":9.0,"key":"Centennial Puzzle"},{"floor":10.0,"key":"Orichalcum"},{"floor":24.0,"key":"Singing Bowl"},{"floor":26.0,"key":"Gambling Chip"},{"floor":29.0,"key":"Blue Candle"},{"floor":40.0,"key":"Lantern"},{"floor":42.0,"key":"Bag of Marbles"},{"floor":43.0,"key":"War Paint"}],"event_choices":[{"damage_healed":0.0,"max_hp_gain":0.0,"max_hp_loss":0.0,"gold_gain":0.0,"event_name":"Scrap Ooze","player_choice":"Fled","floor":5.0,"gold_loss":0.0,"damage_taken":0.0},{"damage_healed":0.0,"max_hp_gain":0.0,"max_hp_loss":0.0,"gold_gain":0.0,"event_name":"Upgrade Shrine","player_choice":"Upgraded","floor":21.0,"gold_loss":0.0,"damage_taken":0.0,"cards_upgraded":["Beam Cell"]},{"damage_healed":0.0,"max_hp_gain":5.0,"max_hp_loss":0.0,"gold_gain":0.0,"event_name":"Forgotten Altar","player_choice":"Shed Blood","floor":27.0,"gold_loss":0.0,"damage_taken":25.0},{"cards_removed":["Reboot"],"damage_healed":4.0,"max_hp_gain":10.0,"max_hp_loss":0.0,"gold_gain":0.0,"event_name":"Bonfire Elementals","player_choice":"Offered Rare","floor":36.0,"gold_loss":0.0,"damage_taken":0.0},{"cards_removed":["Strike_B"],"damage_healed":0.0,"max_hp_gain":0.0,"max_hp_loss":0.0,"gold_gain":0.0,"event_name":"Designer","player_choice":"Single Remove","floor":44.0,"gold_loss":75.0,"damage_taken":0.0},{"damage_healed":0.0,"max_hp_gain":0.0,"max_hp_loss":0.0,"gold_gain":0.0,"event_name":"SensoryStone","player_choice":"Memory 1","floor":47.0,"gold_loss":0.0,"damage_taken":0.0}],"is_beta":true,"boss_relics":[{"not_picked":["Lizard Tail","Runic Dome"],"picked":"Snecko Eye"},{"not_picked":["FrozenCore","Velvet Choker"],"picked":"Coffee Dripper"}],"items_purged_floors":[2,14,20],"is_endless":false,"potions_floor_spawned":[3,4,8,11,13,19,33,37,38,40],"killed_by":"Time Eater","ascension_level":20}