{"gold_per_floor":[116,136,136,147,166,184,203,203,203,203,151,151,165,183,183,183],"floor_reached":16,"playtime":654,"items_purged":[],"score":96,"play_id":"03a60821-ee3d-41a5-bec3-2919475c937c","local_time":"20190804090133","is_ascension_mode":false,"campfire_choices":[{"floor":10,"key":"REST"},{"floor":12,"key":"REST"},{"data":"Dagger Spray","floor":15,"key":"SMITH"}],"neow_cost":"NONE","seed_source_timestamp":1037683240577525,"circlet_count":0,"master_deck":["Strike_G","Strike_G","Strike_G","Strike_G","Strike_G","Defend_G","Defend_G","Defend_G","Defend_G","Defend_G","Survivor","Neutralize","Flying Knee","Predator","Dash","Dagger Spray+1","Quick Slash","Prepared","Dagger Spray","Backstab","Die Die Die"],"relics":["Ring of the Snake","Unceasing Top","Meat on the Bone","Darkstone Periapt"],"potions_floor_usage":[16],"damage_taken":[{"damage":3,"enemies":"2 Louse","floor":1,"turns":4},{"damage":1,"enemies":"Cultist","floor":2,"turns":4},{"damage":3,"enemies":"Jaw Worm","floor":4,"turns":3},{"damage":10,"enemies":"Looter","floor":5,"turns":2},{"damage":20,"enemies":"Exordium Wildlife","floor":6,"turns":4},{"damage":5,"enemies":"Large Slime","floor":7,"turns":6},{"damage":2,"enemies":"3 Louse","floor":13,"turns":2},{"damage":12,"enemies":"Blue Slaver","floor":14,"turns":3},{"damage":65,"enemies":"Hexaghost","floor":16,"turns":10}],"seed_played":"4222108674228836884","potions_obtained":[{"floor":2,"key":"GhostInAJar"},{"floor":14,"key":"SteroidPotion"}],"is_trial":false,"path_per_floor":["M","M","?","M","M","M","M","?","T","R","$","R","M","M","R","B"],"character_chosen":"THE_SILENT","items_purchased":["Dagger Spray"],"campfire_rested":2,"item_purchase_floors":[11],"current_hp_per_floor":[74,73,73,70,60,40,35,32,32,55,55,77,75,63,63,0],"gold":183,"neow_bonus":"TEN_PERCENT_HP_BONUS","is_prod":false,"is_daily":false,"chose_seed":false,"campfire_upgraded":1,"win_rate":0.0,"timestamp":1564923693,"path_taken":["M","M","?","?","?","M","M","?","T","R","$","R","M","M","R","BOSS"],"build_version":"2019-06-28","purchased_purges":0,"victory":false,"max_hp_per_floor":[77,77,77,77,77,77,77,77,77,77,77,77,77,77,77,77],"card_choices":[{"not_picked":["Backflip","Dagger Throw"],"picked":"Flying Knee","floor":1},{"not_picked":["Skewer","Tools of the Trade"],"picked":"Predator","floor":2},{"not_picked":["Backflip","Outmaneuver"],"picked":"Dash","floor":4},{"not_picked":["Acrobatics","Blade Dance"],"picked":"Dagger Spray","floor":5},{"not_picked":["Terror","Deadly Poison"],"picked":"Quick Slash","floor":6},{"not_picked":["Outmaneuver","Crippling Poison"],"picked":"Prepared","floor":7},{"not_picked":["Dagger Throw","Reflex"],"picked":"Backstab","floor":13},{"not_picked":["Backflip","Outmaneuver"],"picked":"Die Die Die","floor":14}],"player_experience":5013,"relics_obtained":[{"floor":9,"key":"Darkstone Periapt"}],"event_choices":[{"damage_healed":0,"gold_gain":0,"player_choice":"Gave Potion","damage_taken":0,"relics_obtained":["Unceasing Top"],"max_hp_gain":0,"max_hp_loss":0,"event_name":"WeMeetAgain","floor":3,"gold_loss":0},{"damage_healed":0,"gold_gain":0,"player_choice":"Success","damage_taken":3,"relics_obtained":["Meat on the Bone"],"max_hp_gain":0,"max_hp_loss":0,"event_name":"Scrap Ooze","floor":8,"gold_loss":0}],"is_beta":true,"boss_relics":[],"items_purged_floors":[],"is_endless":false,"potions_floor_spawned":[2,14],"killed_by":"Hexaghost","ascension_level":0}