{"gold_per_floor":[115,135,135,150,161,161,172,172,198,178,203,203,220,220,220,297,297,317,317,20,20,30,30,30],"floor_reached":24,"playtime":792,"items_purged":["Decay"],"score":396,"play_id":"cec60d78-9fbb-47a8-8d0a-da3902a84bc1","local_time":"20181125130631","is_ascension_mode":true,"campfire_choices":[{"data":"Footwork","floor":6.0,"key":"SMITH"},{"data":"Noxious Fumes","floor":12.0,"key":"SMITH"},{"floor":15.0,"key":"REST"},{"data":"Malaise","floor":23,"key":"SMITH"}],"neow_cost":"NONE","seed_source_timestamp":0,"circlet_count":0,"master_deck":["AscendersBane","Defend_G","Defend_G","Defend_G","Defend_G","Defend_G","Strike_G","Strike_G+1","Strike_G+1","Strike_G","Strike_G","Survivor","Neutralize","Deadly Poison","Bane+1","Footwork+1","Noxious Fumes+1","Corpse Explosion","Footwork+1","Malaise+1"],"special_seed":0,"relics":["Ring of the Snake","NeowsBlessing","Whetstone","Oddly Smooth Stone","White Beast Statue","ClockworkSouvenir"],"potions_floor_usage":[18,22],"damage_taken":[{"damage":0.0,"enemies":"Cultist","floor":1.0,"turns":1.0},{"damage":0.0,"enemies":"Jaw Worm","floor":2.0,"turns":1.0},{"damage":0.0,"enemies":"2 Louse","floor":4.0,"turns":1.0},{"damage":9.0,"enemies":"Large Slime","floor":5.0,"turns":6.0},{"damage":11.0,"enemies":"Red Slaver","floor":7.0,"turns":4.0},{"damage":6.0,"enemies":"Exordium Thugs","floor":10.0,"turns":4.0},{"damage":26.0,"enemies":"Gremlin Nob","floor":11.0,"turns":4.0},{"damage":6.0,"enemies":"2 Fungi Beasts","floor":13.0,"turns":2.0},{"damage":1.0,"enemies":"The Guardian","floor":16.0,"turns":9.0},{"damage":10,"enemies":"Spheric Guardian","floor":18,"turns":6},{"damage":16,"enemies":"Chosen","floor":22,"turns":6},{"damage":35,"enemies":"Slavers","floor":24,"turns":3}],"seed_played":"-881421029464249113","potions_obtained":[{"floor":5.0,"key":"GamblersBrew"},{"floor":7.0,"key":"GhostInAJar"},{"floor":13.0,"key":"PowerPotion"},{"floor":16.0,"key":"SneckoOil"},{"floor":18,"key":"EssenceOfSteel"},{"floor":22,"key":"AttackPotion"}],"is_trial":false,"path_per_floor":["M","M","?","M","M","R","M","?","T","M","E","R","M","?","R","B",null,"M","?","$","?","M","R","E"],"character_chosen":"THE_SILENT","items_purchased":["ClockworkSouvenir"],"campfire_rested":1,"item_purchase_floors":[20],"current_hp_per_floor":[59,59,59,59,50,50,39,39,39,33,7,7,1,1,20,19,54,44,44,44,44,28,28,0],"gold":30,"neow_bonus":"THREE_ENEMY_KILL","is_prod":false,"is_daily":false,"chose_seed":false,"campfire_upgraded":3,"win_rate":0,"timestamp":1543122391,"path_taken":["M","?","?","M","M","R","M","?","T","M","E","R","M","?","R","BOSS","M","?","?","?","M","R","E"],"build_version":"2018-11-15","purchased_purges":1,"victory":false,"max_hp_per_floor":[66,66,66,66,66,66,66,66,66,66,66,66,66,66,66,66,66,66,66,66,66,66,66,66],"card_choices":[{"not_picked":["Underhanded Strike","Sucker Punch"],"picked":"Deadly Poison","floor":1.0},{"not_picked":["Cloak And Dagger","Prepared"],"picked":"Bane","floor":2.0},{"not_picked":["Outmaneuver","Leg Sweep"],"picked":"Footwork","floor":4.0},{"not_picked":["Finisher","Prepared","Flechettes"],"picked":"SKIP","floor":5.0},{"not_picked":["Dagger Throw","Cloak And Dagger"],"picked":"Noxious Fumes","floor":7.0},{"not_picked":["Prepared","Tactician","Sucker Punch"],"picked":"SKIP","floor":10.0},{"not_picked":["Blade Dance","Finisher"],"picked":"Corpse Explosion","floor":11.0},{"not_picked":["Acrobatics","Bane"],"picked":"Footwork","floor":13.0},{"not_picked":["After Image","Tools of the Trade"],"picked":"Malaise","floor":16.0},{"not_picked":["Tactician","Dagger Spray","Endless Agony"],"picked":"SKIP","floor":18},{"not_picked":["Backflip","Quick Slash","Flying Knee"],"picked":"SKIP","floor":22}],"player_experience":566949,"relics_obtained":[{"floor":9.0,"key":"Whetstone"},{"floor":11.0,"key":"Oddly Smooth Stone"}],"event_choices":[{"damage_healed":0.0,"max_hp_gain":0.0,"max_hp_loss":0.0,"gold_gain":0.0,"event_name":"Living Wall","player_choice":"Grow","floor":3.0,"gold_loss":0.0,"damage_taken":0.0,"cards_upgraded":["Bane"]},{"damage_healed":0.0,"max_hp_gain":0.0,"max_hp_loss":0.0,"gold_gain":0.0,"event_name":"Liars Game","player_choice":"Ignored","floor":8.0,"gold_loss":0.0,"damage_taken":0.0},{"damage_healed":0.0,"max_hp_gain":0.0,"max_hp_loss":0.0,"gold_gain":0.0,"event_name":"Upgrade Shrine","player_choice":"Upgraded","floor":14.0,"gold_loss":0.0,"damage_taken":0.0,"cards_upgraded":["Footwork"]},{"damage_healed":0,"gold_gain":0,"player_choice":"Cursed","damage_taken":0,"max_hp_gain":0,"max_hp_loss":0,"event_name":"Wheel of Change","floor":19,"gold_loss":0,"cards_obtained":["Decay"]},{"damage_healed":0,"gold_gain":0,"player_choice":"Ignored","damage_taken":0,"max_hp_gain":0,"max_hp_loss":0,"event_name":"Ghosts","floor":21,"gold_loss":0}],"is_beta":true,"boss_relics":[{"not_picked":["Runic Pyramid","Tiny House"],"picked":"White Beast Statue"}],"items_purged_floors":[20],"is_endless":false,"potions_floor_spawned":[5,7,13,16,18,22],"killed_by":"Slavers","ascension_level":20}