{"gold_per_floor":[211,221,234,244,95,95,105,123,123,123,140,140,140,152,152,257,257,275,200,218,233,233,233],"floor_reached":23,"playtime":1916,"items_purged":["Regret"],"score":187,"play_id":"bdd9cc09-13b1-4b55-b9a8-4d67385b82c6","local_time":"20190806220222","is_ascension_mode":false,"campfire_choices":[{"data":"Flex","floor":6,"key":"SMITH"},{"data":"Body Slam","floor":10,"key":"SMITH"},{"data":"Demon Form","floor":13,"key":"SMITH"},{"data":"Flex","floor":15,"key":"SMITH"}],"neow_cost":"NONE","seed_source_timestamp":179637094860379,"circlet_count":0,"master_deck":["Strike_R","Strike_R","Strike_R","Strike_R","Strike_R","Defend_R","Defend_R","Defend_R","Defend_R","Bash","Iron Wave","Flex+1","Battle Trance","Body Slam+1","True Grit","Demon Form+1","Flex+1","Spot Weakness","Flex","RitualDagger"],"relics":["Burning Blood","Red Skull","WingedGreaves","Omamori","Runic Pyramid"],"potions_floor_usage":[16,18,21,23,23],"damage_taken":[{"damage":6,"enemies":"Cultist","floor":1,"turns":3},{"damage":5,"enemies":"Jaw Worm","floor":2,"turns":4},{"damage":2,"enemies":"2 Louse","floor":3,"turns":2},{"damage":6,"enemies":"Blue Slaver","floor":4,"turns":4},{"damage":5,"enemies":"Large Slime","floor":7,"turns":5},{"damage":3,"enemies":"Red Slaver","floor":8,"turns":3},{"damage":5,"enemies":"Looter","floor":11,"turns":3},{"damage":12,"enemies":"Blue Slaver","floor":14,"turns":5},{"damage":64,"enemies":"The Guardian","floor":16,"turns":6},{"damage":21,"enemies":"Shell Parasite","floor":18,"turns":6},{"damage":4,"enemies":"Chosen","floor":20,"turns":5},{"damage":35,"enemies":"Snecko","floor":21,"turns":6},{"damage":36,"enemies":"Gremlin Leader","floor":23,"turns":5}],"seed_played":"-8930057669157232959","potions_obtained":[{"floor":2,"key":"SteroidPotion"},{"floor":3,"key":"PowerPotion"},{"floor":8,"key":"Weak Potion"},{"floor":16,"key":"Strength Potion"},{"floor":21,"key":"SpeedPotion"}],"is_trial":false,"path_per_floor":["M","M","M","M","$","R","M","M","T","R","M","?","R","M","R","B",null,"M","$","M","M","?","E"],"character_chosen":"IRONCLAD","items_purchased":["Red Skull"],"campfire_rested":0,"item_purchase_floors":[5],"current_hp_per_floor":[80,80,80,80,80,80,80,80,80,80,80,80,80,74,74,16,80,65,65,67,38,32,0],"gold":233,"neow_bonus":"HUNDRED_GOLD","is_prod":false,"is_daily":false,"chose_seed":false,"campfire_upgraded":4,"win_rate":0,"timestamp":1565121742,"path_taken":["M","M","M","M","$","R","?","M","T","R","M","?","R","M","R","BOSS","M","$","M","M","?","E"],"build_version":"2019-07-17","purchased_purges":1,"victory":false,"max_hp_per_floor":[80,80,80,80,80,80,80,80,80,80,80,80,80,80,80,80,80,80,80,80,80,80,80],"card_choices":[{"not_picked":["Pommel Strike","Whirlwind"],"picked":"Iron Wave","floor":1},{"not_picked":["Flame Barrier","Headbutt"],"picked":"Flex","floor":2},{"not_picked":["Dual Wield","Armaments"],"picked":"Battle Trance","floor":3},{"not_picked":["Clash","Combust","Armaments"],"picked":"SKIP","floor":4},{"not_picked":["Headbutt","Clash"],"picked":"Body Slam","floor":7},{"not_picked":["Clothesline","Sword Boomerang"],"picked":"True Grit","floor":8},{"not_picked":["Iron Wave","Flex"],"picked":"Demon Form","floor":11},{"not_picked":["Pommel Strike","Anger"],"picked":"Flex","floor":14},{"not_picked":["Cleave+1","Anger"],"picked":"Spot Weakness","floor":18},{"not_picked":["Clothesline+1","Clash","Infernal Blade+1"],"picked":"SKIP","floor":20},{"not_picked":["Clothesline","Blood for Blood"],"picked":"Flex","floor":21}],"player_experience":23286,"relics_obtained":[{"floor":9,"key":"WingedGreaves"}],"event_choices":[{"damage_healed":0,"gold_gain":0,"player_choice":"Box","damage_taken":0,"relics_obtained":["Omamori"],"max_hp_gain":0,"max_hp_loss":0,"event_name":"Big Fish","floor":12,"gold_loss":0,"cards_obtained":["Regret"]},{"damage_healed":0,"gold_gain":0,"player_choice":"Joined the Cult","damage_taken":6,"max_hp_gain":0,"max_hp_loss":0,"event_name":"Nest","floor":22,"gold_loss":0,"cards_obtained":["RitualDagger"]}],"is_beta":false,"boss_relics":[{"not_picked":["Runic Cube","Lizard Tail"],"picked":"Runic Pyramid"}],"items_purged_floors":[19],"is_endless":false,"potions_floor_spawned":[2,3,8,16,21],"killed_by":"Gremlin Leader","ascension_level":0}