{"gold_per_floor":[12,12,26,44,64,64,95,95,95,95,109,35,51,64,64,165,165,179,179,149,167,167],"floor_reached":22,"playtime":1858,"items_purged":[],"score":215,"play_id":"df426ac4-e8a0-4947-8562-c20117806607","local_time":"20180704102311","is_ascension_mode":false,"campfire_choices":[{"data":"Sword Boomerang","floor":6,"key":"SMITH"},{"data":"Juggernaut","floor":10,"key":"SMITH"},{"data":"Rupture","floor":15,"key":"SMITH"}],"neow_cost":"NO_GOLD","seed_source_timestamp":6354740309832,"circlet_count":0,"master_deck":["Strike_R","Strike_R","Strike_R","Strike_R","Strike_R","Defend_R","Defend_R","Defend_R","Defend_R","Bash","Spot Weakness+1","Flex","Rupture+1","Sword Boomerang+1","Juggernaut+1","Twin Strike","Combust","Power Through","Inflame","Berserk","Heavy Blade","Decay","Clash+1","Warcry+1"],"special_seed":17716,"relics":["Burning Blood","Bag of Preparation","Potion Belt","White Beast Statue"],"potions_floor_usage":[13,16,22,22,22],"damage_taken":[{"damage":12,"enemies":"2 Louse","floor":1,"turns":3},{"damage":5,"enemies":"Cultist","floor":3,"turns":4},{"damage":1,"enemies":"Jaw Worm","floor":4,"turns":5},{"damage":29,"enemies":"Gremlin Gang","floor":5,"turns":7},{"damage":23,"enemies":"3 Sentries","floor":7,"turns":8},{"damage":12,"enemies":"Blue Slaver","floor":11,"turns":2},{"damage":1,"enemies":"Large Slime","floor":13,"turns":4},{"damage":12,"enemies":"Exordium Wildlife","floor":14,"turns":4},{"damage":45,"enemies":"Hexaghost","floor":16,"turns":9},{"damage":42,"enemies":"3 Byrds","floor":18,"turns":4},{"damage":31,"enemies":"2 Thieves","floor":20,"turns":5},{"damage":28,"enemies":"Centurion and Healer","floor":21,"turns":7},{"damage":29,"enemies":"Snake Plant","floor":22,"turns":3}],"seed_played":"5521277568557056232","potions_obtained":[{"floor":1,"key":"FairyPotion"},{"floor":3,"key":"Energy Potion"},{"floor":4,"key":"BloodPotion"},{"floor":18,"key":"SpeedPotion"},{"floor":20,"key":"Fire Potion"},{"floor":21,"key":"PowerPotion"}],"is_trial":false,"path_per_floor":["M","?","M","M","M","R","E","?","T","R","M","$","M","M","R","B",null,"M","?","M","M"],"character_chosen":"IRONCLAD","items_purchased":["Combust"],"campfire_rested":0,"item_purchase_floors":[12],"current_hp_per_floor":[90,90,91,96,73,73,56,88,88,88,82,82,87,81,81,51,96,60,60,35,13,0],"gold":167,"neow_bonus":"TWENTY_PERCENT_HP_BONUS","is_prod":false,"is_daily":false,"chose_seed":false,"campfire_upgraded":3,"win_rate":0.0,"timestamp":1530670991,"path_taken":["M","?","?","M","M","R","E","?","T","R","M","$","M","M","R","BOSS","M","?","M","M","M"],"build_version":"2018-06-28","purchased_purges":0,"victory":false,"max_hp_per_floor":[96,96,96,96,96,96,96,96,96,96,96,96,96,96,96,96,96,96,96,96,96,96],"card_choices":[{"not_picked":["Anger","Headbutt"],"picked":"Spot Weakness","floor":1},{"not_picked":["Shockwave","Corruption"],"picked":"Flex","floor":3},{"not_picked":["True Grit","Warcry"],"picked":"Rupture","floor":4},{"not_picked":["Clash","Battle Trance"],"picked":"Sword Boomerang","floor":5},{"not_picked":["Clothesline","Dual Wield"],"picked":"Juggernaut","floor":7},{"not_picked":["Cleave","Clothesline"],"picked":"Twin Strike","floor":11},{"not_picked":["Headbutt","Body Slam"],"picked":"Power Through","floor":13},{"not_picked":["Rampage","Clash"],"picked":"Inflame","floor":14},{"not_picked":["Impervious","Bludgeon"],"picked":"Berserk","floor":16},{"not_picked":["Dual Wield","Iron Wave"],"picked":"Heavy Blade","floor":18},{"not_picked":["Power Through","Carnage+1"],"picked":"Clash+1","floor":20},{"not_picked":["Flex","Uppercut"],"picked":"Warcry+1","floor":21}],"player_experience":18271,"relics_obtained":[{"floor":7,"key":"Bag of Preparation"},{"floor":9,"key":"Potion Belt"}],"event_choices":[{"event_name":"Accursed Blacksmith","player_choice":"Forge","floor":2,"damage_taken":0},{"event_name":"Big Fish","player_choice":"Banana","floor":8,"damage_taken":0},{"event_name":"Forgotten Altar","player_choice":"Smashed Altar","floor":19,"damage_taken":0}],"boss_relics":[{"not_picked":["Runic Dome","Sozu"],"picked":"White Beast Statue"}],"items_purged_floors":[],"is_endless":false,"potions_floor_spawned":[1,3,4,7,18,20,21],"killed_by":"Snake Plant","ascension_level":0}