{"gold_per_floor":[112,129,89,164,177,204,204,233,233,233,198,218,181,199,199,299,299,317,36,36,36,6,6,6,24,24,24,24,51,70,82,82,180,180,198,198,198,218,234,234,259,259,285,302,302,302,313,325,325,325],"floor_reached":51,"playtime":2538,"items_purged":[],"score":987,"play_id":"8a7b40e7-e010-43b4-b6e1-3d6d754ec56a","local_time":"20180727185954","is_ascension_mode":true,"campfire_choices":[{"floor":7.0,"key":"REST"},{"data":"Rainbow","floor":10.0,"key":"SMITH"},{"data":"Defragment","floor":15.0,"key":"SMITH"},{"data":"White Noise","floor":23.0,"key":"SMITH"},{"floor":27.0,"key":"REST"},{"data":"Buffer","floor":32.0,"key":"SMITH"},{"data":"Echo Form","floor":40.0,"key":"SMITH"},{"floor":46.0,"key":"REST"},{"data":"Darkness","floor":49.0,"key":"SMITH"}],"neow_cost":"NONE","seed_source_timestamp":0,"circlet_count":0,"master_deck":["Strike_B","Strike_B","Strike_B","Strike_B","Defend_B","Defend_B","Defend_B","Defend_B","Zap","Dualcast","Beam Cell","Genetic Algorithm","Darkness+1","Rainbow+1","Leap","Genetic Algorithm","Defragment+1","White Noise+1","Echo Form+1","Chaos+1","Conserve Battery","Consume","Buffer+1","Coolheaded+1","Auto Shields+1","Seek+1","Compile Driver","Hologram+1","Chill+1","Conserve Battery","Flash of Steel","Hello World+1"],"special_seed":0,"relics":["Runic Dome","Letter Opener","Question Card","Mercury Hourglass","Sozu","Pear","CultistMask","The Courier","Kunai","Dream Catcher","Busted Crown","Mango","Bag of Preparation","DataDisk"],"potions_floor_usage":[],"damage_taken":[{"damage":1.0,"enemies":"Cultist","floor":1.0,"turns":4.0},{"damage":3.0,"enemies":"Small Slimes","floor":2.0,"turns":3.0},{"damage":9.0,"enemies":"2 Louse","floor":5.0,"turns":2.0},{"damage":30.0,"enemies":"Lagavulin","floor":6.0,"turns":6.0},{"damage":10.0,"enemies":"3 Sentries","floor":8.0,"turns":7.0},{"damage":3.0,"enemies":"Large Slime","floor":12.0,"turns":5.0},{"damage":4.0,"enemies":"Blue Slaver","floor":14.0,"turns":3.0},{"damage":16.0,"enemies":"Slime Boss","floor":16.0,"turns":8.0},{"damage":16.0,"enemies":"Shell Parasite","floor":18.0,"turns":5.0},{"damage":6.0,"enemies":"Spheric Guardian","floor":25.0,"turns":4.0},{"damage":9.0,"enemies":"Slavers","floor":29.0,"turns":3.0},{"damage":0.0,"enemies":"Snecko","floor":30.0,"turns":5.0},{"damage":0.0,"enemies":"Centurion and Healer","floor":31.0,"turns":6.0},{"damage":32.0,"enemies":"Champ","floor":33.0,"turns":13.0},{"damage":0.0,"enemies":"Flame Bruiser 1 Orb","floor":35.0,"turns":5.0},{"damage":0.0,"floor":36.0,"turns":5.0},{"damage":0.0,"enemies":"Orb Walker","floor":38.0,"turns":5.0},{"damage":0.0,"enemies":"Sphere and 2 Shapes","floor":39.0,"turns":4.0},{"damage":62.0,"enemies":"Giant Head","floor":41.0,"turns":11.0},{"damage":16.0,"enemies":"Transient","floor":44.0,"turns":5.0},{"damage":0.0,"enemies":"Flame Bruiser 2 Orb","floor":45.0,"turns":1.0},{"damage":0.0,"enemies":"Flame Bruiser 2 Orb","floor":47.0,"turns":5.0},{"damage":0.0,"enemies":"Maw","floor":48.0,"turns":7.0},{"damage":29,"enemies":"Time Eater","floor":50,"turns":12}],"seed_played":"3610449638103591914","potions_obtained":[{"floor":3.0,"key":"SmokeBomb"},{"floor":3.0,"key":"Fruit Juice"},{"floor":3.0,"key":"Swift Potion"},{"floor":8.0,"key":"Block Potion"}],"is_trial":false,"path_per_floor":["M","M","?","?","M","E","R","E","T","R","?","M","$","M","R","B",null,"M","$","?","T","$","R","?","M","T","R","?","E","M","M","R","B",null,"M","?","?","M","M","R","E","?","T","M","?","R","M","M","R","B"],"character_chosen":"DEFECT","items_purchased":["Defragment","Conserve Battery","Pear","Consume"],"campfire_rested":3,"item_purchase_floors":[13,19,19,22],"current_hp_per_floor":[67,64,64,53,49,19,43,33,33,33,53,50,50,46,46,30,68,52,62,62,62,62,62,44,38,38,66,66,57,57,57,57,25,78,78,92,92,92,92,92,30,30,30,14,14,46,46,46,46,17],"gold":325,"neow_bonus":"BOSS_RELIC","is_prod":false,"is_daily":false,"chose_seed":false,"campfire_upgraded":6,"win_rate":0,"timestamp":1532689194,"path_taken":["M","?","?","?","M","E","R","E","T","R","?","?","?","M","R","BOSS","M","$","?","?","$","R","?","M","T","R","?","E","M","M","R","BOSS","M","?","?","M","M","R","E","?","T","M","?","R","M","M","R","BOSS"],"build_version":"2018-07-26","purchased_purges":0,"victory":true,"max_hp_per_floor":[75,75,75,75,80,80,80,80,80,80,80,80,80,80,80,80,80,80,90,90,90,90,90,95,95,95,95,95,95,95,95,95,95,95,95,109,109,109,109,109,109,109,109,109,109,109,109,109,109,109],"card_choices":[{"not_picked":["Stack","Barrage"],"picked":"Beam Cell","floor":1.0},{"not_picked":["Redo","Static Discharge"],"picked":"Genetic Algorithm","floor":2.0},{"not_picked":["Turbo","Cold Snap"],"picked":"Darkness","floor":5.0},{"not_picked":["Aggregate","Hello World"],"picked":"Rainbow","floor":6.0},{"not_picked":["Chaos","Static Discharge"],"picked":"Leap","floor":8.0},{"not_picked":["Fusion","Heatsinks","Go for the Eyes"],"picked":"Genetic Algorithm","floor":12.0},{"not_picked":["Coolheaded","Turbo","Chill"],"picked":"White Noise","floor":14.0},{"not_picked":["Seek","Buffer","Hyperbeam"],"picked":"Echo Form","floor":16.0},{"not_picked":["Go for the Eyes","Gash","Scrape"],"picked":"Chaos+1","floor":18.0},{"not_picked":["Heatsinks","Rebound","Streamline"],"picked":"Go for the Eyes","floor":25.0},{"not_picked":["Storm+1","Hologram","Steam"],"picked":"Buffer","floor":29.0},{"not_picked":["Beam Cell","Compile Driver","Stack"],"picked":"Coolheaded+1","floor":30.0},{"not_picked":["Go for the Eyes+1","Core Surge","Chill"],"picked":"Auto Shields+1","floor":31.0},{"not_picked":["Electrodynamics","Creative AI","Amplify"],"picked":"Seek","floor":33.0},{"not_picked":["Conserve Battery"],"picked":"Compile Driver","floor":35.0},{"not_picked":["Rebound"],"picked":"Hologram+1","floor":38.0},{"not_picked":["Streamline+1"],"picked":"Chill+1","floor":39.0},{"not_picked":["Lockon+1","Go for the Eyes"],"picked":"SKIP","floor":41.0},{"not_picked":["Self Repair+1"],"picked":"Conserve Battery","floor":44.0},{"not_picked":["Good Instincts"],"picked":"Flash of Steel","floor":45.0},{"not_picked":["Compile Driver+1","Barrage+1"],"picked":"SKIP","floor":47.0},{"not_picked":["Leap"],"picked":"Hello World+1","floor":48.0}],"player_experience":183268,"relics_obtained":[{"floor":6.0,"key":"Letter Opener"},{"floor":8.0,"key":"Question Card"},{"floor":9.0,"key":"Mercury Hourglass"},{"floor":21.0,"key":"The Courier"},{"floor":26.0,"key":"Kunai"},{"floor":29.0,"key":"Dream Catcher"},{"floor":36.0,"key":"Mango"},{"floor":41.0,"key":"Bag of Preparation"},{"floor":43.0,"key":"DataDisk"}],"event_choices":[{"event_name":"The Woman in Blue","player_choice":"Bought 3 Potions","floor":3.0,"damage_taken":0.0},{"event_name":"World of Goop","player_choice":"Gather Gold","floor":4.0,"damage_taken":0.0},{"event_name":"The Cleric","player_choice":"Healed","floor":11.0,"damage_taken":0.0},{"event_name":"FaceTrader","player_choice":"Trade","floor":20.0,"damage_taken":0.0},{"event_name":"Forgotten Altar","player_choice":"Shed Blood","floor":24.0,"damage_taken":0.0},{"event_name":"Addict","player_choice":"Ignored","floor":28.0,"damage_taken":0.0},{"event_name":"MindBloom","player_choice":"Fight","floor":36.0,"damage_taken":0.0},{"event_name":"Upgrade Shrine","player_choice":"Upgraded","floor":37.0,"damage_taken":0.0},{"event_name":"Falling","player_choice":"Removed Attack","floor":42.0,"damage_taken":0.0},{"event_name":"SensoryStone","player_choice":"Memory 1","floor":45.0,"damage_taken":0.0}],"is_beta":false,"boss_relics":[{"not_picked":["Ectoplasm","Velvet Choker"],"picked":"Sozu"},{"not_picked":["Fusion Hammer","Lizard Tail"],"picked":"Busted Crown"}],"items_purged_floors":[],"is_endless":false,"potions_floor_spawned":[8,12,16,30,31,33,44,45,48],"ascension_level":7}