{"gold_per_floor":[110,27,46,63,78,103,122,122,169,256,318,330,368,397,409,508,520,555,585,614,283,283],"floor_reached":22,"playtime":869,"items_purged":[],"score":480,"play_id":"781ca673-8290-4e26-a50d-276b501b9fad","local_time":"20181102222447","is_ascension_mode":true,"campfire_choices":[{"data":"Sunder","floor":8.0,"key":"SMITH"},{"data":"Consume","floor":12.0,"key":"SMITH"},{"floor":15.0,"key":"REST"}],"neow_cost":"NONE","seed_source_timestamp":12328161034059,"circlet_count":0,"master_deck":["AscendersBane","Strike_B","Strike_B","Strike_B","Strike_B","Defend_B","Defend_B","Defend_B","Zap","Dualcast","Ball Lightning","Sunder+1","Cold Snap","Streamline","Self Repair","Turbo","Consume+1","Loop","Hologram","Rainbow","Chill+1","Capacitor+1","Apotheosis"],"special_seed":0,"relics":["Cracked Core","Lantern","MawBank","Inserter","Omamori"],"potions_floor_usage":[],"damage_taken":[{"damage":1.0,"enemies":"Cultist","floor":1.0,"turns":3.0},{"damage":0.0,"enemies":"2 Louse","floor":3.0,"turns":2.0},{"damage":5.0,"enemies":"Small Slimes","floor":4.0,"turns":2.0},{"damage":13.0,"enemies":"Exordium Thugs","floor":5.0,"turns":4.0},{"damage":22.0,"enemies":"Gremlin Nob","floor":6.0,"turns":4.0},{"damage":7.0,"enemies":"Red Slaver","floor":7.0,"turns":3.0},{"damage":0.0,"enemies":"3 Louse","floor":13.0,"turns":2.0},{"damage":0.0,"enemies":"Exordium Wildlife","floor":14.0,"turns":2.0},{"damage":0.0,"enemies":"Slime Boss","floor":16.0,"turns":5.0},{"damage":19.0,"enemies":"3 Byrds","floor":18.0,"turns":6.0},{"damage":9.0,"enemies":"Spheric Guardian","floor":19.0,"turns":3.0},{"damage":47.0,"enemies":"Snake Plant","floor":20.0,"turns":5.0},{"damage":29,"enemies":"Chosen and Byrds","floor":22,"turns":3}],"seed_played":"2688160627605500097","potions_obtained":[{"floor":3.0,"key":"SkillPotion"},{"floor":6.0,"key":"Regen Potion"},{"floor":13.0,"key":"FearPotion"},{"floor":20.0,"key":"SteroidPotion"}],"is_trial":false,"path_per_floor":["M","$","M","M","M","E","M","R","T","?","?","R","M","M","M","R","B","B",null,"M","M","M","M","$","M"],"character_chosen":"DEFECT","items_purchased":["Sunder","Apotheosis","Omamori"],"campfire_rested":1,"item_purchase_floors":[2,21,21],"current_hp_per_floor":[63,63,63,58,45,30,30,30,30,19,19,19,19,19,40,40,63,51,42,16,16,0],"gold":283,"neow_bonus":"REMOVE_CARD","is_prod":false,"is_daily":false,"chose_seed":false,"campfire_upgraded":2,"win_rate":0,"timestamp":1541168687,"path_taken":["M","?","M","M","M","E","M","R","T","?","?","R","M","?","R","BOSS","BOSS","M","?","M","$","M"],"build_version":"2018-11-01v2","purchased_purges":0,"victory":false,"max_hp_per_floor":[71,71,71,71,71,71,71,71,71,71,71,71,71,71,71,71,71,71,71,71,71,71],"card_choices":[{"not_picked":["Redo","Sweeping Beam"],"picked":"Ball Lightning","floor":1.0},{"not_picked":["BootSequence","Turbo"],"picked":"Cold Snap","floor":3.0},{"not_picked":["Skim","Ball Lightning"],"picked":"Streamline","floor":4.0},{"not_picked":["Force Field","Compile Driver"],"picked":"Self Repair","floor":5.0},{"not_picked":["Beam Cell","Ball Lightning"],"picked":"Turbo","floor":6.0},{"not_picked":["Hologram","BootSequence"],"picked":"Consume","floor":7.0},{"not_picked":["Auto Shields","Leap"],"picked":"Loop","floor":13.0},{"not_picked":["Stack","Blizzard"],"picked":"Hologram","floor":14.0},{"not_picked":["Multi-Cast","Creative AI"],"picked":"Rainbow","floor":16.0},{"not_picked":["Cold Snap","Capacitor"],"picked":"Chill+1","floor":18.0},{"not_picked":["Scrape","Beam Cell"],"picked":"Capacitor+1","floor":19.0},{"not_picked":["Ball Lightning","Self Repair","Fusion"],"picked":"SKIP","floor":20.0}],"player_experience":489180,"relics_obtained":[{"floor":6.0,"key":"Lantern"},{"floor":9.0,"key":"MawBank"}],"event_choices":[{"damage_healed":0.0,"max_hp_gain":0.0,"max_hp_loss":0.0,"gold_gain":75.0,"event_name":"World of Goop","player_choice":"Gather Gold","floor":10.0,"gold_loss":0.0,"damage_taken":11.0},{"damage_healed":0.0,"max_hp_gain":0.0,"max_hp_loss":0.0,"gold_gain":50.0,"event_name":"Golden Shrine","player_choice":"Pray","floor":11.0,"gold_loss":0.0,"damage_taken":0.0}],"is_beta":true,"boss_relics":[{"not_picked":["Snecko Eye","Tiny House"],"picked":"Inserter"}],"items_purged_floors":[],"is_endless":false,"potions_floor_spawned":[3,6,13,14,20],"killed_by":"Chosen and Byrds","ascension_level":20}