{"gold_per_floor":[19,69,10,24,35,35,64,64,88,88,88,88,103,103,103,180,180,197,197,197,216,216,216,249,249,249,261,273,273,285,303,303,303],"floor_reached":33,"playtime":1366,"items_purged":[],"score":551,"play_id":"e088616a-dd1d-4996-85b0-7e55b925b901","local_time":"20181112165410","is_ascension_mode":true,"campfire_choices":[{"data":"Dagger Spray","floor":6.0,"key":"SMITH"},{"data":"Deadly Poison","floor":8.0,"key":"SMITH"},{"data":"Neutralize","floor":12.0,"key":"SMITH"},{"data":"Bane","floor":15.0,"key":"SMITH"},{"data":"Malaise","floor":23.0,"key":"SMITH"},{"data":"Burst","floor":25.0,"key":"SMITH"},{"data":"Survivor","floor":32.0,"key":"SMITH"}],"neow_cost":"NO_GOLD","seed_source_timestamp":0,"circlet_count":0,"master_deck":["AscendersBane","Defend_G","Defend_G","Defend_G","Defend_G","Strike_G","Strike_G","Strike_G","Survivor+1","Neutralize+1","Die Die Die","Deadly Poison+1","Dagger Spray+1","Masterful Stab","Well Laid Plans+1","Bane+1","Malaise+1","Bullet Time+1","Backstab+1","Corpse Explosion+1","Burst+1","Terror"],"special_seed":0,"relics":["Ring of the Snake","Lantern","Bag of Preparation","Astrolabe","MutagenicStrength","Pocketwatch","Molten Egg 2","Meat on the Bone"],"potions_floor_usage":[33],"damage_taken":[{"damage":4.0,"enemies":"Small Slimes","floor":1.0,"turns":3.0},{"damage":0.0,"enemies":"Cultist","floor":4.0,"turns":3.0},{"damage":0.0,"enemies":"Jaw Worm","floor":5.0,"turns":4.0},{"damage":32.0,"enemies":"3 Sentries","floor":7.0,"turns":9.0},{"damage":0.0,"enemies":"3 Louse","floor":13.0,"turns":1.0},{"damage":28.0,"enemies":"Slime Boss","floor":16.0,"turns":9.0},{"damage":9.0,"enemies":"Shell Parasite","floor":18.0,"turns":5.0},{"damage":0.0,"enemies":"Chosen","floor":21.0,"turns":3.0},{"damage":0.0,"enemies":"Gremlin Leader","floor":24.0,"turns":4.0},{"damage":22.0,"enemies":"Shelled Parasite and Fungi","floor":27.0,"turns":4.0},{"damage":0.0,"enemies":"Centurion and Healer","floor":28.0,"turns":2.0},{"damage":13.0,"enemies":"Snake Plant","floor":30.0,"turns":2.0},{"damage":4.0,"enemies":"Chosen and Byrds","floor":31.0,"turns":4.0},{"damage":51,"enemies":"Champ","floor":33,"turns":9}],"seed_played":"3494760341675397924","potions_obtained":[{"floor":5.0,"key":"GamblersBrew"},{"floor":7.0,"key":"GhostInAJar"},{"floor":16.0,"key":"Energy Potion"},{"floor":21.0,"key":"Swift Potion"},{"floor":24.0,"key":"Poison Potion"}],"is_trial":false,"path_per_floor":["M","?","$","M","M","R","E","R","T","?","?","R","M","?","R","B",null,"M","?","?","M","?","R","E","R","T","M","M","T","M","M","R","B"],"character_chosen":"THE_SILENT","items_purchased":["Dagger Spray"],"campfire_rested":0,"item_purchase_floors":[3],"current_hp_per_floor":[55,55,55,55,55,55,23,23,23,23,23,23,23,45,45,17,54,45,45,45,45,45,45,45,45,45,35,35,35,34,42,42,0],"gold":303,"neow_bonus":"THREE_RARE_CARDS","is_prod":false,"is_daily":false,"chose_seed":false,"campfire_upgraded":7,"win_rate":0,"timestamp":1542012850,"path_taken":["M","?","?","M","M","R","E","R","T","?","?","R","M","?","R","BOSS","M","?","?","M","?","R","E","R","T","?","M","?","M","M","R","BOSS"],"build_version":"2018-11-08","purchased_purges":0,"victory":false,"max_hp_per_floor":[66,66,66,66,66,66,66,66,66,66,66,66,66,66,66,66,66,66,66,66,66,66,66,66,66,66,66,66,66,66,66,66,66],"card_choices":[{"not_picked":["Phantasmal Killer","Adrenaline"],"picked":"Die Die Die","floor":0.0},{"not_picked":["Flying Knee","Setup"],"picked":"Deadly Poison","floor":1.0},{"not_picked":["Blade Dance","Sucker Punch"],"picked":"Masterful Stab","floor":4.0},{"not_picked":["Choke","Dagger Spray","Cloak And Dagger"],"picked":"SKIP","floor":5.0},{"not_picked":["Calculated Gamble","Bane"],"picked":"Well Laid Plans","floor":7.0},{"not_picked":["Dagger Spray","Doppelganger"],"picked":"Bane","floor":13.0},{"not_picked":["Storm of Steel","Wraith Form v2"],"picked":"Malaise","floor":16.0},{"not_picked":["Deflect","Blade Dance","Well Laid Plans"],"picked":"SKIP","floor":18.0},{"not_picked":["Tactician","Dagger Throw","Quick Slash"],"picked":"SKIP","floor":21.0},{"not_picked":["Deadly Poison","Underhanded Strike+1"],"picked":"Burst","floor":24.0},{"not_picked":["Blade Dance","Poisoned Stab+1","Choke+1"],"picked":"SKIP","floor":27.0},{"not_picked":["Well Laid Plans","Doppelganger","Bane+1"],"picked":"SKIP","floor":28.0},{"not_picked":["Dagger Spray+1","Setup","Endless Agony+1"],"picked":"SKIP","floor":30.0},{"not_picked":["PiercingWail","Crippling Poison"],"picked":"Terror","floor":31.0}],"player_experience":532089,"relics_obtained":[{"floor":7.0,"key":"Lantern"},{"floor":9.0,"key":"Bag of Preparation"},{"floor":24.0,"key":"Molten Egg 2"},{"floor":26.0,"key":"Meat on the Bone"}],"event_choices":[{"damage_healed":0.0,"max_hp_gain":0.0,"max_hp_loss":0.0,"gold_gain":50.0,"event_name":"Golden Shrine","player_choice":"Pray","floor":2.0,"gold_loss":0.0,"damage_taken":0.0},{"damage_healed":0.0,"max_hp_gain":0.0,"max_hp_loss":0.0,"gold_gain":0.0,"event_name":"Living Wall","player_choice":"Grow","floor":10.0,"gold_loss":0.0,"damage_taken":0.0,"cards_upgraded":["Well Laid Plans"]},{"damage_healed":0.0,"max_hp_gain":0.0,"max_hp_loss":0.0,"gold_gain":0.0,"event_name":"Scrap Ooze","player_choice":"Fled","floor":11.0,"gold_loss":0.0,"damage_taken":0.0},{"damage_healed":22.0,"max_hp_gain":0.0,"max_hp_loss":0.0,"gold_gain":0.0,"event_name":"Big Fish","player_choice":"Banana","floor":14.0,"gold_loss":0.0,"damage_taken":0.0},{"damage_healed":0.0,"max_hp_gain":0.0,"max_hp_loss":0.0,"gold_gain":0.0,"event_name":"Drug Dealer","player_choice":"Inject Mutagens","floor":19.0,"gold_loss":0.0,"damage_taken":0.0,"relics_obtained":["MutagenicStrength"]},{"damage_healed":0.0,"max_hp_gain":0.0,"max_hp_loss":0.0,"gold_gain":0.0,"event_name":"The Mausoleum","player_choice":"Ignored","floor":20.0,"gold_loss":0.0,"damage_taken":0.0},{"damage_healed":0.0,"max_hp_gain":0.0,"max_hp_loss":0.0,"gold_gain":0.0,"event_name":"WeMeetAgain","player_choice":"Gave Potion","floor":22.0,"gold_loss":0.0,"damage_taken":0.0,"relics_obtained":["Pocketwatch"]}],"is_beta":true,"boss_relics":[{"not_picked":["Velvet Choker","Cursed Key"],"picked":"Astrolabe"}],"items_purged_floors":[],"is_endless":false,"potions_floor_spawned":[5,7,16,21,24,27],"killed_by":"Champ","ascension_level":18}