{"gold_per_floor":[218,368,368,20,35,35,35,60,87,102,102,118,92,110,110,110],"floor_reached":16,"playtime":475,"items_purged":["Doubt"],"score":288,"play_id":"2b295889-5030-4d97-ba91-adf32606f6dc","local_time":"20190214175309","is_ascension_mode":true,"campfire_choices":[{"data":"Defragment","floor":6,"key":"SMITH"},{"data":"Trip","floor":11,"key":"SMITH"},{"floor":15,"key":"REST"}],"neow_cost":"NONE","seed_source_timestamp":0,"circlet_count":0,"master_deck":["AscendersBane","Strike_B","Strike_B","Strike_B","Strike_B","Defend_B","Defend_B","Defend_B","Defend_B","Zap","Dualcast","Defragment+1","Genetic Algorithm","Trip+1","Genetic Algorithm","Doom and Gloom","Melter","Redo","Streamline"],"special_seed":0,"relics":["Cracked Core","Golden Idol","Smiling Mask"],"potions_floor_usage":[13,16],"damage_taken":[{"damage":2,"enemies":"Cultist","floor":1,"turns":4},{"damage":4,"enemies":"Small Slimes","floor":5,"turns":3},{"damage":0,"enemies":"2 Louse","floor":8,"turns":2},{"damage":38,"enemies":"Lots of Slimes","floor":10,"turns":4},{"damage":7,"enemies":"2 Fungi Beasts","floor":12,"turns":4},{"damage":17,"enemies":"Exordium Thugs","floor":13,"turns":4},{"damage":3,"enemies":"Blue Slaver","floor":14,"turns":3},{"damage":21,"enemies":"Slime Boss","floor":16,"turns":8}],"seed_played":"2710965269024504069","potions_obtained":[{"floor":7,"key":"Regen Potion"},{"floor":7,"key":"FocusPotion"},{"floor":13,"key":"SteroidPotion"},{"floor":14,"key":"Block Potion"}],"is_trial":false,"path_per_floor":["M","?","?","$","M","R","?","M","T","M","R","M","M","M","R","B"],"character_chosen":"DEFECT","items_purchased":["Defragment","Genetic Algorithm","Trip"],"campfire_rested":1,"item_purchase_floors":[4,4,4],"current_hp_per_floor":[62,62,62,62,58,58,58,58,58,20,20,13,8,5,24,3],"gold":110,"neow_bonus":"HUNDRED_GOLD","is_prod":false,"is_daily":false,"chose_seed":false,"campfire_upgraded":2,"win_rate":0,"timestamp":1550137989,"path_taken":["M","?","?","$","M","R","?","M","T","M","R","M","M","?","R","BOSS"],"build_version":"2019-02-06","purchased_purges":1,"victory":false,"max_hp_per_floor":[71,71,64,64,64,64,64,64,64,64,64,64,64,64,64,64],"card_choices":[{"not_picked":["Turbo","Tempest","Compile Driver"],"picked":"SKIP","floor":1},{"not_picked":["Force Field","Stack"],"picked":"Genetic Algorithm","floor":5},{"not_picked":["Stack","Gash"],"picked":"Doom and Gloom","floor":8},{"not_picked":["Static Discharge","Coolheaded","Beam Cell"],"picked":"SKIP","floor":10},{"not_picked":["FTL","Tempest"],"picked":"Melter","floor":12},{"not_picked":["Rebound","Creative AI"],"picked":"Redo","floor":13},{"not_picked":["Streamline","Go for the Eyes","Storm"],"picked":"SKIP","floor":14},{"not_picked":["Go for the Eyes","Storm"],"picked":"Streamline","floor":14}],"player_experience":790095,"relics_obtained":[{"floor":9,"key":"Smiling Mask"}],"event_choices":[{"damage_healed":0,"gold_gain":150,"player_choice":"AGREE","damage_taken":0,"max_hp_gain":0,"max_hp_loss":0,"event_name":"Liars Game","floor":2,"gold_loss":0,"cards_obtained":["Doubt"]},{"damage_healed":0,"gold_gain":0,"player_choice":"Lose Max HP","damage_taken":0,"relics_obtained":["Golden Idol"],"max_hp_gain":0,"max_hp_loss":7,"event_name":"Golden Idol","floor":3,"gold_loss":0},{"damage_healed":0,"gold_gain":0,"player_choice":"Got Potions","damage_taken":0,"max_hp_gain":0,"max_hp_loss":0,"event_name":"Lab","floor":7,"gold_loss":0}],"is_beta":true,"boss_relics":[],"items_purged_floors":[4],"is_endless":false,"potions_floor_spawned":[8,13,14],"killed_by":"Slime Boss","ascension_level":20}