{"gold_per_floor":[211,16,33,33,53,88,88,88,88,88,120,120,144,89,89,160,160,176,156,56,76,76,104,104,104,104,104,114,0,0],"floor_reached":30,"playtime":1204,"items_purged":["Strike_G","Strike_G"],"score":504,"play_id":"161385bf-a84e-48f8-ac26-b3d1580fe9aa","local_time":"20190717154337","is_ascension_mode":true,"campfire_choices":[{"floor":8.0,"key":"REST"},{"data":"Neutralize","floor":10.0,"key":"SMITH"},{"data":"Well Laid Plans","floor":12.0,"key":"SMITH"},{"data":"Backflip","floor":15.0,"key":"SMITH"},{"floor":24.0,"key":"REST"},{"data":"Burst","floor":27.0,"key":"SMITH"}],"neow_cost":"NONE","seed_source_timestamp":25412702110335,"circlet_count":0,"master_deck":["AscendersBane","Strike_G","Defend_G","Defend_G+1","Defend_G","Defend_G","Defend_G+1","Survivor","Neutralize+1","Well Laid Plans+1","All Out Attack","Bouncing Flask+1","Backflip+1","Burst+1","Catalyst","Shame","Catalyst","Tactician","Cloak And Dagger","Escape Plan"],"special_seed":0,"relics":["Ring of the Snake","Question Card","Snake Skull","Art of War","War Paint","White Beast Statue","Bag of Preparation","Smiling Mask","Gremlin Horn"],"potions_floor_usage":[30],"damage_taken":[{"damage":2.0,"enemies":"2 Louse","floor":1.0,"turns":3.0},{"damage":6.0,"enemies":"Jaw Worm","floor":3.0,"turns":7.0},{"damage":0.0,"enemies":"Cultist","floor":5.0,"turns":3.0},{"damage":24.0,"enemies":"3 Sentries","floor":6.0,"turns":7.0},{"damage":7.0,"enemies":"Lagavulin","floor":11.0,"turns":7.0},{"damage":12.0,"enemies":"Hexaghost","floor":16.0,"turns":8.0},{"damage":0.0,"enemies":"Chosen","floor":18.0,"turns":4.0},{"damage":18.0,"enemies":"3 Byrds","floor":21.0,"turns":6.0},{"damage":32.0,"enemies":"Slavers","floor":23.0,"turns":5.0},{"damage":0.0,"enemies":"Snake Plant","floor":28.0,"turns":4.0},{"damage":17,"enemies":"Colosseum Slavers","floor":30,"turns":6}],"seed_played":"2185034486416218326","potions_obtained":[{"floor":3.0,"key":"Weak Potion"},{"floor":6.0,"key":"GhostInAJar"},{"floor":18.0,"key":"PowerPotion"},{"floor":19.0,"key":"GhostInAJar"},{"floor":21.0,"key":"PowerPotion"},{"floor":23.0,"key":"EssenceOfSteel"},{"floor":28.0,"key":"Strength Potion"}],"is_trial":false,"path_per_floor":["M","$","M","?","M","E","?","R","T","R","E","R","T","$","R","B",null,"M","?","$","M","?","E","R","?","T","R","M","?","?"],"character_chosen":"THE_SILENT","items_purchased":["Well Laid Plans","All Out Attack","Backflip"],"campfire_rested":2,"item_purchase_floors":[2,2,14],"current_hp_per_floor":[57,57,51,51,51,27,9,28,28,28,21,21,21,21,21,9,52,52,52,52,34,34,2,21,21,21,21,21,21,4],"gold":0,"neow_bonus":"HUNDRED_GOLD","is_prod":false,"is_daily":false,"chose_seed":false,"campfire_upgraded":4,"win_rate":0,"timestamp":1563349417,"path_taken":["M","$","M","?","M","E","?","R","T","R","E","R","?","$","R","BOSS","M","?","$","?","?","E","R","?","T","R","M","?","?"],"build_version":"2019-07-05","purchased_purges":2,"victory":false,"max_hp_per_floor":[66,66,66,66,66,66,66,66,66,66,66,66,66,66,66,66,66,66,66,66,66,66,66,66,66,66,66,66,66,66],"card_choices":[{"not_picked":["Flying Knee","Sucker Punch","Slice"],"picked":"SKIP","floor":1.0},{"not_picked":["Backflip","Flying Knee"],"picked":"Bouncing Flask","floor":3.0},{"not_picked":["Masterful Stab","Envenom","Caltrops"],"picked":"SKIP","floor":5.0},{"not_picked":["Finisher","PiercingWail","Dodge and Roll"],"picked":"SKIP","floor":6.0},{"not_picked":["Accuracy","Choke","PiercingWail","Quick Slash"],"picked":"SKIP","floor":11.0},{"not_picked":["Night Terror","Bullet Time","A Thousand Cuts"],"picked":"Burst","floor":16.0},{"not_picked":["Quick Slash","Accuracy","Dodge and Roll"],"picked":"Catalyst","floor":18.0},{"not_picked":["PiercingWail","Reflex","Choke","Acrobatics"],"picked":"SKIP","floor":21.0},{"not_picked":["Backflip","Slice","Dodge and Roll"],"picked":"Catalyst","floor":23.0},{"not_picked":["Concentrate","Outmaneuver","Dodge and Roll"],"picked":"Escape Plan","floor":28.0}],"player_experience":1007999,"relics_obtained":[{"floor":6.0,"key":"Question Card"},{"floor":11.0,"key":"Art of War"},{"floor":13.0,"key":"War Paint"},{"floor":23.0,"key":"Smiling Mask"},{"floor":26.0,"key":"Gremlin Horn"}],"event_choices":[{"damage_healed":0.0,"max_hp_gain":0.0,"max_hp_loss":0.0,"gold_gain":0.0,"event_name":"Living Wall","player_choice":"Grow","floor":4.0,"gold_loss":0.0,"damage_taken":0.0,"cards_upgraded":["Bouncing Flask"]},{"damage_healed":0.0,"max_hp_gain":0.0,"max_hp_loss":0.0,"gold_gain":0.0,"event_name":"Scrap Ooze","player_choice":"Success","floor":7.0,"gold_loss":0.0,"damage_taken":18.0,"relics_obtained":["Snake Skull"]},{"damage_healed":0.0,"max_hp_gain":0.0,"max_hp_loss":0.0,"gold_gain":0.0,"event_name":"The Woman in Blue","player_choice":"Bought 1 Potion","floor":19.0,"gold_loss":0.0,"damage_taken":0.0},{"damage_healed":0.0,"max_hp_gain":0.0,"max_hp_loss":0.0,"gold_gain":0.0,"event_name":"Addict","player_choice":"Stole Relic","floor":22.0,"gold_loss":0.0,"damage_taken":0.0,"relics_obtained":["Bag of Preparation"],"cards_obtained":["Shame"]},{"damage_healed":0.0,"max_hp_gain":0.0,"max_hp_loss":0.0,"gold_gain":0.0,"cards_transformed":["Strike_G","Strike_G"],"event_name":"Drug Dealer","player_choice":"Became Test Subject","floor":25.0,"gold_loss":0.0,"damage_taken":0.0,"cards_obtained":["Tactician","Cloak And Dagger"]},{"damage_healed":0,"gold_gain":0,"player_choice":"Paid Fearfully","damage_taken":0,"max_hp_gain":0,"max_hp_loss":0,"event_name":"Masked Bandits","floor":29,"gold_loss":114},{"damage_healed":0,"gold_gain":0,"player_choice":"Fight","damage_taken":0,"max_hp_gain":0,"max_hp_loss":0,"event_name":"Colosseum","floor":30,"gold_loss":0}],"is_beta":false,"boss_relics":[{"not_picked":["Runic Dome","Fusion Hammer"],"picked":"White Beast Statue"}],"items_purged_floors":[2,20],"is_endless":false,"potions_floor_spawned":[3,6,11,16,18,21,23,28],"killed_by":"Colosseum Slavers","ascension_level":20}