{"gold_per_floor":[114,114,289,306,306,339,339,339,339,372,24,24,24,48,48,48],"floor_reached":16,"playtime":368,"items_purged":[],"score":168,"play_id":"f2b1e650-421c-4c1b-b031-c9d050652b33","local_time":"20180723094119","is_ascension_mode":true,"campfire_choices":[{"data":"Streamline","floor":7,"key":"SMITH"},{"floor":15,"key":"REST"}],"neow_cost":"NONE","seed_source_timestamp":3416546597872,"circlet_count":0,"master_deck":["Strike_B","Strike_B","Strike_B","Defend_B+1","Defend_B","Defend_B","Defend_B","Zap","Dualcast","Go for the Eyes+1","Doubt","Gash","Streamline+1","Conserve Battery","White Noise","Storm","Beam Cell","Sunder"],"relics":["Cracked Core","NeowsBlessing","FaceOfCleric","Darkstone Periapt","Orichalcum","Art of War","Juzu Bracelet","Odd Mushroom"],"potions_floor_usage":[14,16],"damage_taken":[{"damage":0,"enemies":"Cultist","floor":1,"turns":1},{"damage":0,"enemies":"2 Louse","floor":4,"turns":1},{"damage":0,"enemies":"3 Sentries","floor":6,"turns":1},{"damage":29,"enemies":"Lagavulin","floor":10,"turns":6},{"damage":18,"floor":14,"turns":5},{"damage":49,"enemies":"Slime Boss","floor":16,"turns":7}],"seed_played":"6187263887078874513","potions_obtained":[{"floor":10,"key":"SpeedPotion"},{"floor":14,"key":"EssenceOfSteel"}],"is_trial":false,"path_per_floor":["M","?","?","M","?","E","R","?","T","E","$","?","?","?","R"],"character_chosen":"DEFECT","items_purchased":["Juzu Bracelet","White Noise","Storm","Beam Cell"],"campfire_rested":1,"item_purchase_floors":[11,11,11,11],"current_hp_per_floor":[68,68,68,69,62,63,63,48,48,20,20,25,25,8,33,0],"gold":48,"neow_bonus":"THREE_ENEMY_KILL","is_prod":false,"is_daily":false,"chose_seed":false,"campfire_upgraded":1,"win_rate":0,"timestamp":1532310079,"path_taken":["M","?","?","M","?","E","R","?","T","E","?","?","?","?","R","BOSS"],"build_version":"2018-07-19v2","purchased_purges":0,"victory":false,"max_hp_per_floor":[75,75,75,76,76,77,77,77,77,78,78,83,83,84,84,84],"card_choices":[{"not_picked":["Sweeping Beam","Barrage"],"picked":"Go for the Eyes","floor":1},{"not_picked":["Coolheaded","Cold Snap"],"picked":"Gash","floor":4},{"not_picked":["Genetic Algorithm","Rainbow"],"picked":"Streamline","floor":6},{"not_picked":["Skim","Stack"],"picked":"Conserve Battery","floor":10},{"not_picked":["Stack","Conserve Battery"],"picked":"Sunder","floor":14}],"player_experience":162960,"relics_obtained":[{"floor":6,"key":"Darkstone Periapt"},{"floor":9,"key":"Orichalcum"},{"floor":10,"key":"Art of War"},{"floor":14,"key":"Odd Mushroom"}],"event_choices":[{"event_name":"FaceTrader","player_choice":"Trade","floor":2,"damage_taken":0},{"event_name":"Liars Game","player_choice":"agreed","floor":3,"damage_taken":0},{"event_name":"Golden Wing","player_choice":"Card Removal","floor":5,"damage_taken":0},{"event_name":"Shining Light","player_choice":"Entered Light","floor":8,"damage_taken":0},{"event_name":"Big Fish","player_choice":"Donut","floor":12,"damage_taken":0},{"event_name":"Match and Keep!","player_choice":"0 cards matched","floor":13,"damage_taken":0},{"event_name":"Mushrooms","player_choice":"Fought Mushrooms","floor":14,"damage_taken":0}],"is_beta":false,"boss_relics":[],"items_purged_floors":[],"is_endless":false,"potions_floor_spawned":[10,14],"killed_by":"Slime Boss","ascension_level":6}