{"gold_per_floor":[112,122,146,87,36,36,71,83,95,119,131,143,41,41,71,83,83,157,157,112,112,129,139,154,154,154],"floor_reached":26,"playtime":1412,"items_purged":["Strike_B"],"score":512,"play_id":"ed407be5-4c65-4e21-a72f-f89cd736926f","local_time":"20190308201105","is_ascension_mode":true,"campfire_choices":[{"data":"BasicCrystalCard","floor":6,"key":"SMITH"},{"data":"Chaos","floor":8,"key":"SMITH"},{"data":"Defragment","floor":14,"key":"SMITH"},{"data":"Seek","floor":25,"key":"SMITH"}],"neow_cost":"NONE","seed_source_timestamp":5148726632244,"circlet_count":0,"master_deck":["AscendersBane","Strike_B","Strike_B","Strike_B","Defend_B","Defend_B","Defend_B","Defend_B","Zap","Dualcast","Chaos+1","Ball Lightning","Loop","Loop+1","BasicCrystalCard+1","Conserve Battery","Panic Button","Defragment+1","Seek+1","Cold Snap","Crystallizer","Hologram","ReplayTheSpireMod:System Scan","Time Bomb"],"relics":["Cracked Core","NeowsBlessing","Bag of Preparation","MawBank","Meat on the Bone","Honey Jar"],"potions_floor_usage":[23,26],"damage_taken":[{"damage":0,"enemies":"Cultist","floor":1,"turns":1},{"damage":0,"enemies":"Small Slimes","floor":2,"turns":1},{"damage":0,"enemies":"Gremlin Nob","floor":7,"turns":1},{"damage":5,"enemies":"Jaw Worm","floor":10,"turns":4},{"damage":4,"enemies":"Exordium Wildlife","floor":16,"turns":3},{"damage":53,"enemies":"Fading Forest","floor":18,"turns":13},{"damage":36,"enemies":"2 Thieves","floor":20,"turns":5},{"damage":30,"enemies":"3 Byrds","floor":22,"turns":4},{"damage":13,"enemies":"Cultist and Chosen","floor":23,"turns":7},{"damage":13,"enemies":"Snake Plant","floor":24,"turns":4},{"damage":25,"enemies":"Snecko","floor":26,"turns":4}],"seed_played":"4366038341542466435","potions_obtained":[{"floor":1,"key":"Death Potion"},{"floor":2,"key":"Weak Potion"},{"floor":23,"key":"Dexterity Potion"},{"floor":24,"key":"Fire Potion"}],"is_trial":false,"path_per_floor":["M","M","T","$","$","R","E","R","T","M","PTL","PTL","$","R","?","M","R","B",null,"M","?","M","M","M","R","M"],"character_chosen":"DEFECT","items_purchased":["Loop","BasicCrystalCard","Defragment"],"campfire_rested":0,"item_purchase_floors":[4,5,13],"current_hp_per_floor":[64,64,64,64,64,64,64,64,64,59,59,59,59,59,59,55,71,30,61,37,37,19,18,17,17,0],"gold":154,"neow_bonus":"THREE_ENEMY_KILL","is_prod":false,"is_daily":false,"chose_seed":false,"campfire_upgraded":4,"win_rate":0,"timestamp":1552047065,"path_taken":["M","M","?","?","$","R","E","R","T","?","PTL","PTL","$","R","?","M","R","BOSS","M","?","M","M","M","R","M"],"build_version":"2019-02-06","purchased_purges":1,"victory":false,"max_hp_per_floor":[71,71,71,71,71,71,71,71,71,71,71,71,71,71,71,71,71,71,71,71,71,71,71,71,71,71],"card_choices":[{"not_picked":["Compile Driver","Melter"],"picked":"Chaos","floor":1},{"not_picked":["Rebound","Gash"],"picked":"Ball Lightning","floor":2},{"not_picked":["Hologram","Reboot"],"picked":"Conserve Battery","floor":7},{"not_picked":["Barrage","Gash"],"picked":"Panic Button","floor":10},{"not_picked":["Panic Button","Conserve Battery","ReplayTheSpireMod:Reroute Power"],"picked":"SKIP","floor":16},{"not_picked":["Biased Cognition","Machine Learning"],"picked":"Seek","floor":18},{"not_picked":["BasicCrystalCard","Force Field","Compile Driver"],"picked":"Cold Snap","floor":20},{"not_picked":["Compile Driver","Steam Power","Beam Cell"],"picked":"Hologram","floor":22},{"not_picked":["Blizzard","Ball Lightning","Multi-Cast"],"picked":"ReplayTheSpireMod:System Scan","floor":23},{"not_picked":["Beam Cell","Hello World","Barrage"],"picked":"Time Bomb","floor":24}],"player_experience":830025,"relics_obtained":[{"floor":3,"key":"Bag of Preparation"},{"floor":7,"key":"MawBank"},{"floor":9,"key":"Meat on the Bone"}],"event_choices":[{"damage_healed":0,"gold_gain":30,"player_choice":"Searched \u00271\u0027 times","damage_taken":0,"max_hp_gain":0,"max_hp_loss":0,"event_name":"Dead Adventurer","floor":15,"gold_loss":0},{"damage_healed":0,"gold_gain":0,"player_choice":"Read","damage_taken":0,"max_hp_gain":0,"max_hp_loss":0,"event_name":"The Library","floor":21,"gold_loss":0,"cards_obtained":["Crystallizer"]}],"is_beta":true,"boss_relics":[{"not_picked":["Eternal Feather","Cursed Key"],"picked":"Honey Jar"}],"items_purged_floors":[13],"is_endless":false,"potions_floor_spawned":[1,2,23,24],"killed_by":"Snecko","ascension_level":20}