{"gold_per_floor":[112,112,124,139,139,154,186,203,203,219,219,236,79,79,79,181,181,181,181,181,181,181,181,181,181,181,181,181,181,181,181,181,181,181,181,106,81,81,81,81,81,81,81,81,0,0,0,0,0,0],"floor_reached":51,"playtime":3968,"items_purged":["Strike_G"],"score":666,"play_id":"f2e79f63-de02-4284-8c90-f525ebb6e368","local_time":"20190810031508","is_ascension_mode":false,"campfire_choices":[{"floor":11,"key":"REST"},{"data":"Noxious Fumes","floor":15,"key":"SMITH"},{"floor":23,"key":"REST"},{"data":"Leg Sweep","floor":27,"key":"SMITH"},{"floor":29,"key":"REST"},{"data":"Footwork","floor":32,"key":"SMITH"},{"floor":40,"key":"REST"},{"data":"Bandage Up","floor":42,"key":"SMITH"},{"floor":49,"key":"REST"}],"neow_cost":"NONE","seed_source_timestamp":7253363906789,"circlet_count":0,"master_deck":["Strike_G+1","Defend_G+1","Defend_G+1","Defend_G+1","Defend_G+1","Defend_G+1","Survivor+1","Neutralize+1","Underhanded Strike+1","PiercingWail+1","Noxious Fumes+1","Deadly Poison+1","Leg Sweep+1","Dagger Throw+1","Skewer+1","Dash+1","Bandage Up+1","Malaise+1","Outmaneuver+1","Noxious Fumes+1","Neutralize+1","Noxious Fumes+1","Dodge and Roll+1","Footwork+1","Venomology+1","Acrobatics+1","Noxious Fumes+1","Acrobatics+1","Well Laid Plans+1","Deadly Poison+1"],"relics":["Ring of the Snake","Centennial Puzzle","Bronze Scales","Ectoplasm","Pen Nib","Bottled Tornado","Dodecahedron","Empty Cage","Potion Belt","Red Mask","Mark of the Bloom"],"potions_floor_usage":[7,16,16,25,33,35,38,39,47,47,50],"damage_taken":[{"damage":3,"enemies":"Jaw Worm","floor":1,"turns":8},{"damage":0,"enemies":"Small Slimes","floor":3,"turns":3},{"damage":3,"enemies":"2 Louse","floor":4,"turns":3},{"damage":3,"enemies":"Lots of Slimes","floor":6,"turns":5},{"damage":9,"enemies":"Lagavulin","floor":7,"turns":7},{"damage":0,"enemies":"Large Slime","floor":8,"turns":7},{"damage":3,"enemies":"3 Louse","floor":10,"turns":3},{"damage":0,"enemies":"Looter","floor":12,"turns":4},{"damage":23,"enemies":"Slime Boss","floor":16,"turns":12},{"damage":13,"enemies":"Spheric Guardian","floor":18,"turns":6},{"damage":0,"enemies":"3 Byrds","floor":19,"turns":5},{"damage":0,"enemies":"Shelled Parasite and Fungi","floor":21,"turns":5},{"damage":4,"enemies":"Book of Stabbing","floor":24,"turns":6},{"damage":14,"enemies":"Centurion and Healer","floor":25,"turns":6},{"damage":7,"enemies":"Gremlin Leader","floor":28,"turns":7},{"damage":8,"enemies":"3 Cultists","floor":30,"turns":4},{"damage":0,"enemies":"Snake Plant","floor":31,"turns":4},{"damage":62,"enemies":"Collector","floor":33,"turns":10},{"damage":12,"enemies":"3 Darklings","floor":35,"turns":4},{"damage":8,"enemies":"Orb Walker","floor":38,"turns":5},{"damage":18,"enemies":"Maw","floor":39,"turns":8},{"damage":6,"enemies":"Sphere and 2 Shapes","floor":44,"turns":5},{"damage":2,"enemies":"Jaw Worm Horde","floor":47,"turns":5},{"damage":62,"enemies":"Time Eater","floor":50,"turns":12}],"seed_played":"5723857010288869579","potions_obtained":[{"floor":1,"key":"Poison Potion"},{"floor":4,"key":"Dexterity Potion"},{"floor":6,"key":"EssenceOfSteel"},{"floor":10,"key":"GhostInAJar"},{"floor":16,"key":"SpeedPotion"},{"floor":21,"key":"FearPotion"},{"floor":30,"key":"LiquidBronze"},{"floor":33,"key":"Ancient Potion"},{"floor":44,"key":"SteroidPotion"}],"is_trial":false,"path_per_floor":["M","?","M","M","?","M","E","M","T","M","R","M","$","?","R","B",null,"M","M","?","M","?","R","E","M","T","R","E","R","M","M","R","B",null,"M","$","$","M","M","R","?","R","T","M","?","?","M","$","R","B",null],"character_chosen":"THE_SILENT","items_purchased":["Bandage Up","Noxious Fumes","Acrobatics"],"campfire_rested":5,"item_purchase_floors":[13,36,37],"current_hp_per_floor":[67,53,53,50,70,67,58,58,58,55,70,70,70,70,70,51,70,61,65,52,56,56,75,75,65,65,65,62,75,67,71,71,13,75,66,66,66,62,48,70,70,70,70,69,69,69,67,67,67,5],"gold":0,"neow_bonus":"TRANSFORM_CARD","is_prod":false,"is_daily":false,"chose_seed":false,"campfire_upgraded":4,"win_rate":0,"timestamp":1565421308,"path_taken":["M","?","M","M","?","M","E","M","T","M","R","M","$","?","R","BOSS","M","M","?","M","?","R","E","M","T","R","E","R","M","M","R","BOSS","M","?","$","M","M","R","?","R","T","M","?","?","M","$","R","BOSS"],"build_version":"2019-07-17","purchased_purges":1,"victory":true,"max_hp_per_floor":[70,70,70,70,70,70,70,70,70,70,70,70,70,70,70,70,70,70,70,75,75,75,75,75,75,75,75,75,75,75,75,75,75,75,75,75,75,75,75,75,75,75,75,75,75,75,75,75,75,75],"card_choices":[{"not_picked":["Heel Hook","Blade Dance"],"picked":"PiercingWail","floor":1},{"not_picked":["Crippling Poison","Cloak And Dagger"],"picked":"Noxious Fumes","floor":3},{"not_picked":["Choke","Quick Slash"],"picked":"Deadly Poison","floor":4},{"not_picked":["Poisoned Stab","Underhanded Strike"],"picked":"Leg Sweep","floor":6},{"not_picked":["Terror","Outmaneuver","Infinite Blades"],"picked":"SKIP","floor":7},{"not_picked":["Prepared","Deadly Poison"],"picked":"Dagger Throw","floor":8},{"not_picked":["Masterful Stab","Outmaneuver"],"picked":"Skewer","floor":10},{"not_picked":["Choke","Heel Hook"],"picked":"Dash","floor":12},{"not_picked":["Tools of the Trade","After Image"],"picked":"Malaise","floor":16},{"not_picked":["Slice+1","Distraction"],"picked":"Outmaneuver+1","floor":18},{"not_picked":["Underhanded Strike","Cloak And Dagger+1","Blade Dance"],"picked":"SKIP","floor":19},{"not_picked":["Blade Dance+1","Sucker Punch+1"],"picked":"Noxious Fumes","floor":21},{"not_picked":["Crippling Poison","Bane"],"picked":"Noxious Fumes","floor":24},{"not_picked":["Calculated Gamble","Blade Dance","Acrobatics"],"picked":"SKIP","floor":25},{"not_picked":["Deflect","Phantasmal Killer"],"picked":"Dodge and Roll+1","floor":28},{"not_picked":["Poisoned Stab","Sucker Punch"],"picked":"Footwork","floor":30},{"not_picked":["Quick Slash","Outmaneuver","Flying Knee"],"picked":"SKIP","floor":31},{"not_picked":["After Image","Tools of the Trade"],"picked":"Venomology","floor":33},{"not_picked":["PiercingWail","Dagger Spray"],"picked":"Acrobatics+1","floor":35},{"not_picked":["Quick Slash+1","Deadly Poison+1"],"picked":"Well Laid Plans","floor":38},{"not_picked":["PiercingWail","All Out Attack","Acrobatics+1"],"picked":"SKIP","floor":39},{"not_picked":["Distraction","Blade Dance+1","Dodge and Roll"],"picked":"SKIP","floor":44},{"not_picked":["Bane+1","PiercingWail+1"],"picked":"Deadly Poison+1","floor":47}],"player_experience":44645,"relics_obtained":[{"floor":7,"key":"Centennial Puzzle"},{"floor":9,"key":"Bronze Scales"},{"floor":24,"key":"Pen Nib"},{"floor":26,"key":"Bottled Tornado"},{"floor":28,"key":"Dodecahedron"},{"floor":43,"key":"Potion Belt"}],"event_choices":[{"damage_healed":0,"gold_gain":0,"player_choice":"Entered Light","damage_taken":14,"max_hp_gain":0,"max_hp_loss":0,"event_name":"Shining Light","floor":2,"gold_loss":0,"cards_upgraded":["Strike_G","Survivor"]},{"damage_healed":23,"gold_gain":0,"player_choice":"Banana","damage_taken":0,"max_hp_gain":0,"max_hp_loss":0,"event_name":"Big Fish","floor":5,"gold_loss":0},{"damage_healed":0,"gold_gain":0,"player_choice":"Ignored","damage_taken":0,"max_hp_gain":0,"max_hp_loss":0,"event_name":"Liars Game","floor":14,"gold_loss":0},{"damage_healed":0,"gold_gain":0,"player_choice":"Shed Blood","damage_taken":18,"max_hp_gain":5,"max_hp_loss":0,"event_name":"Forgotten Altar","floor":20,"gold_loss":0},{"damage_healed":0,"gold_gain":0,"player_choice":"1 cards matched","damage_taken":0,"max_hp_gain":0,"max_hp_loss":0,"event_name":"Match and Keep!","floor":22,"gold_loss":0,"cards_obtained":["Neutralize"]},{"damage_healed":0,"gold_gain":0,"player_choice":"Ignored","damage_taken":0,"max_hp_gain":0,"max_hp_loss":0,"event_name":"Mysterious Sphere","floor":41,"gold_loss":0},{"damage_healed":0,"gold_gain":0,"player_choice":"Paid","damage_taken":0,"relics_obtained":["Red Mask"],"max_hp_gain":0,"max_hp_loss":0,"event_name":"Tomb of Lord Red Mask","floor":45,"gold_loss":81},{"damage_healed":0,"gold_gain":0,"player_choice":"Upgrade","damage_taken":0,"relics_obtained":["Mark of the Bloom"],"max_hp_gain":0,"max_hp_loss":0,"event_name":"MindBloom","floor":46,"gold_loss":0,"cards_upgraded":["Defend_G","Defend_G","Defend_G","Defend_G","Defend_G","Neutralize","Underhanded Strike","PiercingWail","Deadly Poison","Dagger Throw","Skewer","Dash","Malaise","Noxious Fumes","Neutralize","Noxious Fumes","Venomology","Noxious Fumes","Acrobatics","Well Laid Plans"]}],"is_beta":false,"boss_relics":[{"not_picked":["Philosopher\u0027s Stone","WristBlade"],"picked":"Ectoplasm"},{"not_picked":["Black Star","Busted Crown"],"picked":"Empty Cage"}],"items_purged_floors":[13],"is_endless":false,"potions_floor_spawned":[1,4,6,10,16,21,24,30,31,33,35,44],"ascension_level":0}