{"gold_per_floor":[119,119,132,145,158,158,14,14,14,14,29,45,45,45,45,45],"floor_reached":16,"playtime":507,"items_purged":[],"score":179,"play_id":"45a86506-4ca1-4262-b273-0d82e51f7c50","local_time":"20180915190314","is_ascension_mode":true,"campfire_choices":[{"data":"Zap","floor":6,"key":"SMITH"},{"data":"Chill","floor":8,"key":"SMITH"},{"data":"Dualcast","floor":10,"key":"SMITH"},{"data":"Reinforced Body","floor":15,"key":"SMITH"}],"neow_cost":"TEN_PERCENT_HP_LOSS","seed_source_timestamp":30759886834915,"circlet_count":0,"master_deck":["Strike_B","Strike_B","Strike_B","Strike_B","Defend_B","Defend_B","Defend_B","Defend_B","Zap+1","Dualcast+1","AscendersBane","Beam Cell","Streamline+1","Glacier","Chill+1","Self Repair","Sweeping Beam+1","Reinforced Body+1","Cold Snap+1"],"relics":["Cracked Core","Unceasing Top","Molten Egg 2","Girya","Golden Idol"],"potions_floor_usage":[],"damage_taken":[{"damage":1,"enemies":"Cultist","floor":1,"turns":3},{"damage":12,"enemies":"Jaw Worm","floor":3,"turns":2},{"damage":6,"enemies":"Small Slimes","floor":4,"turns":2},{"damage":8,"enemies":"Red Slaver","floor":5,"turns":4},{"damage":14,"enemies":"Large Slime","floor":11,"turns":4},{"damage":9,"enemies":"Lots of Slimes","floor":12,"turns":5},{"damage":27,"enemies":"Hexaghost","floor":16,"turns":10}],"seed_played":"6935788706945752130","potions_obtained":[{"floor":3,"key":"Ancient Potion"},{"floor":4,"key":"SpeedPotion"}],"is_trial":false,"path_per_floor":["M","T","M","M","M","R","$","R","T","R","M","M","?","$","R"],"character_chosen":"DEFECT","items_purchased":["Self Repair","Sweeping Beam+1"],"campfire_rested":0,"item_purchase_floors":[7,7],"current_hp_per_floor":[63,63,51,45,37,37,37,37,37,37,23,21,21,21,21,0],"gold":45,"neow_bonus":"ONE_RARE_RELIC","is_prod":false,"is_daily":false,"chose_seed":false,"campfire_upgraded":4,"win_rate":0,"timestamp":1537009394,"path_taken":["M","?","M","?","M","R","?","R","T","R","M","M","?","$","R","BOSS"],"build_version":"2018-09-12","purchased_purges":0,"victory":false,"max_hp_per_floor":[64,64,64,64,64,64,64,64,64,64,64,64,58,58,58,58],"card_choices":[{"not_picked":["Barrage","Static Discharge"],"picked":"Beam Cell","floor":1},{"not_picked":["Redo","Hologram"],"picked":"Streamline+1","floor":3},{"not_picked":["Scrape+1","Core Surge+1"],"picked":"Glacier","floor":4},{"not_picked":["Hello World","Beam Cell+1"],"picked":"Chill","floor":5},{"not_picked":["Beam Cell+1","Heatsinks"],"picked":"Reinforced Body","floor":11},{"not_picked":["Sweeping Beam+1","Redo"],"picked":"Cold Snap+1","floor":12}],"player_experience":341263,"relics_obtained":[{"floor":2,"key":"Molten Egg 2"},{"floor":9,"key":"Girya"}],"event_choices":[{"event_name":"Golden Idol","player_choice":"Lose Max HP","floor":13,"damage_taken":0}],"is_beta":true,"boss_relics":[],"items_purged_floors":[],"is_endless":false,"potions_floor_spawned":[3,4,12],"killed_by":"Hexaghost","ascension_level":19}