{"gold_per_floor":[119,136,156,173,173,173,173,193,193,273,302,312,312,299,299,299],"floor_reached":16,"playtime":1528,"items_purged":[],"score":172,"play_id":"de032d54-2c22-4774-b859-900c65b38cc8","local_time":"20180831160721","is_ascension_mode":true,"campfire_choices":[{"data":"Zap","floor":6,"key":"SMITH"},{"floor":13,"key":"REST"},{"data":"Consume","floor":15,"key":"SMITH"}],"neow_cost":"NONE","seed_source_timestamp":26874597028258,"circlet_count":0,"master_deck":["Strike_B","Strike_B","Strike_B","Strike_B","Defend_B","Defend_B+1","Defend_B+1","Defend_B","Zap+1","Dualcast","AscendersBane","Core Surge","Auto Shields","Coolheaded","Go for the Eyes","Cold Snap","Parasite","Consume+1","Reinforced Body","Self Repair"],"relics":["Cracked Core","The Courier","Bottled Flame"],"potions_floor_usage":[],"damage_taken":[{"damage":10,"enemies":"Small Slimes","floor":1,"turns":4},{"damage":3,"enemies":"2 Louse","floor":2,"turns":2},{"damage":0,"enemies":"Cultist","floor":3,"turns":4},{"damage":0,"enemies":"3 Louse","floor":4,"turns":3},{"damage":6,"enemies":"Blue Slaver","floor":8,"turns":3},{"damage":38,"enemies":"3 Sentries","floor":11,"turns":11},{"damage":6,"enemies":"2 Fungi Beasts","floor":12,"turns":3},{"damage":0,"enemies":"Exordium Thugs","floor":14,"turns":4},{"damage":31,"enemies":"Hexaghost","floor":16,"turns":10}],"seed_played":"5491551704390588182","potions_obtained":[{"floor":1,"key":"LiquidBronze"},{"floor":3,"key":"EssenceOfSteel"}],"is_trial":false,"path_per_floor":["M","M","M","M","?","R","?","M","T","?","E","M","R","M","R"],"character_chosen":"DEFECT","items_purchased":[],"campfire_rested":1,"item_purchase_floors":[],"current_hp_per_floor":[58,55,55,55,40,40,58,52,52,52,14,8,30,30,30,0],"gold":299,"neow_bonus":"ONE_RANDOM_RARE_CARD","is_prod":false,"is_daily":false,"chose_seed":false,"campfire_upgraded":2,"win_rate":0,"timestamp":1535702841,"path_taken":["M","M","M","M","?","R","?","M","T","?","E","M","R","M","R","BOSS"],"build_version":"2018-08-30","purchased_purges":0,"victory":false,"max_hp_per_floor":[75,75,75,75,75,75,75,75,75,75,75,75,75,75,75,75],"card_choices":[{"not_picked":["Darkness","Melter"],"picked":"Auto Shields","floor":1},{"not_picked":["Steam","Redo"],"picked":"Coolheaded","floor":2},{"not_picked":["Blizzard","Beam Cell"],"picked":"Go for the Eyes","floor":3},{"not_picked":["Reprogram","Gash"],"picked":"Cold Snap","floor":4},{"not_picked":["Gash","Melter","Lockon"],"picked":"SKIP","floor":8},{"not_picked":["Coolheaded","Rainbow"],"picked":"Consume","floor":11},{"not_picked":["Steam","Streamline"],"picked":"Reinforced Body","floor":12},{"not_picked":["Leap","Cold Snap"],"picked":"Self Repair","floor":14}],"player_experience":290275,"relics_obtained":[{"floor":9,"key":"The Courier"},{"floor":11,"key":"Bottled Flame"}],"event_choices":[{"event_name":"Shining Light","player_choice":"Entered Light","floor":5,"damage_taken":0},{"event_name":"Mushrooms","player_choice":"Healed and dodged fight","floor":7,"damage_taken":0},{"event_name":"Golden Wing","player_choice":"Gained Gold","floor":10,"damage_taken":0}],"is_beta":true,"boss_relics":[],"items_purged_floors":[],"is_endless":false,"potions_floor_spawned":[1,3,8,14],"killed_by":"Hexaghost","ascension_level":13}