{"gold_per_floor":[116,116,116,116,36,36,63,76,76,76,76,103,117,135,135,239,239,254,254,179,83,101,101,101,101,128,26,44,54,54,71,71,170,220,232,507,432,486,506,506,533,533,558,558],"floor_reached":44,"playtime":2239,"items_purged":["Regret"],"score":707,"play_id":"b709cd0b-4a0a-433b-b3dd-c8ecfeaed3d8","local_time":"20180822160846","is_ascension_mode":true,"campfire_choices":[{"data":"Defragment","floor":6.0,"key":"SMITH"},{"floor":10.0,"key":"REST"},{"data":"Chaos","floor":15.0,"key":"SMITH"},{"data":"Hologram","floor":23.0,"key":"SMITH"},{"data":"Steam Power","floor":25.0,"key":"SMITH"},{"floor":32.0,"key":"REST"},{"data":"Rainbow","floor":40.0,"key":"SMITH"},{"floor":42.0,"key":"REST"}],"neow_cost":"","seed_source_timestamp":0,"circlet_count":0,"master_deck":["Strike_B","Strike_B","Strike_B","Defend_B+1","Defend_B","Defend_B","Defend_B","Zap","Dualcast+1","AscendersBane","Leap","Defragment+1","Defragment+1","Turbo","Tempest","Chaos+1","Go for the Eyes","Electrodynamics+1","Hologram+1","BootSequence","Steam","Steam Power+1","Coolheaded","Auto Shields","Rainbow+1","Redo","Biased Cognition","Self Repair","Barrage","Conserve Battery+1","Buffer"],"special_seed":0,"relics":["Cracked Core","Pantograph","Symbiotic Virus","Nunchaku","Inserter","Enchiridion","Anchor","Tiny House","Girya","Ancient Tea Set","Orichalcum"],"potions_floor_usage":[44],"damage_taken":[{"damage":2.0,"enemies":"Jaw Worm","floor":1.0,"turns":3.0},{"damage":36.0,"enemies":"Lagavulin","floor":7.0,"turns":7.0},{"damage":0.0,"enemies":"Small Slimes","floor":8.0,"turns":3.0},{"damage":26.0,"enemies":"3 Sentries","floor":12.0,"turns":9.0},{"damage":0.0,"enemies":"Cultist","floor":13.0,"turns":3.0},{"damage":10.0,"enemies":"3 Louse","floor":14.0,"turns":3.0},{"damage":3.0,"enemies":"Hexaghost","floor":16.0,"turns":8.0},{"damage":7.0,"enemies":"Chosen","floor":18.0,"turns":3.0},{"damage":14.0,"enemies":"Shell Parasite","floor":22.0,"turns":4.0},{"damage":0.0,"enemies":"Snake Plant","floor":28.0,"turns":3.0},{"damage":5.0,"enemies":"3 Cultists","floor":29.0,"turns":3.0},{"damage":23.0,"enemies":"Shelled Parasite and Fungi","floor":31.0,"turns":4.0},{"damage":46.0,"enemies":"Champ","floor":33.0,"turns":13.0},{"damage":0.0,"enemies":"3 Darklings","floor":35.0,"turns":4.0},{"damage":17.0,"floor":38.0,"turns":4.0},{"damage":6.0,"enemies":"Orb Walker","floor":39.0,"turns":5.0},{"damage":23.0,"enemies":"2 Orb Walkers","floor":41.0,"turns":4.0},{"damage":64,"enemies":"Giant Head","floor":44,"turns":11}],"seed_played":"-1114495598135422099","potions_obtained":[{"floor":7.0,"key":"Poison Potion"},{"floor":16.0,"key":"SteroidPotion"},{"floor":22.0,"key":"Regen Potion"},{"floor":29.0,"key":"Dexterity Potion"},{"floor":34.0,"key":"LiquidBronze"},{"floor":35.0,"key":"PowerPotion"}],"is_trial":false,"path_per_floor":["M","?","?","?","$","R","E","M","T","R","?","E","M","M","R","B",null,"M","?","?","$","M","R","?","R","T","$","M","M","?","M","R","B",null,"M","?","$","?","M","R","E","R","T"],"character_chosen":"DEFECT","items_purchased":["Defragment","BootSequence","Steam","Block Potion","Coolheaded"],"campfire_rested":3,"item_purchase_floors":[5,21,21,27,27],"current_hp_per_floor":[66,66,66,51,51,51,15,15,15,37,37,11,11,1,1,23,62,55,55,55,55,41,41,25,25,25,25,25,29,29,6,28,7,63,63,63,63,60,54,54,31,55,55,0],"gold":558,"neow_bonus":"","is_prod":false,"is_daily":false,"chose_seed":false,"campfire_upgraded":5,"win_rate":0,"timestamp":1534925326,"path_taken":["M","?","?","?","?","R","E","M","T","R","?","E","M","M","R","BOSS","M","?","?","$","?","R","?","R","T","$","M","?","?","?","R","BOSS","M","?","$","?","M","R","E","R","T","E"],"build_version":"2018-08-16","purchased_purges":1,"victory":false,"max_hp_per_floor":[75,75,75,75,75,75,75,75,75,75,75,75,75,75,75,75,75,75,75,75,75,75,75,75,75,75,75,75,75,75,75,75,75,80,80,80,80,80,80,80,80,80,80,80],"card_choices":[{"not_picked":["Beam Cell","Sweeping Beam"],"picked":"Leap","floor":1.0},{"not_picked":["Core Surge","Double Energy"],"picked":"Defragment","floor":7.0},{"not_picked":["Consume","Leap"],"picked":"Turbo","floor":8.0},{"not_picked":["Barrage","Hyperbeam"],"picked":"Tempest","floor":12.0},{"not_picked":["Hologram","Undo"],"picked":"Chaos","floor":13.0},{"not_picked":["BootSequence","Reprogram"],"picked":"Go for the Eyes","floor":14.0},{"not_picked":["Meteor Strike","Reboot"],"picked":"Electrodynamics","floor":16.0},{"not_picked":["Streamline","Leap"],"picked":"Hologram","floor":18.0},{"not_picked":["BootSequence","Reprogram"],"picked":"Steam Power","floor":22.0},{"not_picked":["Recycle","Sweeping Beam"],"picked":"Auto Shields","floor":28.0},{"not_picked":["Rebound","Streamline","Steam"],"picked":"SKIP","floor":29.0},{"not_picked":["Storm","Cold Snap"],"picked":"Redo","floor":31.0},{"not_picked":["Rainbow","Reboot"],"picked":"Biased Cognition","floor":33.0},{"not_picked":["Fusion","Darkness+1"],"picked":"Self Repair","floor":34.0},{"not_picked":["Fusion","Steam+1"],"picked":"Barrage","floor":35.0},{"not_picked":["Capacitor","BootSequence+1"],"picked":"Conserve Battery+1","floor":38.0},{"not_picked":["Scrape","Blizzard","Redo"],"picked":"SKIP","floor":39.0},{"not_picked":["Sweeping Beam","Undo"],"picked":"Buffer","floor":41.0}],"player_experience":253856,"relics_obtained":[{"floor":7.0,"key":"Pantograph"},{"floor":9.0,"key":"Symbiotic Virus"},{"floor":12.0,"key":"Nunchaku"},{"floor":24.0,"key":"Enchiridion"},{"floor":26.0,"key":"Anchor"},{"floor":38.0,"key":"Girya"},{"floor":41.0,"key":"Ancient Tea Set"},{"floor":43.0,"key":"Orichalcum"}],"event_choices":[{"event_name":"Living Wall","player_choice":"Change","floor":2.0,"damage_taken":0.0},{"event_name":"The Cleric","player_choice":"Leave","floor":3.0,"damage_taken":0.0},{"event_name":"Shining Light","player_choice":"Entered Light","floor":4.0,"damage_taken":0.0},{"event_name":"Upgrade Shrine","player_choice":"Upgraded","floor":11.0,"damage_taken":0.0},{"event_name":"Vampires","player_choice":"Ignored","floor":19.0,"damage_taken":0.0},{"event_name":"Beggar","player_choice":"Gave Gold","floor":20.0,"damage_taken":0.0},{"event_name":"Cursed Tome","player_choice":"Obtained Book","floor":24.0,"damage_taken":0.0},{"event_name":"The Library","player_choice":"Read","floor":30.0,"damage_taken":0.0},{"event_name":"Golden Shrine","player_choice":"Desecrate","floor":36.0,"damage_taken":0.0},{"event_name":"Mysterious Sphere","player_choice":"Fight","floor":38.0,"damage_taken":0.0}],"is_beta":false,"boss_relics":[{"not_picked":["Calling Bell","FrozenCore"],"picked":"Inserter"},{"not_picked":["Snecko Eye","Black Star"],"picked":"Tiny House"}],"items_purged_floors":[37],"is_endless":false,"potions_floor_spawned":[7,16,22,28,29,35,39],"killed_by":"Giant Head","ascension_level":12}