{"gold_per_floor":[112,112,128,53,53,53,87,101,101,50,50,50,76,96,96,170,170,181,181,6,22,22,22,57,57,83,83,83,100,100,118,118,197,197,215,235,254,129,229,257,257,273,273,273,290,290,308,326,326,326],"floor_reached":51,"playtime":1898,"items_purged":["Strike_R","Strike_R","Strike_R"],"score":1390,"play_id":"ca50a7fb-c37d-4cb3-8191-c3e53d34072b","local_time":"20190210203239","is_ascension_mode":true,"campfire_choices":[{"data":"Infernal Blade","floor":6.0,"key":"SMITH"},{"data":"Armaments","floor":12.0,"key":"SMITH"},{"data":"Bash","floor":15.0,"key":"SMITH"},{"data":"Flex","floor":23.0,"key":"SMITH"},{"data":"Limit Break","floor":25.0,"key":"SMITH"},{"data":"Limit Break","floor":28.0,"key":"SMITH"},{"data":"Fiend Fire","floor":30.0,"key":"SMITH"},{"data":"Dual Wield","floor":32.0,"key":"SMITH"},{"data":"Impervious","floor":41.0,"key":"SMITH"},{"data":"Whirlwind","floor":46.0,"key":"SMITH"},{"data":"Battle Trance","floor":49,"key":"SMITH"}],"neow_cost":"NONE","seed_source_timestamp":5884781877195,"circlet_count":0,"master_deck":["AscendersBane","Strike_R","Defend_R","Defend_R","Defend_R","Defend_R","Bash+1","Second Wind","Infernal Blade+1","Sword Boomerang","Armaments+1","Fiend Fire+1","Limit Break+1","Flex+1","Limit Break+1","Whirlwind+1","Dual Wield+1","Impervious+1","Seeing Red+1","Battle Trance+1"],"special_seed":0,"relics":["Burning Blood","NeowsBlessing","Bird Faced Urn","Bottled Lightning","Oddly Smooth Stone","Runic Pyramid","Anchor","Vajra","CultistMask","Cursed Key","Unceasing Top","Frozen Egg 2"],"potions_floor_usage":[50,50],"damage_taken":[{"damage":0.0,"enemies":"Cultist","floor":1.0,"turns":1.0},{"damage":0.0,"enemies":"Jaw Worm","floor":3.0,"turns":1.0},{"damage":0.0,"enemies":"Lagavulin","floor":7.0,"turns":1.0},{"damage":3.0,"enemies":"2 Louse","floor":8.0,"turns":3.0},{"damage":32.0,"enemies":"3 Sentries","floor":13.0,"turns":6.0},{"damage":11.0,"enemies":"Exordium Thugs","floor":14.0,"turns":6.0},{"damage":33.0,"enemies":"Slime Boss","floor":16.0,"turns":11.0},{"damage":0.0,"enemies":"Chosen","floor":18.0,"turns":3.0},{"damage":0.0,"enemies":"Spheric Guardian","floor":21.0,"turns":3.0},{"damage":38.0,"enemies":"Gremlin Leader","floor":24.0,"turns":5.0},{"damage":0.0,"enemies":"Centurion and Healer","floor":29.0,"turns":4.0},{"damage":0.0,"enemies":"Snecko","floor":31.0,"turns":3.0},{"damage":17.0,"enemies":"Automaton","floor":33.0,"turns":6.0},{"damage":0.0,"enemies":"3 Darklings","floor":35.0,"turns":4.0},{"damage":1.0,"enemies":"Orb Walker","floor":36.0,"turns":2.0},{"damage":0.0,"enemies":"Writhing Mass","floor":37.0,"turns":4.0},{"damage":7.0,"enemies":"Mind Bloom Boss Battle","floor":39.0,"turns":6.0},{"damage":0.0,"enemies":"Giant Head","floor":40.0,"turns":5.0},{"damage":12.0,"enemies":"Maw","floor":42.0,"turns":7.0},{"damage":0.0,"enemies":"Spire Growth","floor":45.0,"turns":3.0},{"damage":12,"enemies":"Writhing Mass","floor":47,"turns":4},{"damage":6,"enemies":"Transient","floor":48,"turns":6},{"damage":34,"enemies":"Time Eater","floor":50,"turns":5}],"seed_played":"-5971585460874863863","potions_obtained":[{"floor":7.0,"key":"GamblersBrew"},{"floor":14.0,"key":"Explosive Potion"},{"floor":24.0,"key":"FearPotion"},{"floor":31.0,"key":"GamblersBrew"},{"floor":47,"key":"FearPotion"}],"is_trial":false,"path_per_floor":["M","$","M","$","?","R","E","M","T","$","?","R","E","M","R","B",null,"M","?","$","M","$","R","E","R","T","?","R","M","R","M","R","B",null,"M","M","M","$","?","E","R","M","T","?","M","R","M","M","R","B",null],"character_chosen":"IRONCLAD","items_purchased":["Armaments","Whirlwind"],"campfire_rested":0,"item_purchase_floors":[10,20],"current_hp_per_floor":[74,74,75,75,75,75,75,75,75,75,75,75,49,44,44,17,61,67,67,67,73,73,73,41,41,41,41,41,47,47,53,53,42,67,73,75,75,75,74,75,75,69,69,69,75,75,69,69,69,41],"gold":326,"neow_bonus":"THREE_ENEMY_KILL","is_prod":false,"is_daily":false,"chose_seed":false,"campfire_upgraded":11,"win_rate":0,"timestamp":1549801959,"path_taken":["M","$","?","$","?","R","E","?","T","?","?","R","E","M","R","BOSS","M","?","?","?","$","R","E","R","T","?","R","?","R","M","R","BOSS","M","M","M","$","?","E","R","M","T","?","M","R","M","M","R","BOSS"],"build_version":"2019-02-06","purchased_purges":3,"victory":true,"max_hp_per_floor":[75,75,75,75,75,75,75,75,75,75,75,75,75,75,75,75,75,75,75,75,75,75,75,75,75,75,75,75,75,75,75,75,75,75,75,75,75,75,75,75,75,75,75,75,75,75,75,75,75,75],"card_choices":[{"not_picked":["Clash","Perfected Strike"],"picked":"Second Wind","floor":1.0},{"not_picked":["Reckless Charge","Heavy Blade"],"picked":"Infernal Blade","floor":3.0},{"not_picked":["Intimidate","Rupture"],"picked":"Sword Boomerang","floor":7.0},{"not_picked":["Clothesline","Anger","Perfected Strike"],"picked":"SKIP","floor":8.0},{"not_picked":["Clothesline","Body Slam"],"picked":"Fiend Fire","floor":13.0},{"not_picked":["Cleave","Searing Blow","Iron Wave"],"picked":"SKIP","floor":14.0},{"not_picked":["Demon Form","Exhume"],"picked":"Limit Break","floor":16.0},{"not_picked":["Warcry+1","Anger"],"picked":"Flex","floor":18.0},{"not_picked":["Hemokinesis","Wild Strike","Flex"],"picked":"SKIP","floor":21.0},{"not_picked":["Clothesline","Clash","Intimidate"],"picked":"SKIP","floor":24.0},{"not_picked":["Clash","Intimidate","True Grit"],"picked":"SKIP","floor":29.0},{"not_picked":["Clash","Intimidate","True Grit"],"picked":"SKIP","floor":29.0},{"not_picked":["Cleave+1","Warcry"],"picked":"Dual Wield","floor":31.0},{"not_picked":["Immolate","Bludgeon"],"picked":"Impervious","floor":33.0},{"not_picked":["Warcry+1","Reckless Charge","Second Wind"],"picked":"SKIP","floor":35.0},{"not_picked":["Flex","Anger+1","Armaments"],"picked":"SKIP","floor":36.0},{"not_picked":["Entrench","Warcry","Clothesline+1"],"picked":"SKIP","floor":37.0},{"not_picked":["Power Through","Iron Wave","Pummel"],"picked":"SKIP","floor":40.0},{"not_picked":["True Grit+1","Flex","Blood for Blood"],"picked":"SKIP","floor":42.0},{"not_picked":["Headbutt","Uppercut+1"],"picked":"Seeing Red+1","floor":45.0},{"not_picked":["Havoc","Thunderclap","Metallicize+1"],"picked":"SKIP","floor":47},{"not_picked":["Heavy Blade","Thunderclap"],"picked":"Battle Trance","floor":48}],"player_experience":778112,"relics_obtained":[{"floor":7.0,"key":"Bird Faced Urn"},{"floor":9.0,"key":"Bottled Lightning"},{"floor":13.0,"key":"Oddly Smooth Stone"},{"floor":24.0,"key":"Anchor"},{"floor":26.0,"key":"Vajra"},{"floor":39.0,"key":"Unceasing Top"},{"floor":40.0,"key":"Frozen Egg 2"}],"event_choices":[{"cards_removed":["Strike_R"],"damage_healed":0.0,"max_hp_gain":0.0,"max_hp_loss":0.0,"gold_gain":0.0,"event_name":"Purifier","player_choice":"Purged","floor":5.0,"gold_loss":0.0,"damage_taken":0.0},{"damage_healed":0.0,"max_hp_gain":0.0,"max_hp_loss":0.0,"gold_gain":0.0,"event_name":"The Cleric","player_choice":"Leave","floor":11.0,"gold_loss":0.0,"damage_taken":0.0},{"damage_healed":0.0,"max_hp_gain":0.0,"max_hp_loss":0.0,"gold_gain":0.0,"event_name":"Duplicator","player_choice":"Copied","floor":19.0,"gold_loss":0.0,"damage_taken":0.0,"cards_obtained":["Limit Break"]},{"damage_healed":0.0,"max_hp_gain":0.0,"max_hp_loss":0.0,"gold_gain":0.0,"event_name":"FaceTrader","player_choice":"Trade","floor":27.0,"gold_loss":0.0,"damage_taken":0.0,"relics_obtained":["CultistMask"]},{"damage_healed":0.0,"max_hp_gain":0.0,"max_hp_loss":0.0,"gold_gain":0.0,"event_name":"MindBloom","player_choice":"Fight","floor":39.0,"gold_loss":0.0,"damage_taken":0.0},{"damage_healed":0.0,"max_hp_gain":0.0,"max_hp_loss":0.0,"gold_gain":0.0,"event_name":"Mysterious Sphere","player_choice":"Ignored","floor":44.0,"gold_loss":0.0,"damage_taken":0.0}],"is_beta":true,"boss_relics":[{"not_picked":["Black Blood","Eternal Feather"],"picked":"Runic Pyramid"},{"not_picked":["Empty Cage","Pandora\u0027s Box"],"picked":"Cursed Key"}],"items_purged_floors":[4,20,38],"is_endless":false,"potions_floor_spawned":[7,14,24,31,33,35,37,39,42,47,48],"ascension_level":18}