{"gold_per_floor":[110,110,126,126,70,84,84,95,95,95,195,195,214,58,58,135,135,150,26,26,37,37,37,54,54,54,54],"floor_reached":27,"playtime":1118,"items_purged":["Strike_B"],"score":402,"play_id":"720b0c73-eec0-4cf6-bfee-bf0300222050","local_time":"20190426220312","is_ascension_mode":true,"campfire_choices":[{"data":"Hologram","floor":7.0,"key":"SMITH"},{"data":"Coolheaded","floor":12.0,"key":"SMITH"},{"data":"Hello World","floor":15.0,"key":"SMITH"},{"data":"Heatsinks","floor":23,"key":"SMITH"}],"neow_cost":"NONE","seed_source_timestamp":9658135735847,"circlet_count":0,"master_deck":["AscendersBane","Strike_B","Strike_B","Defend_B+1","Defend_B","Defend_B","Defend_B","Zap","Dualcast+1","Machine Learning","Glacier","Hologram+1","Coolheaded+1","Ball Lightning","Hello World+1","Darkness","Storm","Skim","Heatsinks+1","Loop","Chill"],"special_seed":0,"relics":["Cracked Core","Mummified Hand","Coffee Dripper","Symbiotic Virus"],"potions_floor_usage":[],"damage_taken":[{"damage":7.0,"enemies":"2 Louse","floor":1.0,"turns":2.0},{"damage":2.0,"enemies":"Jaw Worm","floor":3.0,"turns":4.0},{"damage":7.0,"enemies":"Small Slimes","floor":6.0,"turns":4.0},{"damage":21.0,"enemies":"Exordium Thugs","floor":8.0,"turns":8.0},{"damage":6.0,"enemies":"Looter","floor":13.0,"turns":3.0},{"damage":8.0,"enemies":"Hexaghost","floor":16.0,"turns":16.0},{"damage":21,"enemies":"Shell Parasite","floor":18,"turns":4},{"damage":17,"enemies":"3 Byrds","floor":21,"turns":4},{"damage":8,"enemies":"Centurion and Healer","floor":24,"turns":6},{"damage":4,"enemies":"Chosen and Byrds","floor":27,"turns":5}],"seed_played":"-7574360458476231182","potions_obtained":[{"floor":1.0,"key":"Dexterity Potion"}],"is_trial":false,"path_per_floor":["M","?","M","?","$","M","R","M","T","?","?","R","M","$","R","B",null,"M","$","?","M","?","R","M","T","T","M"],"character_chosen":"DEFECT","items_purchased":["Coolheaded","FocusPotion","Storm","Skim"],"campfire_rested":0,"item_purchase_floors":[5,14,19,19],"current_hp_per_floor":[57,36,34,34,34,27,27,6,6,29,29,29,23,23,23,15,57,36,36,36,19,19,19,11,11,11,7],"gold":54,"neow_bonus":"TRANSFORM_CARD","is_prod":false,"is_daily":false,"chose_seed":false,"campfire_upgraded":4,"win_rate":0,"timestamp":1556287392,"path_taken":["M","?","M","?","?","M","R","M","T","?","?","R","?","$","R","BOSS","M","$","?","M","?","R","M","?","T","M"],"build_version":"2019-01-23","purchased_purges":1,"victory":false,"max_hp_per_floor":[71,71,71,71,71,71,71,71,71,71,71,71,71,71,71,71,71,71,71,71,71,71,71,71,71,71,71],"card_choices":[{"not_picked":["Heatsinks","Reprogram"],"picked":"Glacier","floor":1.0},{"not_picked":["Lockon","Beam Cell"],"picked":"Hologram","floor":3.0},{"not_picked":["Rebound","Hologram","Static Discharge"],"picked":"SKIP","floor":6.0},{"not_picked":["Coolheaded","Undo"],"picked":"Ball Lightning","floor":8.0},{"not_picked":["Scrape","Beam Cell"],"picked":"Hello World","floor":13.0},{"not_picked":["Genetic Algorithm","Go for the Eyes"],"picked":"Darkness","floor":18},{"not_picked":["Double Energy","Steam","Loop"],"picked":"SKIP","floor":21},{"not_picked":["Double Energy","Steam"],"picked":"Loop","floor":21},{"not_picked":["Steam","Barrage"],"picked":"Chill","floor":24}],"player_experience":953879,"relics_obtained":[{"floor":9.0,"key":"Mummified Hand"},{"floor":25,"key":"Symbiotic Virus"}],"event_choices":[{"damage_healed":0.0,"max_hp_gain":0.0,"max_hp_loss":0.0,"gold_gain":0.0,"event_name":"Shining Light","player_choice":"Entered Light","floor":2.0,"gold_loss":0.0,"damage_taken":21.0,"cards_upgraded":["Dualcast","Defend_B"]},{"damage_healed":0.0,"max_hp_gain":0.0,"max_hp_loss":0.0,"gold_gain":0.0,"event_name":"Liars Game","player_choice":"Ignored","floor":4.0,"gold_loss":0.0,"damage_taken":0.0},{"damage_healed":23.0,"max_hp_gain":0.0,"max_hp_loss":0.0,"gold_gain":0.0,"event_name":"Big Fish","player_choice":"Banana","floor":10.0,"gold_loss":0.0,"damage_taken":0.0},{"damage_healed":0.0,"max_hp_gain":0.0,"max_hp_loss":0.0,"gold_gain":100.0,"event_name":"Wheel of Change","player_choice":"Gold","floor":11.0,"gold_loss":0.0,"damage_taken":0.0},{"damage_healed":0,"gold_gain":0,"player_choice":"Read","damage_taken":0,"max_hp_gain":0,"max_hp_loss":0,"event_name":"The Library","floor":20,"gold_loss":0,"cards_obtained":["Heatsinks"]}],"is_beta":false,"boss_relics":[{"not_picked":["Astrolabe","Pandora\u0027s Box"],"picked":"Coffee Dripper"}],"items_purged_floors":[14],"is_endless":false,"potions_floor_spawned":[1,21],"killed_by":"Chosen and Byrds","ascension_level":20}