{"gold_per_floor":[117,117,132,144,162,162,194,194,194,194,219,235,250,37,37,135,135,151,168,183,202,217,217,217],"floor_reached":24,"playtime":1180,"items_purged":[],"score":258,"play_id":"03ddd842-a6a2-426a-958a-ac877fac59f5","local_time":"20190807111035","is_ascension_mode":true,"campfire_choices":[{"data":"Wild Strike","floor":6,"key":"SMITH"},{"data":"Inflame","floor":10,"key":"SMITH"},{"floor":15,"key":"REST"},{"floor":23,"key":"REST"}],"neow_cost":"NONE","seed_source_timestamp":1304093289589294,"circlet_count":0,"master_deck":["Strike_R","Strike_R","Strike_R","Strike_R","Strike_R","Defend_R","Defend_R","Defend_R","Defend_R","Bash","Wild Strike","Inflame+1","Ghostly Armor","Wild Strike+1","Body Slam","Searing Blow","Flex","Headbutt","Immolate","Seeing Red","Demon Form","Parasite","Doubt","Writhe","Clothesline+1","Flex+1","Uppercut+1","Heavy Blade+1"],"relics":["Burning Blood","Self Forming Clay","Bag of Marbles","Bottled Flame","Blue Candle","Orichalcum","Calling Bell","Strawberry","Molten Egg 2","Mango"],"potions_floor_usage":[5,16,16,16,19],"damage_taken":[{"damage":1,"enemies":"Jaw Worm","floor":1,"turns":5},{"damage":3,"enemies":"Cultist","floor":3,"turns":4},{"damage":9,"enemies":"Small Slimes","floor":4,"turns":3},{"damage":6,"enemies":"2 Fungi Beasts","floor":5,"turns":5},{"damage":18,"enemies":"3 Sentries","floor":7,"turns":9},{"damage":13,"enemies":"Lagavulin","floor":11,"turns":5},{"damage":18,"enemies":"Exordium Thugs","floor":12,"turns":3},{"damage":3,"enemies":"Blue Slaver","floor":13,"turns":3},{"damage":50,"enemies":"The Guardian","floor":16,"turns":9},{"damage":25,"enemies":"2 Thieves","floor":18,"turns":5},{"damage":12,"enemies":"Chosen","floor":19,"turns":6},{"damage":30,"enemies":"Snake Plant","floor":20,"turns":4},{"damage":33,"enemies":"Cultist and Chosen","floor":21,"turns":7},{"damage":20,"enemies":"Centurion and Healer","floor":22,"turns":7},{"damage":60,"enemies":"Gremlin Leader","floor":24,"turns":6}],"seed_played":"-9210772943402167983","potions_obtained":[{"floor":4,"key":"SkillPotion"},{"floor":5,"key":"FearPotion"},{"floor":7,"key":"GamblersBrew"},{"floor":12,"key":"SpeedPotion"},{"floor":18,"key":"Dexterity Potion"},{"floor":22,"key":"Ancient Potion"}],"is_trial":false,"path_per_floor":["M","?","M","M","M","R","E","T","T","R","E","M","M","$","R","B",null,"M","M","M","M","M","R","E"],"character_chosen":"IRONCLAD","items_purchased":["Immolate","Seeing Red"],"campfire_rested":2,"item_purchase_floors":[14,14],"current_hp_per_floor":[88,76,79,76,76,76,64,64,64,64,57,45,48,48,74,30,109,90,84,60,33,19,51,0],"gold":217,"neow_bonus":"TEN_PERCENT_HP_BONUS","is_prod":false,"is_daily":false,"chose_seed":false,"campfire_upgraded":2,"win_rate":0,"timestamp":1565190635,"path_taken":["M","?","M","M","M","R","E","?","T","R","E","M","M","$","R","BOSS","M","M","M","M","M","R","E"],"build_version":"2019-06-28","purchased_purges":0,"victory":false,"max_hp_per_floor":[88,88,88,88,88,88,88,88,88,88,88,88,88,88,88,88,109,109,109,109,109,109,109,109],"card_choices":[{"not_picked":["Whirlwind","Sever Soul"],"picked":"Wild Strike","floor":1},{"not_picked":["Headbutt","Power Through"],"picked":"Inflame","floor":3},{"not_picked":["Dropkick","Iron Wave"],"picked":"Ghostly Armor","floor":4},{"not_picked":["Power Through","Searing Blow"],"picked":"Wild Strike","floor":5},{"not_picked":["Warcry","Twin Strike"],"picked":"Body Slam","floor":7},{"not_picked":["Havoc","Corruption"],"picked":"Searing Blow","floor":11},{"not_picked":["Headbutt","Twin Strike"],"picked":"Flex","floor":12},{"not_picked":["Sword Boomerang","True Grit"],"picked":"Headbutt","floor":13},{"not_picked":["Barricade","Bludgeon"],"picked":"Demon Form","floor":16},{"not_picked":["Combust","Bloodletting"],"picked":"Clothesline+1","floor":18},{"not_picked":["Thunderclap+1","Reckless Charge+1"],"picked":"Flex+1","floor":19},{"not_picked":["Havoc","Flex","True Grit"],"picked":"SKIP","floor":20},{"not_picked":["Havoc","Sword Boomerang+1"],"picked":"Uppercut+1","floor":21},{"not_picked":["Blood for Blood+1","Disarm"],"picked":"Heavy Blade+1","floor":22}],"player_experience":40682,"relics_obtained":[{"floor":7,"key":"Bag of Marbles"},{"floor":8,"key":"Bottled Flame"},{"floor":9,"key":"Blue Candle"},{"floor":11,"key":"Orichalcum"},{"floor":17,"key":"Strawberry"},{"floor":17,"key":"Molten Egg 2"},{"floor":17,"key":"Mango"}],"event_choices":[{"damage_healed":0,"gold_gain":0,"player_choice":"Success","damage_taken":12,"relics_obtained":["Self Forming Clay"],"max_hp_gain":0,"max_hp_loss":0,"event_name":"Scrap Ooze","floor":2,"gold_loss":0}],"is_beta":true,"boss_relics":[{"not_picked":["Runic Dome","Sozu"],"picked":"Calling Bell"}],"items_purged_floors":[],"is_endless":false,"potions_floor_spawned":[4,5,7,12,18,22],"killed_by":"Gremlin Leader","ascension_level":2}