{"gold_per_floor":[114,127,127,127,143,143,156,174,174,208,219,236,236,90,90,186,186,111,85,85,85,85,85,9,9,9,9,9,9,9,9,9,9],"floor_reached":33,"playtime":2351,"items_purged":["Rupture"],"score":310,"play_id":"157293a1-d062-4305-b80d-48e0edb4fe94","local_time":"20190808191708","is_ascension_mode":true,"campfire_choices":[{"floor":6,"key":"RECALL"},{"floor":13,"key":"REST"},{"floor":15,"key":"REST"},{"data":"Body Slam","floor":23,"key":"SMITH"},{"data":"Body Slam","floor":29,"key":"SMITH"},{"floor":32,"key":"REST"}],"neow_cost":"NONE","seed_source_timestamp":237286215321252,"circlet_count":0,"master_deck":["Strike_R","Strike_R","Strike_R","Strike_R","Strike_R","Defend_R","Defend_R","Defend_R","Defend_R","Bash","Iron Wave","Blood for Blood","Shrug It Off","Body Slam+1","Disarm","Reaper","Double Tap","Power Through","Shrug It Off","RitualDagger","Power Through","Blood for Blood","Hemokinesis","Body Slam+1","Impervious","Blood for Blood"],"relics":["Runic Cube","FaceOfCleric","Question Card","Ectoplasm","Frozen Egg 2","Pen Nib","Pear"],"potions_floor_usage":[10,12,16,25,25,33],"damage_taken":[{"damage":5,"enemies":"Cultist","floor":1,"turns":4},{"damage":9,"enemies":"Small Slimes","floor":2,"turns":3},{"damage":3,"enemies":"Jaw Worm","floor":5,"turns":4},{"damage":20,"enemies":"Exordium Thugs","floor":7,"turns":6},{"damage":9,"enemies":"Blue Slaver","floor":8,"turns":4},{"damage":30,"enemies":"Lagavulin","floor":10,"turns":8},{"damage":0,"enemies":"Large Slime","floor":11,"turns":5},{"damage":8,"enemies":"Lots of Slimes","floor":12,"turns":7},{"damage":50,"enemies":"The Guardian","floor":16,"turns":14},{"damage":24,"enemies":"2 Thieves","floor":18,"turns":5},{"damage":12,"enemies":"3 Byrds","floor":20,"turns":7},{"damage":4,"enemies":"Snecko","floor":22,"turns":6},{"damage":36,"enemies":"Slavers","floor":25,"turns":6},{"damage":20,"enemies":"Centurion and Healer","floor":28,"turns":7},{"damage":23,"enemies":"3 Cultists","floor":30,"turns":5},{"damage":3,"enemies":"Shelled Parasite and Fungi","floor":31,"turns":4},{"damage":90,"enemies":"Champ","floor":33,"turns":13}],"seed_played":"1603495426751259131","potions_obtained":[{"floor":2,"key":"FearPotion"},{"floor":11,"key":"Strength Potion"},{"floor":12,"key":"Strength Potion"},{"floor":16,"key":"AttackPotion"},{"floor":20,"key":"AttackPotion"},{"floor":22,"key":"Ancient Potion"}],"is_trial":false,"path_per_floor":["M","M","?","?","M","R","M","M","T","E","M","M","R","$","R","B",null,"M","$","M","?","M","R","$","E","T","T","M","R","M","M","R","B"],"character_chosen":"IRONCLAD","items_purchased":["Rupture","Shrug It Off","Blood for Blood"],"campfire_rested":3,"item_purchase_floors":[14,19,24],"current_hp_per_floor":[75,66,66,66,64,64,45,37,37,8,9,2,27,27,52,7,87,68,68,65,59,60,60,60,37,37,47,36,36,38,36,67,0],"gold":9,"neow_bonus":"BOSS_RELIC","is_prod":false,"is_daily":false,"chose_seed":false,"campfire_upgraded":2,"win_rate":0,"timestamp":1565306228,"path_taken":["M","M","?","?","M","R","M","M","T","E","M","M","R","$","R","BOSS","M","$","?","?","M","R","?","E","T","?","M","R","M","M","R","BOSS"],"build_version":"2019-07-17","purchased_purges":1,"victory":false,"max_hp_per_floor":[80,80,80,80,81,81,82,83,83,84,85,86,86,86,86,87,87,88,88,89,89,90,90,90,91,91,101,102,102,103,104,104,104],"card_choices":[{"not_picked":["Feel No Pain","Wild Strike"],"picked":"Iron Wave","floor":1},{"not_picked":["Havoc","Iron Wave"],"picked":"Blood for Blood","floor":2},{"not_picked":["Perfected Strike","Sword Boomerang","Warcry"],"picked":"SKIP","floor":5},{"not_picked":["Evolve","Heavy Blade"],"picked":"Shrug It Off","floor":7},{"not_picked":["Carnage","Clash"],"picked":"Body Slam","floor":8},{"not_picked":["Havoc","Pommel Strike","Wild Strike"],"picked":"SKIP","floor":10},{"not_picked":["Iron Wave","Second Wind","Sever Soul"],"picked":"Disarm","floor":11},{"not_picked":["Second Wind","Sword Boomerang","Havoc"],"picked":"Reaper","floor":12},{"not_picked":["Fiend Fire","Berserk","Demon Form"],"picked":"Double Tap","floor":16},{"not_picked":["Warcry","Headbutt","Sever Soul"],"picked":"Power Through","floor":18},{"not_picked":["Havoc","Armaments","Pommel Strike","Clothesline"],"picked":"SKIP","floor":20},{"not_picked":["Reckless Charge+1","Heavy Blade","Cleave"],"picked":"Power Through","floor":22},{"not_picked":["Rage+1","Thunderclap","Burning Pact+1"],"picked":"Hemokinesis","floor":25},{"not_picked":["Rage","Hemokinesis","Dropkick"],"picked":"Body Slam","floor":28},{"not_picked":["Pummel+1","Thunderclap","Rupture+1"],"picked":"Impervious","floor":30},{"not_picked":["Sentinel","Clothesline","Shockwave"],"picked":"Blood for Blood","floor":31}],"player_experience":103976,"relics_obtained":[{"floor":10,"key":"Question Card"},{"floor":25,"key":"Frozen Egg 2"},{"floor":26,"key":"Pen Nib"},{"floor":27,"key":"Pear"}],"event_choices":[{"damage_healed":0,"gold_gain":0,"player_choice":"Ignored","damage_taken":0,"max_hp_gain":0,"max_hp_loss":0,"event_name":"Liars Game","floor":3,"gold_loss":0},{"damage_healed":0,"gold_gain":0,"player_choice":"Trade","damage_taken":0,"relics_obtained":["FaceOfCleric"],"max_hp_gain":0,"max_hp_loss":0,"event_name":"FaceTrader","floor":4,"gold_loss":0},{"damage_healed":0,"gold_gain":0,"player_choice":"Joined the Cult","damage_taken":6,"max_hp_gain":0,"max_hp_loss":0,"event_name":"Nest","floor":21,"gold_loss":0,"cards_obtained":["RitualDagger"]}],"is_beta":false,"boss_relics":[{"not_picked":["Velvet Choker","White Beast Statue"],"picked":"Ectoplasm"}],"items_purged_floors":[14],"is_endless":false,"potions_floor_spawned":[2,11,12,16,20,22],"killed_by":"Champ","ascension_level":1}