{"gold_per_floor":[113,113,21,40,40,73,73,73,73,93,120,139,314,330,330,435,435,450,450,450,470,256,256,267,267,294,294,309,309],"floor_reached":29,"playtime":698,"items_purged":["Doubt"],"score":400,"play_id":"f8812b47-b673-44ff-9181-3cd3bb34f5e5","local_time":"20181115204141","is_ascension_mode":true,"campfire_choices":[{"data":"Cleave","floor":8.0,"key":"SMITH"},{"data":"Bash","floor":15.0,"key":"SMITH"},{"data":"Double Tap","floor":23.0,"key":"SMITH"},{"data":"RitualDagger","floor":25.0,"key":"SMITH"},{"data":"RitualDagger","floor":27.0,"key":"SMITH"}],"neow_cost":"NONE","seed_source_timestamp":0,"circlet_count":0,"master_deck":["AscendersBane","Strike_R","Strike_R","Strike_R","Defend_R","Defend_R","Defend_R","Bash+1","Cleave+1","Enlightenment+1","Sever Soul","Battle Trance","Double Tap+1","Sentinel+1","RitualDagger+1","Dual Wield","Dark Embrace","RitualDagger+1","Parasite"],"special_seed":0,"relics":["Burning Blood","NeowsBlessing","Lantern","Paper Frog","PreservedInsect","The Courier","Cursed Key","DollysMirror"],"potions_floor_usage":[],"damage_taken":[{"damage":0.0,"enemies":"Jaw Worm","floor":1.0,"turns":1.0},{"damage":0.0,"enemies":"Small Slimes","floor":4.0,"turns":1.0},{"damage":0.0,"enemies":"3 Sentries","floor":6.0,"turns":1.0},{"damage":0.0,"enemies":"2 Louse","floor":10.0,"turns":3.0},{"damage":25.0,"enemies":"Lagavulin","floor":11.0,"turns":4.0},{"damage":9.0,"enemies":"2 Fungi Beasts","floor":12.0,"turns":3.0},{"damage":0.0,"enemies":"Large Slime","floor":14.0,"turns":4.0},{"damage":55.0,"enemies":"Slime Boss","floor":16.0,"turns":9.0},{"damage":32.0,"enemies":"2 Thieves","floor":18.0,"turns":5.0},{"damage":11.0,"enemies":"Spheric Guardian","floor":21.0,"turns":3.0},{"damage":7.0,"enemies":"Snake Plant","floor":24.0,"turns":2.0},{"damage":9.0,"enemies":"Centurion and Healer","floor":28.0,"turns":6.0},{"damage":26,"enemies":"Shelled Parasite and Fungi","floor":29,"turns":2}],"seed_played":"5875553282871962596","potions_obtained":[{"floor":6.0,"key":"SpeedPotion"},{"floor":11.0,"key":"Swift Potion"},{"floor":16.0,"key":"Explosive Potion"},{"floor":18.0,"key":"Block Potion"},{"floor":21.0,"key":"Swift Potion"}],"is_trial":false,"path_per_floor":["M","M","?","$","M","?","E","?","R","T","M","E","M","?","M","R","B",null,"M","?","?","M","$","R","M","R","T","R","M","M"],"character_chosen":"IRONCLAD","items_purchased":["Enlightenment","DollysMirror"],"campfire_rested":0,"item_purchase_floors":[3,22],"current_hp_per_floor":[78,75,75,80,80,80,73,73,73,79,60,57,57,63,63,14,64,38,32,32,27,27,27,26,26,26,26,23,0],"gold":309,"neow_bonus":"THREE_ENEMY_KILL","is_prod":false,"is_daily":false,"chose_seed":false,"campfire_upgraded":5,"win_rate":0,"timestamp":1542285701,"path_taken":["M","?","$","M","?","E","?","R","T","M","E","M","?","?","R","BOSS","M","?","?","M","$","R","M","R","T","R","M","M"],"build_version":"2018-11-14","purchased_purges":1,"victory":false,"max_hp_per_floor":[80,80,80,80,80,80,80,80,80,80,80,80,80,80,80,80,80,80,80,80,80,80,80,80,80,80,80,80,80],"card_choices":[{"not_picked":["Flex","Power Through"],"picked":"Cleave","floor":1.0},{"not_picked":["Corruption","Heavy Blade","Metallicize"],"picked":"SKIP","floor":4.0},{"not_picked":["Entrench","Rupture","Sword Boomerang"],"picked":"SKIP","floor":6.0},{"not_picked":["Dark Embrace","Dual Wield","Rampage"],"picked":"SKIP","floor":10.0},{"not_picked":["Dark Embrace","Dual Wield","Rampage"],"picked":"SKIP","floor":10.0},{"not_picked":["Warcry","Headbutt"],"picked":"Sever Soul","floor":11.0},{"not_picked":["Sentinel","Shrug It Off"],"picked":"Battle Trance","floor":12.0},{"not_picked":["Intimidate","Entrench","Clothesline"],"picked":"SKIP","floor":14.0},{"not_picked":["Intimidate","Entrench","Clothesline"],"picked":"SKIP","floor":14.0},{"not_picked":["Brutality","Dark Embrace"],"picked":"Double Tap","floor":16.0},{"not_picked":["Iron Wave+1","Pommel Strike"],"picked":"Sentinel+1","floor":18.0},{"not_picked":["Heavy Blade","Sentinel+1","Twin Strike"],"picked":"SKIP","floor":21.0},{"not_picked":["Seeing Red","Warcry","Armaments"],"picked":"SKIP","floor":24.0},{"not_picked":["Clash","Warcry","Sword Boomerang"],"picked":"SKIP","floor":28.0}],"player_experience":538192,"relics_obtained":[{"floor":6.0,"key":"Paper Frog"},{"floor":9.0,"key":"PreservedInsect"},{"floor":11.0,"key":"The Courier"}],"event_choices":[{"damage_healed":0.0,"max_hp_gain":0.0,"max_hp_loss":0.0,"gold_gain":0.0,"event_name":"Scrap Ooze","player_choice":"Success","floor":2.0,"gold_loss":0.0,"damage_taken":3.0,"relics_obtained":["Lantern"]},{"damage_healed":0.0,"max_hp_gain":0.0,"max_hp_loss":0.0,"gold_gain":0.0,"event_name":"Living Wall","player_choice":"Grow","floor":5.0,"gold_loss":0.0,"damage_taken":0.0,"cards_upgraded":["Enlightenment"]},{"cards_removed":["Strike_R"],"damage_healed":0.0,"max_hp_gain":0.0,"max_hp_loss":0.0,"gold_gain":0.0,"event_name":"Golden Wing","player_choice":"Card Removal","floor":7.0,"gold_loss":0.0,"damage_taken":7.0},{"damage_healed":0.0,"max_hp_gain":0.0,"max_hp_loss":0.0,"gold_gain":175.0,"event_name":"Liars Game","player_choice":"AGREE","floor":13.0,"gold_loss":0.0,"damage_taken":0.0,"cards_obtained":["Doubt"]},{"damage_healed":0.0,"max_hp_gain":0.0,"max_hp_loss":0.0,"gold_gain":0.0,"event_name":"Nest","player_choice":"Joined the Cult","floor":19.0,"gold_loss":0.0,"damage_taken":6.0,"cards_obtained":["RitualDagger"]},{"damage_healed":0.0,"max_hp_gain":0.0,"max_hp_loss":0.0,"gold_gain":0.0,"cards_transformed":["Defend_R","Strike_R"],"event_name":"Drug Dealer","player_choice":"Became Test Subject","floor":20.0,"gold_loss":0.0,"damage_taken":0.0,"cards_obtained":["Dual Wield","Dark Embrace"]}],"is_beta":true,"boss_relics":[{"not_picked":["Snecko Eye","Black Blood"],"picked":"Cursed Key"}],"items_purged_floors":[22],"is_endless":false,"potions_floor_spawned":[6,11,14,16,18,21],"killed_by":"Shelled Parasite and Fungi","ascension_level":11}