{"gold_per_floor":[118,135,135,145,165,165,194,209,287,312,312,322,340,351,351,351],"floor_reached":16,"playtime":851,"items_purged":[],"score":116,"play_id":"9979e579-bde5-4bf4-a846-d71c930ec076","local_time":"20190809165208","is_ascension_mode":false,"campfire_choices":[{"data":"Perfected Strike","floor":6,"key":"SMITH"},{"floor":15,"key":"REST"}],"neow_cost":"NONE","seed_source_timestamp":1562714753597300,"circlet_count":0,"master_deck":["Strike_R","Strike_R","Strike_R","Strike_R","Strike_R","Defend_R","Defend_R","Defend_R","Defend_R+1","Bash","Impervious+1","True Grit","Perfected Strike+1","Flex","Flame Barrier","Armaments","Headbutt","Iron Wave"],"relics":["Burning Blood","Pear","Letter Opener","Unceasing Top","Bag of Marbles"],"potions_floor_usage":[7],"damage_taken":[{"damage":4,"enemies":"Jaw Worm","floor":1,"turns":4},{"damage":1,"enemies":"Cultist","floor":2,"turns":5},{"damage":1,"enemies":"2 Louse","floor":4,"turns":3},{"damage":6,"enemies":"Exordium Wildlife","floor":5,"turns":6},{"damage":31,"enemies":"Lagavulin","floor":7,"turns":8},{"damage":0,"enemies":"2 Fungi Beasts","floor":8,"turns":5},{"damage":48,"enemies":"Gremlin Nob","floor":10,"turns":6},{"damage":0,"enemies":"Blue Slaver","floor":12,"turns":3},{"damage":0,"enemies":"Large Slime","floor":13,"turns":5},{"damage":19,"enemies":"Exordium Thugs","floor":14,"turns":7},{"damage":44,"enemies":"The Guardian","floor":16,"turns":10}],"seed_played":"-7134903346966210606","potions_obtained":[{"floor":1,"key":"SpeedPotion"},{"floor":5,"key":"Explosive Potion"},{"floor":10,"key":"EssenceOfSteel"},{"floor":13,"key":"Dexterity Potion"},{"floor":14,"key":"Energy Potion"}],"is_trial":false,"path_per_floor":["M","M","?","M","M","R","E","M","T","E","?","M","M","M","R","B"],"character_chosen":"IRONCLAD","items_purchased":[],"campfire_rested":1,"item_purchase_floors":[],"current_hp_per_floor":[80,80,64,69,69,69,54,60,60,18,18,24,30,17,44,0],"gold":351,"neow_bonus":"ONE_RANDOM_RARE_CARD","is_prod":false,"is_daily":false,"chose_seed":false,"campfire_upgraded":1,"win_rate":0.0,"timestamp":1565362328,"path_taken":["M","M","?","M","M","R","E","M","T","E","?","?","M","M","R","BOSS"],"build_version":"2019-07-17","purchased_purges":0,"victory":false,"max_hp_per_floor":[80,80,80,80,80,80,90,90,90,90,90,90,90,90,90,90],"card_choices":[{"not_picked":["Whirlwind","Searing Blow"],"picked":"True Grit","floor":1},{"not_picked":["Metallicize","Flex"],"picked":"Perfected Strike","floor":2},{"not_picked":["Heavy Blade","Clash","Fire Breathing"],"picked":"SKIP","floor":4},{"not_picked":["Anger","Heavy Blade"],"picked":"Flex","floor":5},{"not_picked":["Juggernaut","Heavy Blade","Whirlwind"],"picked":"SKIP","floor":7},{"not_picked":["Body Slam","Fire Breathing"],"picked":"Flame Barrier","floor":8},{"not_picked":["Carnage","Body Slam","Burning Pact"],"picked":"SKIP","floor":10},{"not_picked":["Havoc","Flex"],"picked":"Armaments","floor":12},{"not_picked":["Anger","Shockwave"],"picked":"Headbutt","floor":13},{"not_picked":["Anger","Power Through"],"picked":"Iron Wave","floor":14}],"player_experience":353523,"relics_obtained":[{"floor":7,"key":"Pear"},{"floor":9,"key":"Letter Opener"},{"floor":10,"key":"Unceasing Top"}],"event_choices":[{"damage_healed":0,"gold_gain":0,"player_choice":"Entered Light","damage_taken":16,"max_hp_gain":0,"max_hp_loss":0,"event_name":"Shining Light","floor":3,"gold_loss":0,"cards_upgraded":["Impervious","Defend_R"]},{"damage_healed":0,"gold_gain":0,"player_choice":"Gave Potion","damage_taken":0,"relics_obtained":["Bag of Marbles"],"max_hp_gain":0,"max_hp_loss":0,"event_name":"WeMeetAgain","floor":11,"gold_loss":0}],"is_beta":false,"boss_relics":[],"items_purged_floors":[],"is_endless":false,"potions_floor_spawned":[1,5,10,13,14],"killed_by":"The Guardian","ascension_level":0}