{"gold_per_floor":[115,115,133,233,245,245,230,230,230,180,31,31],"floor_reached":12,"playtime":566,"items_purged":[],"score":68,"play_id":"b732864a-fc16-45fe-adbf-690b0b1a0b27","local_time":"20190809205733","is_ascension_mode":false,"campfire_choices":[{"data":"Corruption","floor":6,"key":"SMITH"},{"data":"Evolve","floor":8,"key":"SMITH"}],"neow_cost":"NONE","seed_source_timestamp":873863193117091,"circlet_count":0,"master_deck":["Strike_R","Strike_R","Strike_R","Strike_R","Defend_R","Defend_R","Bash","Corruption+1","Evolve+1","Bloodletting","Fire Breathing","Warcry","Dual Wield","Deep Breath","Second Wind"],"relics":["Burning Blood","Juzu Bracelet"],"potions_floor_usage":[],"damage_taken":[{"damage":1,"enemies":"Cultist","floor":1,"turns":3},{"damage":8,"enemies":"Jaw Worm","floor":3,"turns":4},{"damage":14,"enemies":"Small Slimes","floor":5,"turns":3},{"damage":15,"enemies":"Exordium Thugs","floor":7,"turns":4},{"damage":67,"enemies":"Gremlin Nob","floor":12,"turns":5}],"seed_played":"-6231767650716097495","potions_obtained":[{"floor":1,"key":"Dexterity Potion"},{"floor":3,"key":"SteroidPotion"}],"is_trial":false,"path_per_floor":["M","?","M","?","M","R","M","R","T","?","$","E"],"character_chosen":"IRONCLAD","items_purchased":["Deep Breath","Second Wind"],"campfire_rested":0,"item_purchase_floors":[11,11],"current_hp_per_floor":[80,80,78,78,70,70,61,61,61,61,61,0],"gold":31,"neow_bonus":"TRANSFORM_CARD","is_prod":false,"is_daily":false,"chose_seed":false,"campfire_upgraded":2,"win_rate":0.0,"timestamp":1565402253,"path_taken":["M","?","M","?","M","R","?","R","T","?","?","E"],"build_version":"2019-07-17","purchased_purges":0,"victory":false,"max_hp_per_floor":[80,80,80,80,80,80,80,80,80,80,80,80],"card_choices":[{"not_picked":["Dropkick","Whirlwind"],"picked":"Evolve","floor":1},{"not_picked":["Thunderclap","Clothesline"],"picked":"Fire Breathing","floor":3},{"not_picked":["Pommel Strike","Disarm"],"picked":"Warcry","floor":5},{"not_picked":["Flex","Clash"],"picked":"Dual Wield","floor":7}],"player_experience":93665,"relics_obtained":[{"floor":9,"key":"Juzu Bracelet"}],"event_choices":[{"damage_healed":0,"gold_gain":0,"cards_transformed":["Strike_R"],"player_choice":"Change","damage_taken":0,"max_hp_gain":0,"max_hp_loss":0,"event_name":"Living Wall","floor":2,"gold_loss":0,"cards_obtained":["Bloodletting"]},{"damage_healed":0,"gold_gain":100,"player_choice":"Gold","damage_taken":0,"max_hp_gain":0,"max_hp_loss":0,"event_name":"Wheel of Change","floor":4,"gold_loss":0},{"cards_removed":["Defend_R"],"damage_healed":0,"gold_gain":0,"player_choice":"Card Removal","damage_taken":0,"max_hp_gain":0,"max_hp_loss":0,"event_name":"The Cleric","floor":10,"gold_loss":50}],"is_beta":false,"boss_relics":[],"items_purged_floors":[],"is_endless":false,"potions_floor_spawned":[1,3],"killed_by":"Gremlin Nob","ascension_level":0}