{"gold_per_floor":[114,132,145,163,10,10,10,10,85,101,101,125,158,190,202,313,325,350,362,424,436,472,484,540,552,564,576,601,21,21,37,37,130,130,153,169,169,502,502,502,537,537,537,565,565,575,100,100,100,100,100,100,0,25,25],"floor_reached":56,"playtime":3557,"items_purged":["Strike_B","Scrape+1","Conserve Battery"],"score":2393,"play_id":"c16d4a40-e1ac-42ac-ad03-60222161da7d","local_time":"20190310161235","is_ascension_mode":true,"campfire_choices":[{"data":"Sunder","floor":6.0,"key":"SMITH"},{"data":"Seek","floor":8.0,"key":"SMITH"},{"data":"Hologram","floor":11.0,"key":"SMITH"},{"data":"Dualcast","floor":15.0,"key":"SMITH"},{"data":"Turbo","floor":23.0,"key":"SMITH"},{"data":"Skim","floor":25.0,"key":"SMITH"},{"data":"Reboot","floor":27.0,"key":"SMITH"},{"data":"Double Energy","floor":32.0,"key":"SMITH"},{"data":"Zap","floor":40,"key":"SMITH"},{"data":"Biased Cognition","floor":42,"key":"SMITH"},{"floor":45,"key":"RECALL"},{"data":"Madness","floor":49,"key":"SMITH"},{"data":"Madness","floor":52,"key":"SMITH"}],"neow_cost":"NONE","seed_source_timestamp":9921391656831,"circlet_count":0,"master_deck":["AscendersBane","Zap+1","Dualcast+1","Hologram+1","Sunder+1","Seek+1","Biased Cognition+1","Cold Snap","Reboot+1","Glacier+1","Reprogram+1","Skim+1","Turbo+1","Double Energy+1","Capacitor+1","Echo Form","Master of Strategy","Secret Technique","Madness+1","Madness+1"],"special_seed":0,"relics":["Cracked Core","NeowsBlessing","Letter Opener","Centennial Puzzle","MawBank","Astrolabe","Ornamental Fan","Orichalcum","DataDisk","Medical Kit","Matryoshka","Empty Cage","Question Card","The Courier","Happy Flower","Bronze Scales","Kunai"],"potions_floor_usage":[33,55,55],"damage_taken":[{"damage":0.0,"enemies":"Small Slimes","floor":1.0,"turns":1.0},{"damage":0.0,"enemies":"Jaw Worm","floor":2.0,"turns":1.0},{"damage":0.0,"enemies":"2 Louse","floor":3.0,"turns":1.0},{"damage":1.0,"enemies":"2 Fungi Beasts","floor":4.0,"turns":3.0},{"damage":0.0,"enemies":"Large Slime","floor":10.0,"turns":3.0},{"damage":13.0,"enemies":"3 Sentries","floor":13.0,"turns":5.0},{"damage":0.0,"enemies":"Exordium Thugs","floor":14.0,"turns":2.0},{"damage":0.0,"enemies":"Slime Boss","floor":16.0,"turns":6.0},{"damage":8.0,"enemies":"2 Thieves","floor":18.0,"turns":3.0},{"damage":0.0,"enemies":"Shell Parasite","floor":22.0,"turns":6.0},{"damage":0.0,"enemies":"Gremlin Leader","floor":24.0,"turns":6.0},{"damage":0.0,"enemies":"3 Cultists","floor":28.0,"turns":4.0},{"damage":0.0,"enemies":"Snecko","floor":31.0,"turns":2.0},{"damage":0,"enemies":"Automaton","floor":33,"turns":9},{"damage":0,"enemies":"3 Darklings","floor":35,"turns":3},{"damage":0,"enemies":"3 Shapes","floor":36,"turns":2},{"damage":0,"enemies":"Nemesis","floor":41,"turns":5},{"damage":0,"enemies":"Reptomancer","floor":44,"turns":6},{"damage":3,"enemies":"3 Darklings","floor":46,"turns":2},{"damage":0,"enemies":"Awakened One","floor":50,"turns":3},{"damage":3,"enemies":"Shield and Spear","floor":54,"turns":3},{"damage":17,"enemies":"The Heart","floor":55,"turns":7}],"seed_played":"-9018717973983405916","potions_obtained":[{"floor":13.0,"key":"Strength Potion"},{"floor":14.0,"key":"SteroidPotion"},{"floor":24.0,"key":"Poison Potion"},{"floor":28.0,"key":"SkillPotion"},{"floor":31.0,"key":"SkillPotion"},{"floor":35,"key":"SkillPotion"}],"is_trial":false,"path_per_floor":["M","M","M","M","$","R","?","R","T","M","R","T","E","M","R","B",null,"M","?","?","?","M","R","E","R","T","R","M","$","?","M","R","B",null,"M","M","$","?","?","R","E","R","T","E","R","M","$","?","R","B",null,"R","$","E","B",null],"character_chosen":"DEFECT","items_purchased":["Seek","DataDisk","Medical Kit","Matryoshka","Master of Strategy","Secret Technique","Bronze Scales"],"campfire_rested":0,"item_purchase_floors":[5,29,29,29,47,47,47],"current_hp_per_floor":[64,64,64,63,63,63,63,63,63,63,63,63,50,50,50,50,61,53,53,53,53,53,53,53,53,53,53,53,53,53,53,53,53,61,61,61,61,61,61,61,61,61,61,61,61,58,58,46,46,46,60,60,60,57,40],"gold":25,"neow_bonus":"THREE_ENEMY_KILL","is_prod":false,"is_daily":false,"chose_seed":false,"campfire_upgraded":12,"win_rate":0,"timestamp":1552205555,"path_taken":["M","M","M","M","$","R","?","R","T","M","R","?","E","M","R","BOSS","M","?","?","?","M","R","E","R","T","R","?","$","?","M","R","BOSS","M","M","$","?","?","R","E","R","T","E","R","M","$","?","R","BOSS","R","$","E","BOSS"],"build_version":"2019-02-06","purchased_purges":3,"victory":true,"max_hp_per_floor":[71,71,71,71,71,71,64,64,64,64,64,64,64,64,64,64,64,64,64,64,64,64,64,64,64,64,64,64,64,64,64,64,64,64,64,64,64,64,64,64,64,64,64,64,64,64,64,64,64,64,64,64,64,64,64],"card_choices":[{"not_picked":["Rebound","Gash"],"picked":"Hologram","floor":1.0},{"not_picked":["Consume","Scrape"],"picked":"Sunder","floor":2.0},{"not_picked":["Steam","Conserve Battery"],"picked":"Ball Lightning","floor":3.0},{"not_picked":["Redo","Hologram","Storm"],"picked":"SKIP","floor":4.0},{"not_picked":["Steam","Steam Power"],"picked":"Conserve Battery","floor":10.0},{"not_picked":["Coolheaded","Sweeping Beam"],"picked":"Biased Cognition","floor":13.0},{"not_picked":["FTL","Blizzard"],"picked":"Cold Snap","floor":14.0},{"not_picked":["Hyperbeam","Biased Cognition"],"picked":"Reboot","floor":16.0},{"not_picked":["Compile Driver","Ball Lightning"],"picked":"Skim","floor":18.0},{"not_picked":["Tempest","Static Discharge"],"picked":"Turbo","floor":22.0},{"not_picked":["Consume","Auto Shields","Cold Snap"],"picked":"SKIP","floor":24.0},{"not_picked":["Steam","Beam Cell"],"picked":"Double Energy","floor":28.0},{"not_picked":["Stack","Sunder"],"picked":"Capacitor+1","floor":31.0},{"not_picked":["Fission","Amplify"],"picked":"Echo Form","floor":33},{"not_picked":["Sweeping Beam","Stack","Reprogram"],"picked":"SKIP","floor":35},{"not_picked":["Scrape","Auto Shields","Cold Snap"],"picked":"SKIP","floor":36},{"not_picked":["FTL+1","Steam","White Noise"],"picked":"SKIP","floor":41},{"not_picked":["Reinforced Body","Sunder","Ball Lightning","Gash+1"],"picked":"SKIP","floor":44},{"not_picked":["Leap","Amplify","Cold Snap","Beam Cell+1"],"picked":"SKIP","floor":46},{"not_picked":["Turbo+1","Genetic Algorithm","Steam","Rip and Tear+1"],"picked":"SKIP","floor":54}],"player_experience":851605,"relics_obtained":[{"floor":9.0,"key":"Letter Opener"},{"floor":12.0,"key":"Centennial Puzzle"},{"floor":13.0,"key":"MawBank"},{"floor":24.0,"key":"Ornamental Fan"},{"floor":26.0,"key":"Orichalcum"},{"floor":41,"key":"Question Card"},{"floor":43,"key":"The Courier"},{"floor":44,"key":"Happy Flower"},{"floor":54,"key":"Kunai"}],"event_choices":[{"damage_healed":0.0,"max_hp_gain":0.0,"max_hp_loss":7.0,"gold_gain":0.0,"event_name":"Golden Idol","player_choice":"Lose Max HP","floor":7.0,"gold_loss":0.0,"damage_taken":0.0,"relics_obtained":["Golden Idol"]},{"cards_removed":["Defend_B"],"damage_healed":0.0,"max_hp_gain":0.0,"max_hp_loss":0.0,"gold_gain":0.0,"event_name":"Back to Basics","player_choice":"Elegance","floor":19.0,"gold_loss":0.0,"damage_taken":0.0},{"damage_healed":0.0,"max_hp_gain":0.0,"max_hp_loss":0.0,"gold_gain":50.0,"event_name":"Nest","player_choice":"Stole From Cult","floor":20.0,"gold_loss":0.0,"damage_taken":0.0},{"cards_removed":["Defend_B"],"damage_healed":0.0,"max_hp_gain":0.0,"max_hp_loss":0.0,"gold_gain":0.0,"event_name":"Wheel of Change","player_choice":"Card Removal","floor":21.0,"gold_loss":0.0,"damage_taken":0.0},{"damage_healed":0,"gold_gain":333,"player_choice":"Gave Idol","damage_taken":0,"max_hp_gain":0,"max_hp_loss":0,"event_name":"The Moai Head","floor":38,"relics_lost":["Golden Idol"],"gold_loss":0},{"cards_removed":["Ball Lightning"],"damage_healed":0,"gold_gain":0,"player_choice":"Removed Attack","damage_taken":0,"max_hp_gain":0,"max_hp_loss":0,"event_name":"Falling","floor":39,"gold_loss":0},{"damage_healed":0,"gold_gain":0,"player_choice":"Embrace Madness","damage_taken":12,"max_hp_gain":0,"max_hp_loss":0,"event_name":"Winding Halls","floor":48,"gold_loss":0,"cards_obtained":["Madness","Madness"]}],"is_beta":true,"boss_relics":[{"not_picked":["Velvet Choker","Ectoplasm"],"picked":"Astrolabe"},{"not_picked":["Snecko Eye","Calling Bell"],"picked":"Empty Cage"}],"items_purged_floors":[5,47,53],"is_endless":false,"potions_floor_spawned":[13,14,24,28,31,35],"ascension_level":15}