{"gold_per_floor":[11,22,36,36,51,51,62,62,62,22,32,32],"floor_reached":12,"playtime":707,"items_purged":[],"score":140,"play_id":"ca6ca8a2-f4de-4908-9bba-26a7662fe2b4","local_time":"20190215194146","is_ascension_mode":true,"campfire_choices":[{"data":"Body Slam","floor":6.0,"key":"SMITH"}],"neow_cost":"NO_GOLD","seed_source_timestamp":12869178480250,"circlet_count":0,"master_deck":["AscendersBane","Strike_R","Strike_R","Strike_R","Defend_R","Defend_R","Defend_R","Defend_R","Bash","Juggernaut","Impervious","Shrug It Off","Whirlwind","Body Slam+1","True Grit"],"special_seed":0,"relics":["Burning Blood","Turnip","Sundial"],"potions_floor_usage":[12],"damage_taken":[{"damage":3.0,"enemies":"2 Louse","floor":1.0,"turns":3.0},{"damage":3.0,"enemies":"Cultist","floor":2.0,"turns":4.0},{"damage":2.0,"enemies":"Jaw Worm","floor":3.0,"turns":7.0},{"damage":34.0,"enemies":"Large Slime","floor":5.0,"turns":10.0},{"damage":28.0,"enemies":"Lots of Slimes","floor":7.0,"turns":4.0},{"damage":10.0,"enemies":"Looter","floor":10.0,"turns":4.0},{"damage":9.0,"enemies":"Blue Slaver","floor":11.0,"turns":4.0},{"damage":24,"enemies":"Gremlin Nob","floor":12,"turns":3}],"seed_played":"-2656483801732897774","potions_obtained":[{"floor":2.0,"key":"Dexterity Potion"},{"floor":7.0,"key":"Ancient Potion"}],"is_trial":false,"path_per_floor":["M","M","M","?","M","R","M","?","T","M","M","E"],"character_chosen":"IRONCLAD","items_purchased":[],"campfire_rested":0,"item_purchase_floors":[],"current_hp_per_floor":[71,74,75,80,52,52,30,30,30,26,23,0],"gold":32,"neow_bonus":"TRANSFORM_TWO_CARDS","is_prod":false,"is_daily":false,"chose_seed":false,"campfire_upgraded":1,"win_rate":0,"timestamp":1550230906,"path_taken":["M","M","M","?","M","R","M","?","T","M","M","E"],"build_version":"2019-02-06","purchased_purges":0,"victory":false,"max_hp_per_floor":[75,75,75,80,80,80,80,80,80,80,80,80],"card_choices":[{"not_picked":["Pummel","Pommel Strike"],"picked":"Shrug It Off","floor":1.0},{"not_picked":["True Grit","Sword Boomerang"],"picked":"Whirlwind","floor":2.0},{"not_picked":["Twin Strike","Fire Breathing","Headbutt"],"picked":"SKIP","floor":3.0},{"not_picked":["Combust","Perfected Strike"],"picked":"Body Slam","floor":5.0},{"not_picked":["Flex","Warcry"],"picked":"True Grit","floor":7.0},{"not_picked":["Hemokinesis","Wild Strike","Iron Wave"],"picked":"SKIP","floor":10.0},{"not_picked":["Rupture","Cleave","Whirlwind"],"picked":"SKIP","floor":11.0}],"player_experience":795893,"relics_obtained":[{"floor":9.0,"key":"Sundial"}],"event_choices":[{"damage_healed":0.0,"max_hp_gain":5.0,"max_hp_loss":0.0,"gold_gain":0.0,"event_name":"Big Fish","player_choice":"Donut","floor":4.0,"gold_loss":0.0,"damage_taken":0.0},{"damage_healed":0.0,"max_hp_gain":0.0,"max_hp_loss":0.0,"gold_gain":0.0,"event_name":"WeMeetAgain","player_choice":"Gave Potion","floor":8.0,"gold_loss":0.0,"damage_taken":0.0,"relics_obtained":["Turnip"]}],"is_beta":true,"boss_relics":[],"items_purged_floors":[],"is_endless":false,"potions_floor_spawned":[2,7],"killed_by":"Gremlin Nob","ascension_level":19}