{"gold_per_floor":[116,133,8,21,41,41,41,41,41,54,54,70,85,100,100,224,224,244,169,268,287,287,287,310,333,333,333,347,363,152,176,176,300,300,319,194,208,208,208,208,224,259,259,259,259,277,291,141,141,141],"floor_reached":51,"playtime":2774,"items_purged":["Tactician","Masterful Stab","Writhe","Doubt"],"score":807,"play_id":"1bbb1417-453c-4304-9519-9e653f7bd57a","local_time":"20180930204519","is_ascension_mode":true,"campfire_choices":[{"data":"Neutralize","floor":6.0,"key":"SMITH"},{"data":"Deadly Poison","floor":11.0,"key":"SMITH"},{"data":"Calculated Gamble","floor":15.0,"key":"SMITH"},{"data":"Noxious Fumes","floor":23.0,"key":"SMITH"},{"floor":27.0,"key":"REST"},{"floor":32.0,"key":"REST"},{"floor":40.0,"key":"REST"},{"data":"Catalyst","floor":49,"key":"SMITH"}],"neow_cost":"NONE","seed_source_timestamp":1959698604442,"circlet_count":0,"master_deck":["Survivor","Neutralize+1","Bane","Calculated Gamble+1","Dash","Backstab","Deadly Poison+1","Venomology","Glass Knife","Backflip","Backstab","Bouncing Flask","Catalyst+1","Bane","PiercingWail","Noxious Fumes+1","Well Laid Plans","Deflect+1","Crippling Poison","Footwork","Corpse Explosion","Injury","Doubt","Backflip","Leg Sweep"],"special_seed":0,"relics":["Ring of the Snake","Golden Idol","Pear","Pandora\u0027s Box","Dodecahedron","Calling Bell","Orichalcum","Pantograph","FossilizedHelix","Mummified Hand","Letter Opener"],"potions_floor_usage":[42,42,50,50,50],"damage_taken":[{"damage":0.0,"enemies":"2 Louse","floor":1.0,"turns":3.0},{"damage":0.0,"enemies":"Small Slimes","floor":2.0,"turns":3.0},{"damage":3.0,"enemies":"Cultist","floor":4.0,"turns":4.0},{"damage":5.0,"enemies":"Gremlin Gang","floor":5.0,"turns":5.0},{"damage":0.0,"enemies":"Looter","floor":10.0,"turns":3.0},{"damage":1.0,"enemies":"3 Louse","floor":12.0,"turns":3.0},{"damage":6.0,"enemies":"Large Slime","floor":13.0,"turns":6.0},{"damage":4.0,"enemies":"Lots of Slimes","floor":14.0,"turns":4.0},{"damage":6.0,"enemies":"The Guardian","floor":16.0,"turns":11.0},{"damage":0.0,"enemies":"Chosen","floor":18.0,"turns":3.0},{"damage":14.0,"enemies":"3 Byrds","floor":21.0,"turns":4.0},{"damage":21.0,"enemies":"Shelled Parasite and Fungi","floor":24.0,"turns":5.0},{"damage":14.0,"enemies":"3 Cultists","floor":25.0,"turns":5.0},{"damage":18.0,"enemies":"Centurion and Healer","floor":28.0,"turns":4.0},{"damage":14.0,"enemies":"Snake Plant","floor":29.0,"turns":2.0},{"damage":2.0,"enemies":"Cultist and Chosen","floor":31.0,"turns":6.0},{"damage":29.0,"enemies":"Automaton","floor":33.0,"turns":9.0},{"damage":8.0,"enemies":"Orb Walker","floor":35.0,"turns":3.0},{"damage":52.0,"enemies":"3 Darklings","floor":37.0,"turns":5.0},{"damage":0.0,"enemies":"Transient","floor":39.0,"turns":2.0},{"damage":3.0,"enemies":"Reptomancer","floor":41.0,"turns":6.0},{"damage":31,"enemies":"Giant Head","floor":42,"turns":8},{"damage":0,"enemies":"3 Darklings","floor":46,"turns":4},{"damage":20,"enemies":"Spire Growth","floor":47,"turns":6},{"damage":60,"enemies":"Donu and Deca","floor":50,"turns":7}],"seed_played":"6464817020301890558","potions_obtained":[{"floor":2.0,"key":"SpeedPotion"},{"floor":5.0,"key":"GhostInAJar"},{"floor":10.0,"key":"LiquidBronze"},{"floor":24.0,"key":"Explosive Potion"},{"floor":25.0,"key":"Energy Potion"},{"floor":29.0,"key":"Ancient Potion"},{"floor":35.0,"key":"AttackPotion"},{"floor":41.0,"key":"Dexterity Potion"}],"is_trial":false,"path_per_floor":["M","M","$","M","M","R","$","?","T","M","R","M","M","M","R","B",null,"M","$","?","M","?","R","M","M","T","R","M","M","$","M","R","B",null,"M","$","M","?","M","R","M","E","T","?","?","M","M","$","R","B"],"character_chosen":"THE_SILENT","items_purchased":["Dash","Fire Potion","Crippling Poison","Footwork"],"campfire_rested":3,"item_purchase_floors":[3,3,30,30],"current_hp_per_floor":[70,70,70,67,62,62,62,62,72,72,72,71,65,61,61,55,75,75,75,75,61,61,61,40,26,26,48,30,16,16,14,36,7,75,67,67,15,15,15,37,34,3,3,75,75,75,55,55,55,15],"gold":141,"neow_bonus":"THREE_CARDS","is_prod":false,"is_daily":false,"chose_seed":false,"campfire_upgraded":5,"win_rate":0,"timestamp":1538311519,"path_taken":["M","M","$","M","M","R","$","?","T","?","R","?","M","M","R","BOSS","M","$","?","?","?","R","M","M","T","R","M","M","$","M","R","BOSS","M","$","M","?","M","R","?","E","T","?","?","M","M","$","R","BOSS"],"build_version":"2018-09-20","purchased_purges":4,"victory":true,"max_hp_per_floor":[70,70,70,70,70,70,70,65,75,75,75,75,75,75,75,75,75,75,75,75,75,75,75,75,75,75,75,75,75,75,75,75,75,75,75,75,75,75,75,75,75,75,75,75,75,75,75,75,75,75],"card_choices":[{"not_picked":["Slice","Flying Knee"],"picked":"Bane","floor":0.0},{"not_picked":["Sucker Punch","PiercingWail"],"picked":"Calculated Gamble","floor":1.0},{"not_picked":["Flying Knee","Outmaneuver","Caltrops"],"picked":"SKIP","floor":2.0},{"not_picked":["Acrobatics","Dagger Throw","Dagger Spray"],"picked":"SKIP","floor":4.0},{"not_picked":["Blade Dance","Slice"],"picked":"Backstab","floor":5.0},{"not_picked":["Prepared","Blade Dance"],"picked":"Deadly Poison","floor":10.0},{"not_picked":["Dagger Spray","Poisoned Stab"],"picked":"Venomology","floor":12.0},{"not_picked":["Dodge and Roll","Blade Dance","Flying Knee"],"picked":"SKIP","floor":13.0},{"not_picked":["Caltrops","Masterful Stab","Riddle With Holes"],"picked":"SKIP","floor":14.0},{"not_picked":["A Thousand Cuts","After Image"],"picked":"Glass Knife","floor":16.0},{"not_picked":["Blade Dance","Dash","Infinite Blades"],"picked":"SKIP","floor":18.0},{"not_picked":["Blade Dance","Cloak And Dagger","Dash"],"picked":"SKIP","floor":21.0},{"not_picked":["Dash","Accuracy","Deadly Poison+1"],"picked":"SKIP","floor":24.0},{"not_picked":["PiercingWail","Backflip"],"picked":"Well Laid Plans","floor":25.0},{"not_picked":["Endless Agony","Setup","Tactician"],"picked":"SKIP","floor":28.0},{"not_picked":["Deflect+1","Skewer","Escape Plan"],"picked":"SKIP","floor":29.0},{"not_picked":["Skewer","Escape Plan"],"picked":"Deflect+1","floor":29.0},{"not_picked":["Endless Agony","Bane","Prepared"],"picked":"SKIP","floor":31.0},{"not_picked":["Adrenaline","Envenom"],"picked":"Corpse Explosion","floor":33.0},{"not_picked":["Distraction","Masterful Stab+1","Crippling Poison"],"picked":"SKIP","floor":35.0},{"not_picked":["Outmaneuver","PiercingWail+1","Prepared"],"picked":"SKIP","floor":37.0},{"not_picked":["Bullet Time","Noxious Fumes"],"picked":"Leg Sweep","floor":41.0},{"not_picked":["Dodge and Roll+1","Slice","Predator+1"],"picked":"SKIP","floor":42},{"not_picked":["Deflect+1","Predator","Flying Knee"],"picked":"SKIP","floor":46},{"not_picked":["Sucker Punch+1","Concentrate","Backstab"],"picked":"SKIP","floor":47}],"player_experience":404945,"relics_obtained":[{"floor":9.0,"key":"Pear"},{"floor":26.0,"key":"Dodecahedron"},{"floor":34.0,"key":"Orichalcum"},{"floor":34.0,"key":"Pantograph"},{"floor":34.0,"key":"FossilizedHelix"},{"floor":42,"key":"Mummified Hand"},{"floor":43,"key":"Letter Opener"}],"event_choices":[{"event_name":"Golden Idol","player_choice":"Lose Max HP","floor":8.0,"damage_taken":0.0},{"event_name":"Nest","player_choice":"Stole From Cult","floor":20.0,"damage_taken":0.0},{"event_name":"Transmorgrifier","player_choice":"Transform","floor":22.0,"damage_taken":0.0},{"event_name":"Transmorgrifier","player_choice":"Transform","floor":38.0,"damage_taken":0.0},{"event_name":"MindBloom","player_choice":"Heal","floor":44,"damage_taken":0},{"event_name":"Tomb of Lord Red Mask","player_choice":"Ignored","floor":45,"damage_taken":0}],"is_beta":true,"boss_relics":[{"not_picked":["Eternal Feather","Lizard Tail"],"picked":"Pandora\u0027s Box"},{"not_picked":["Black Star","Coffee Dripper"],"picked":"Calling Bell"}],"items_purged_floors":[19,30,36,48],"is_endless":false,"potions_floor_spawned":[2,5,10,12,24,25,29,33,35,39,41,47],"ascension_level":4}