{"gold_per_floor":[119,138,26,46,62,95,95,122,197,197,213,224,224,242,242,321,321,332,247,227,241,241,241,268,268,268,89,100,100,150,25,25,104,104,120,132,145,145],"floor_reached":38,"playtime":1369,"items_purged":["Strike_B","Aggregate","Zap"],"score":812,"play_id":"1ed2e9ee-161d-4f77-bc74-ea2df8888fe6","local_time":"20190718095708","is_ascension_mode":true,"campfire_choices":[{"data":"Defragment","floor":7.0,"key":"SMITH"},{"data":"Sunder","floor":10.0,"key":"SMITH"},{"floor":13.0,"key":"REST"},{"data":"Beam Cell","floor":15.0,"key":"SMITH"},{"data":"Coolheaded","floor":23.0,"key":"SMITH"},{"data":"Dualcast","floor":25.0,"key":"SMITH"},{"data":"Capacitor","floor":29.0,"key":"SMITH"},{"data":"Beam Cell","floor":32.0,"key":"SMITH"}],"neow_cost":"NONE","seed_source_timestamp":90620710250795,"circlet_count":0,"master_deck":["AscendersBane","Dualcast+1","Sunder+1","Defragment+1","Cold Snap","Ball Lightning","Doom and Gloom","Beam Cell+1","Echo Form","Streamline","Core Surge","Echo Form","Cold Snap","Beam Cell+1","Storm","Coolheaded+1","Self Repair","Capacitor+1","Consume+1","Echo Form","Conserve Battery+1","Compile Driver+1"],"special_seed":0,"relics":["Cracked Core","NeowsBlessing","WingedGreaves","Dead Branch","Kunai","Pandora\u0027s Box","Bag of Marbles","Orichalcum","Ornamental Fan","Philosopher\u0027s Stone"],"potions_floor_usage":[],"damage_taken":[{"damage":0.0,"enemies":"2 Louse","floor":1.0,"turns":1.0},{"damage":0.0,"enemies":"Cultist","floor":2.0,"turns":1.0},{"damage":0.0,"enemies":"Small Slimes","floor":4.0,"turns":1.0},{"damage":15.0,"enemies":"Gremlin Gang","floor":5.0,"turns":4.0},{"damage":26.0,"enemies":"3 Sentries","floor":6.0,"turns":7.0},{"damage":17.0,"enemies":"Lagavulin","floor":8.0,"turns":5.0},{"damage":1.0,"enemies":"Large Slime","floor":11.0,"turns":3.0},{"damage":2.0,"enemies":"Looter","floor":12.0,"turns":2.0},{"damage":14.0,"enemies":"Lots of Slimes","floor":14.0,"turns":3.0},{"damage":7.0,"enemies":"Hexaghost","floor":16.0,"turns":7.0},{"damage":18.0,"enemies":"3 Byrds","floor":18.0,"turns":6.0},{"damage":23.0,"enemies":"Shell Parasite","floor":21.0,"turns":5.0},{"damage":37.0,"enemies":"Book of Stabbing","floor":24.0,"turns":5.0},{"damage":0.0,"enemies":"Snecko","floor":28.0,"turns":4.0},{"damage":16.0,"enemies":"Automaton","floor":33.0,"turns":8.0},{"damage":4,"enemies":"3 Shapes","floor":35,"turns":5},{"damage":22,"enemies":"Orb Walker","floor":36,"turns":3},{"damage":17,"enemies":"Jaw Worm Horde","floor":37,"turns":4},{"damage":0,"enemies":"4 Shapes","floor":38,"turns":1}],"seed_played":"484222385237290217","potions_obtained":[{"floor":2.0,"key":"GamblersBrew"},{"floor":5.0,"key":"Dexterity Potion"},{"floor":6.0,"key":"Strength Potion"},{"floor":8.0,"key":"Fire Potion"},{"floor":20.0,"key":"SteroidPotion"},{"floor":24.0,"key":"Dexterity Potion"}],"is_trial":false,"path_per_floor":["M","M","$","M","M","E","R","E","T","R","M","M","R","M","R","B",null,"M","?","?","M","?","R","E","R","T","$","M","R","?","$","R","B",null,"M","M","M","M"],"character_chosen":"DEFECT","items_purchased":["Defragment","Capacitor"],"campfire_rested":1,"item_purchase_floors":[3,27],"current_hp_per_floor":[64,64,64,64,49,23,23,6,6,6,5,3,24,10,10,3,54,36,36,36,13,71,71,34,34,34,34,34,34,34,34,34,32,61,57,35,25,25],"gold":145,"neow_bonus":"THREE_ENEMY_KILL","is_prod":false,"is_daily":false,"chose_seed":false,"campfire_upgraded":7,"win_rate":0,"timestamp":1563415028,"path_taken":["M","M","$","M","M","E","R","E","T","R","M","M","R","M","R","BOSS","M","?","?","?","?","R","E","R","T","$","?","R","?","$","R","BOSS","M","M","M","M"],"build_version":"2019-07-17","purchased_purges":3,"victory":false,"max_hp_per_floor":[71,71,71,71,71,71,71,71,71,71,71,71,71,71,71,71,71,71,71,71,71,71,71,71,71,71,71,71,71,71,71,71,71,71,71,71,71,71],"card_choices":[{"not_picked":["Streamline","Rebound","Static Discharge"],"picked":"SKIP","floor":1.0},{"not_picked":["Loop","Streamline"],"picked":"Sunder","floor":2.0},{"not_picked":["Aggregate","Streamline","Compile Driver"],"picked":"SKIP","floor":4.0},{"not_picked":["Rebound","Steam"],"picked":"Cold Snap","floor":5.0},{"not_picked":["Amplify","Rip and Tear"],"picked":"Ball Lightning","floor":6.0},{"not_picked":["Barrage","Conserve Battery"],"picked":"Doom and Gloom","floor":8.0},{"not_picked":["Conserve Battery","Streamline","Force Field"],"picked":"SKIP","floor":11.0},{"not_picked":["Streamline","Cold Snap"],"picked":"Beam Cell","floor":12.0},{"not_picked":["Double Energy","Rebound","Steam Power"],"picked":"SKIP","floor":14.0},{"not_picked":["Biased Cognition","Fission"],"picked":"Echo Form","floor":16.0},{"not_picked":["Aggregate","Ball Lightning","Steam"],"picked":"SKIP","floor":18.0},{"not_picked":["Sunder+1","Redo"],"picked":"Coolheaded","floor":21.0},{"not_picked":["Ball Lightning","Melter"],"picked":"Self Repair","floor":24.0},{"not_picked":["Ball Lightning+1","Cold Snap"],"picked":"Consume+1","floor":28.0},{"not_picked":["Amplify","Rainbow"],"picked":"Echo Form","floor":33.0},{"not_picked":["Ball Lightning","Beam Cell","Darkness"],"picked":"SKIP","floor":35},{"not_picked":["Beam Cell+1","Streamline"],"picked":"Conserve Battery+1","floor":36},{"not_picked":["Streamline","Tempest"],"picked":"Compile Driver+1","floor":37}],"player_experience":1014019,"relics_obtained":[{"floor":6.0,"key":"WingedGreaves"},{"floor":8.0,"key":"Dead Branch"},{"floor":9.0,"key":"Kunai"},{"floor":24.0,"key":"Orichalcum"},{"floor":26.0,"key":"Ornamental Fan"}],"event_choices":[{"damage_healed":0.0,"max_hp_gain":0.0,"max_hp_loss":0.0,"gold_gain":0.0,"event_name":"Addict","player_choice":"Obtained Relic","floor":19.0,"gold_loss":85.0,"damage_taken":0.0,"relics_obtained":["Bag of Marbles"]},{"damage_healed":0.0,"max_hp_gain":0.0,"max_hp_loss":0.0,"gold_gain":0.0,"event_name":"The Woman in Blue","player_choice":"Bought 1 Potion","floor":20.0,"gold_loss":0.0,"damage_taken":0.0},{"damage_healed":58.0,"max_hp_gain":0.0,"max_hp_loss":0.0,"gold_gain":0.0,"event_name":"Wheel of Change","player_choice":"Full Heal","floor":22.0,"gold_loss":0.0,"damage_taken":0.0},{"damage_healed":0.0,"max_hp_gain":0.0,"max_hp_loss":0.0,"gold_gain":50.0,"event_name":"Nest","player_choice":"Stole From Cult","floor":30.0,"gold_loss":0.0,"damage_taken":0.0}],"is_beta":false,"boss_relics":[{"not_picked":["Astrolabe","Lizard Tail"],"picked":"Pandora\u0027s Box"},{"not_picked":["Calling Bell","Runic Dome"],"picked":"Philosopher\u0027s Stone"}],"items_purged_floors":[3,27,31],"is_endless":false,"potions_floor_spawned":[2,5,6,8,24,35],"killed_by":"4 Shapes","ascension_level":20}