{"gold_per_floor":[117,117,82,99,113,113,147,161,161,161,179,89,118,128,128,226,226,244,169,179,179,191,191,191],"floor_reached":24,"playtime":845,"items_purged":[],"score":260,"play_id":"fd6582ab-69dc-44af-8856-41a3c8a280c3","local_time":"20180722173152","is_ascension_mode":true,"campfire_choices":[{"data":"Dualcast","floor":6.0,"key":"SMITH"},{"data":"Darkness","floor":10.0,"key":"SMITH"},{"data":"White Noise","floor":15.0,"key":"SMITH"},{"floor":23.0,"key":"REST"}],"neow_cost":"NONE","seed_source_timestamp":33121770382400,"circlet_count":0,"master_deck":["Strike_B","Strike_B","Strike_B","Defend_B+1","Defend_B","Defend_B","Defend_B","Zap+1","Dualcast+1","Hyperbeam","Loop","Conserve Battery","Steam Power","Chill","Darkness+1","White Noise+1","Capacitor","Cold Snap","Leap","Consume","Creative AI","Fusion","Conserve Battery","Beam Cell","Ball Lightning","Reboot","Loop+1","Coolheaded","Electrodynamics","Turbo"],"special_seed":0,"relics":["Cracked Core","Potion Belt","Bottled Tornado","Du-Vu Doll","Orrery"],"potions_floor_usage":[],"damage_taken":[{"damage":1.0,"enemies":"Cultist","floor":1.0,"turns":3.0},{"damage":7.0,"enemies":"2 Louse","floor":4.0,"turns":2.0},{"damage":6.0,"enemies":"Small Slimes","floor":5.0,"turns":2.0},{"damage":11.0,"enemies":"3 Sentries","floor":7.0,"turns":4.0},{"damage":0.0,"enemies":"Blue Slaver","floor":8.0,"turns":3.0},{"damage":0.0,"enemies":"Lots of Slimes","floor":11.0,"turns":1.0},{"damage":16.0,"enemies":"Gremlin Nob","floor":13.0,"turns":5.0},{"damage":1.0,"enemies":"Red Slaver","floor":14.0,"turns":2.0},{"damage":3.0,"enemies":"The Guardian","floor":16.0,"turns":7.0},{"damage":37.0,"enemies":"2 Thieves","floor":18.0,"turns":4.0},{"damage":4.0,"enemies":"3 Byrds","floor":20.0,"turns":3.0},{"damage":16.0,"enemies":"Snake Plant","floor":22.0,"turns":5.0},{"damage":38,"enemies":"Gremlin Leader","floor":24,"turns":8}],"seed_played":"-2908480462731980952","potions_obtained":[{"floor":1.0,"key":"Block Potion"},{"floor":4.0,"key":"Weak Potion"},{"floor":13.0,"key":"EssenceOfSteel"},{"floor":14.0,"key":"Explosive Potion"},{"floor":16.0,"key":"Dexterity Potion"},{"floor":18.0,"key":"Strength Potion"}],"is_trial":false,"path_per_floor":["M","?","?","M","M","R","E","M","T","R","M","$","E","M","R","B",null,"M","?","M","?","M","R"],"character_chosen":"DEFECT","items_purchased":["Capacitor","Cold Snap"],"campfire_rested":1,"item_purchase_floors":[12,12],"current_hp_per_floor":[74,59,75,68,62,62,51,51,51,51,51,51,35,34,34,31,64,27,27,23,23,7,29,0],"gold":191,"neow_bonus":"ONE_RANDOM_RARE_CARD","is_prod":false,"is_daily":false,"chose_seed":false,"campfire_upgraded":3,"win_rate":0,"timestamp":1532251912,"path_taken":["M","?","?","M","?","R","E","?","T","R","M","$","E","M","R","BOSS","M","?","?","?","M","R","E"],"build_version":"2018-07-19v2","purchased_purges":0,"victory":false,"max_hp_per_floor":[75,75,75,75,75,75,75,75,75,75,75,75,75,75,75,75,75,75,75,75,75,75,75,75],"card_choices":[{"not_picked":["Ball Lightning","Streamline"],"picked":"Loop","floor":1.0},{"not_picked":["Streamline","Rebound"],"picked":"Conserve Battery","floor":4.0},{"not_picked":["Sweeping Beam","Beam Cell"],"picked":"Steam Power","floor":5.0},{"not_picked":["Compile Driver","Static Discharge"],"picked":"Chill","floor":7.0},{"not_picked":["Static Discharge","Ball Lightning"],"picked":"Darkness","floor":8.0},{"not_picked":["Leap","Coolheaded"],"picked":"White Noise","floor":11.0},{"not_picked":["Loop","Reprogram"],"picked":"Leap","floor":13.0},{"not_picked":["Compile Driver","Force Field"],"picked":"Consume","floor":14.0},{"not_picked":["Machine Learning","Fission"],"picked":"Creative AI","floor":16.0},{"not_picked":["Static Discharge","Reprogram"],"picked":"Fusion","floor":17.0},{"not_picked":["Compile Driver","Barrage"],"picked":"Conserve Battery","floor":17.0},{"not_picked":["Conserve Battery","Consume"],"picked":"Beam Cell","floor":17.0},{"not_picked":["Barrage","Gash"],"picked":"Ball Lightning","floor":17.0},{"not_picked":["Doom and Gloom","Hologram"],"picked":"Reboot","floor":17.0},{"not_picked":["Tempest","Steam"],"picked":"Loop+1","floor":18.0},{"not_picked":["Rebound","Ball Lightning+1"],"picked":"Coolheaded","floor":20.0},{"not_picked":["Recycle","Coolheaded"],"picked":"Turbo","floor":22.0}],"player_experience":159672,"relics_obtained":[{"floor":7.0,"key":"Potion Belt"},{"floor":9.0,"key":"Bottled Tornado"},{"floor":13.0,"key":"Du-Vu Doll"}],"event_choices":[{"event_name":"Shining Light","player_choice":"Entered Light","floor":2.0,"damage_taken":0.0},{"event_name":"The Cleric","player_choice":"Healed","floor":3.0,"damage_taken":0.0},{"event_name":"Beggar","player_choice":"Gave Gold","floor":19.0,"damage_taken":0.0},{"event_name":"Match and Keep!","player_choice":"1 cards matched","floor":21.0,"damage_taken":0.0}],"is_beta":false,"boss_relics":[{"not_picked":["White Beast Statue","Velvet Choker"],"picked":"Orrery"}],"items_purged_floors":[],"is_endless":false,"potions_floor_spawned":[1,4,13,14,16,18],"killed_by":"Gremlin Leader","ascension_level":5}