{"gold_per_floor":[115,165,56,56,56,81,81,98,98,98,118,118,150,164,164,235,235,254,304,323,323,323],"floor_reached":22,"playtime":583,"items_purged":[],"score":438,"play_id":"99559356-416f-43bf-b4aa-056007603505","local_time":"20181215124245","is_ascension_mode":true,"campfire_choices":[{"data":"Consume","floor":7.0,"key":"SMITH"},{"data":"Zap","floor":10.0,"key":"SMITH"},{"data":"Hyperbeam","floor":15.0,"key":"SMITH"}],"neow_cost":"NONE","seed_source_timestamp":12572666644224,"circlet_count":0,"master_deck":["AscendersBane","Strike_B","Strike_B","Strike_B","Strike_B","Defend_B","Defend_B","Defend_B","Defend_B","Zap+1","Dualcast","Conserve Battery","Self Repair","Streamline","Consume+1","Reboot","Ball Lightning","Hyperbeam+1","Cold Snap","Core Surge","Chaos"],"special_seed":0,"relics":["Cracked Core","NeowsBlessing","DataDisk","Lantern","Sozu","Nloth\u0027s Gift"],"potions_floor_usage":[],"damage_taken":[{"damage":0.0,"enemies":"Small Slimes","floor":1.0,"turns":1.0},{"damage":0.0,"enemies":"Cultist","floor":4.0,"turns":1.0},{"damage":0.0,"enemies":"Lagavulin","floor":6.0,"turns":1.0},{"damage":6.0,"enemies":"Cultist","floor":8.0,"turns":4.0},{"damage":7.0,"enemies":"Jaw Worm","floor":11.0,"turns":3.0},{"damage":25.0,"enemies":"3 Sentries","floor":13.0,"turns":5.0},{"damage":0.0,"enemies":"Large Slime","floor":14.0,"turns":3.0},{"damage":25.0,"enemies":"Hexaghost","floor":16.0,"turns":9.0},{"damage":25.0,"enemies":"3 Byrds","floor":18.0,"turns":3.0},{"damage":15,"enemies":"2 Thieves","floor":20,"turns":2},{"damage":36,"enemies":"Centurion and Healer","floor":22,"turns":5}],"seed_played":"-6187775066244462370","potions_obtained":[{"floor":1.0,"key":"Strength Potion"},{"floor":11.0,"key":"Dexterity Potion"},{"floor":13.0,"key":"Ancient Potion"}],"is_trial":false,"path_per_floor":["M","?","$","M","$","$","E","R","M","T","R","M","?","E","M","R","B",null,"M","?","M","?","M"],"character_chosen":"DEFECT","items_purchased":["Self Repair","Streamline"],"campfire_rested":0,"item_purchase_floors":[3,3],"current_hp_per_floor":[64,57,57,57,57,57,57,58,58,58,58,58,33,33,33,15,57,39,39,24,24,0],"gold":323,"neow_bonus":"THREE_ENEMY_KILL","is_prod":false,"is_daily":false,"chose_seed":false,"campfire_upgraded":3,"win_rate":0,"timestamp":1544848965,"path_taken":["M","?","$","?","$","E","R","M","T","R","M","?","E","M","R","BOSS","M","?","M","?","M"],"build_version":"2018-12-13","purchased_purges":0,"victory":false,"max_hp_per_floor":[71,71,71,71,71,71,71,71,71,71,71,71,71,71,71,71,71,71,71,71,71,71],"card_choices":[{"not_picked":["Lockon","Sweeping Beam"],"picked":"Conserve Battery","floor":1.0},{"not_picked":["Reprogram","Cold Snap"],"picked":"Consume","floor":6.0},{"not_picked":["Go for the Eyes","Beam Cell"],"picked":"Reboot","floor":8.0},{"not_picked":["Hologram","Steam"],"picked":"Ball Lightning","floor":11.0},{"not_picked":["Compile Driver","White Noise"],"picked":"Hyperbeam","floor":13.0},{"not_picked":["Conserve Battery","Barrage"],"picked":"Cold Snap","floor":14.0},{"not_picked":["Rainbow","Hyperbeam"],"picked":"Core Surge","floor":16.0},{"not_picked":["Go for the Eyes","Steam","Streamline+1"],"picked":"SKIP","floor":18.0},{"not_picked":["Turbo","Scrape+1"],"picked":"Chaos","floor":20}],"player_experience":620790,"relics_obtained":[{"floor":6.0,"key":"Bottled Lightning"},{"floor":9.0,"key":"DataDisk"},{"floor":13.0,"key":"Lantern"}],"event_choices":[{"damage_healed":0.0,"max_hp_gain":0.0,"max_hp_loss":0.0,"gold_gain":50.0,"event_name":"FaceTrader","player_choice":"Touch","floor":2.0,"gold_loss":0.0,"damage_taken":7.0},{"damage_healed":0.0,"max_hp_gain":0.0,"max_hp_loss":0.0,"gold_gain":0.0,"event_name":"Liars Game","player_choice":"Ignored","floor":12.0,"gold_loss":0.0,"damage_taken":0.0},{"damage_healed":0.0,"max_hp_gain":0.0,"max_hp_loss":0.0,"gold_gain":50.0,"event_name":"Nest","player_choice":"Stole From Cult","floor":19.0,"gold_loss":0.0,"damage_taken":0.0},{"damage_healed":0,"gold_gain":0,"player_choice":"Traded Relic","damage_taken":0,"relics_obtained":["Nloth\u0027s Gift"],"max_hp_gain":0,"max_hp_loss":0,"event_name":"N\u0027loth","floor":21,"relics_lost":["Bottled Lightning"],"gold_loss":0}],"is_beta":true,"boss_relics":[{"not_picked":["Orrery","Ectoplasm"],"picked":"Sozu"}],"items_purged_floors":[],"is_endless":false,"potions_floor_spawned":[1,11,13,14,20],"killed_by":"Centurion and Healer","ascension_level":20}