{"gold_per_floor":[116,132,70,70,82,111,111,146,169,169],"floor_reached":10,"playtime":648,"items_purged":[],"score":152,"play_id":"22df6629-e492-4ab9-8d55-64312515e9ce","local_time":"20180922144004","is_ascension_mode":true,"campfire_choices":[{"data":"Zap","floor":7,"key":"SMITH"}],"neow_cost":"NONE","seed_source_timestamp":1147344403154,"circlet_count":0,"master_deck":["Strike_B","Strike_B","Strike_B","Strike_B","Defend_B","Defend_B","Defend_B","Defend_B","Zap+1","Dualcast","AscendersBane","Turbo","Sunder","Beam Cell","Echo Form","Recycle","Double Energy"],"relics":["Runic Pyramid","Potion Belt","Smiling Mask","Regal Pillow"],"potions_floor_usage":[6,6],"damage_taken":[{"damage":4,"enemies":"Small Slimes","floor":1,"turns":4},{"damage":1,"enemies":"Cultist","floor":2,"turns":4},{"damage":2,"enemies":"Jaw Worm","floor":5,"turns":2},{"damage":25,"enemies":"3 Sentries","floor":6,"turns":7},{"damage":10,"enemies":"Lagavulin","floor":8,"turns":5},{"damage":25,"enemies":"Gremlin Gang","floor":10,"turns":2}],"seed_played":"-688095255464902634","potions_obtained":[{"floor":4,"key":"Block Potion"},{"floor":4,"key":"LiquidBronze"},{"floor":5,"key":"Weak Potion"},{"floor":8,"key":"Energy Potion"}],"is_trial":false,"path_per_floor":["M","M","$","?","M","E","R","E","T"],"character_chosen":"DEFECT","items_purchased":["Beam Cell"],"campfire_rested":0,"item_purchase_floors":[3],"current_hp_per_floor":[60,59,59,59,57,32,32,22,22,0],"gold":169,"neow_bonus":"BOSS_RELIC","is_prod":false,"is_daily":false,"chose_seed":false,"campfire_upgraded":1,"win_rate":0,"timestamp":1537598404,"path_taken":["M","M","$","?","?","E","R","E","T","M"],"build_version":"2018-09-20","purchased_purges":0,"victory":false,"max_hp_per_floor":[71,71,71,71,71,71,71,71,71,71],"card_choices":[{"not_picked":["Barrage","Go for the Eyes"],"picked":"Turbo","floor":1},{"not_picked":["Auto Shields","Leap"],"picked":"Sunder","floor":2},{"not_picked":["Rebound","Go for the Eyes"],"picked":"Echo Form","floor":5},{"not_picked":["Compile Driver","Skim"],"picked":"Recycle","floor":6},{"not_picked":["Beam Cell","Recycle"],"picked":"Double Energy","floor":8}],"player_experience":374498,"relics_obtained":[{"floor":6,"key":"Potion Belt"},{"floor":8,"key":"Smiling Mask"},{"floor":9,"key":"Regal Pillow"}],"event_choices":[{"event_name":"The Lab","player_choice":"Got Potions","floor":4,"damage_taken":0}],"is_beta":true,"boss_relics":[],"items_purged_floors":[],"is_endless":false,"potions_floor_spawned":[5,8],"killed_by":"Gremlin Gang","ascension_level":20}