{"gold_per_floor":[113,9,9,9,27,27,56,56,56,56,56,66,44,64,64,166,166,178,191,79,79,94,94,94,94,176,196,196,222,234,246,258,367,379,403,415,498,523,535,574,77,97,97,97,107,120,120,120,120,120],"floor_reached":51,"playtime":3548,"items_purged":["Regret","Writhe"],"score":982,"play_id":"f2dca0c0-9258-4215-bea8-def7d32e1b83","local_time":"20180729143356","is_ascension_mode":true,"campfire_choices":[{"data":"Dualcast","floor":6.0,"key":"SMITH"},{"data":"Zap","floor":10.0,"key":"SMITH"},{"floor":15,"key":"DIG"},{"floor":23,"key":"DIG"},{"floor":25,"key":"DIG"},{"floor":28,"key":"DIG"},{"floor":30,"key":"DIG"},{"floor":32,"key":"DIG"},{"floor":44,"key":"DIG"},{"floor":47,"key":"DIG"},{"floor":49,"key":"DIG"}],"neow_cost":"NONE","seed_source_timestamp":0,"circlet_count":0,"master_deck":["Strike_B+1","Strike_B+1","Defend_B+1","Defend_B+1","Zap+1","Dualcast+1","Ball Lightning+1","BootSequence+1","Doom and Gloom+1","Gash+1","Capacitor+1","Steam+1","Auto Shields+1","Undo+1","Redo+1","Turbo+1","Conserve Battery+1","Echo Form+1","Recycle+1","Lockon+1","Coolheaded+1","Go for the Eyes+1","Redo+1","Hello World+1","Barrage+1","Glacier+1","Auto Shields+1","Compile Driver+1","Turbo+1","Cold Snap+1","Amplify+1","Loop+1","Machine Learning+1","Darkness+1","Aggregate+1","Heatsinks+1","Force Field+1","Static Discharge+1","Stack+1","Rainbow+1","Steam Power+1"],"special_seed":0,"relics":["Coffee Dripper","Incense Burner","Meat on the Bone","Prayer Wheel","Shovel","Calipers","Astrolabe","Torii","Thread and Needle","Bag of Preparation","Symbiotic Virus","MawBank","Centennial Puzzle","War Paint","Fusion Hammer","Art of War","Mummified Hand","Mango","Unceasing Top","Turnip","Potion Belt","Blood Vial","Mark of the Bloom","Mercury Hourglass"],"potions_floor_usage":[33,40],"damage_taken":[{"damage":0.0,"enemies":"Small Slimes","floor":1.0,"turns":3.0},{"damage":0.0,"enemies":"2 Louse","floor":5.0,"turns":2.0},{"damage":17.0,"enemies":"3 Sentries","floor":7.0,"turns":6.0},{"damage":1.0,"enemies":"Cultist","floor":12.0,"turns":4.0},{"damage":11,"enemies":"Exordium Thugs","floor":14,"turns":4},{"damage":31,"enemies":"The Guardian","floor":16,"turns":12},{"damage":21,"enemies":"Shell Parasite","floor":18,"turns":7},{"damage":13,"enemies":"3 Byrds","floor":19,"turns":5},{"damage":7,"enemies":"Snecko","floor":22,"turns":5},{"damage":14,"enemies":"Chosen and Byrds","floor":27,"turns":6},{"damage":1,"enemies":"Sentry and Sphere","floor":29,"turns":6},{"damage":40,"enemies":"Automaton","floor":33,"turns":9},{"damage":1,"enemies":"Orb Walker","floor":35,"turns":3},{"damage":1,"enemies":"3 Shapes","floor":38,"turns":5},{"damage":0,"enemies":"Nemesis","floor":40,"turns":7},{"damage":0,"enemies":"Spire Growth","floor":42,"turns":4},{"damage":6,"enemies":"Flame Bruiser 2 Orb","floor":45,"turns":4},{"damage":0,"enemies":"4 Shapes","floor":46,"turns":6},{"damage":10,"enemies":"Time Eater","floor":50,"turns":9}],"seed_played":"2730684510481118914","potions_obtained":[{"floor":7.0,"key":"SkillPotion"},{"floor":12.0,"key":"Energy Potion"},{"floor":18,"key":"PowerPotion"},{"floor":33,"key":"PowerPotion"},{"floor":38,"key":"Fruit Juice"}],"is_trial":false,"path_per_floor":["M","$","?","$","M","R","E","?","T","R","?","M","$","M","R","B",null,"M","M","$","?","M","R","?","R","T","M","R","M","R","$","R","B",null,"M","?","T","M","?","E","$","M","T","R","M","M","R","?","R","B"],"character_chosen":"DEFECT","items_purchased":["BootSequence","Doom and Gloom","Redo","Glacier","Heatsinks","Force Field","Unceasing Top"],"campfire_rested":0,"item_purchase_floors":[2,2,13,20,41,41,41],"current_hp_per_floor":[68,68,65,65,65,65,48,48,48,48,48,47,47,48,48,29,64,43,42,42,42,47,47,47,47,47,45,45,44,44,44,44,16,60,59,59,59,58,75,94,94,94,94,94,88,88,88,88,88,78],"gold":120,"neow_bonus":"BOSS_RELIC","is_prod":false,"is_daily":false,"chose_seed":false,"campfire_upgraded":2,"win_rate":0,"timestamp":1532846036,"path_taken":["M","$","?","?","M","R","E","?","T","R","?","?","$","M","R","BOSS","M","M","$","?","M","R","?","R","T","M","R","?","R","$","R","BOSS","M","?","?","M","?","E","$","?","T","R","M","M","R","?","R","BOSS"],"build_version":"2018-07-26","purchased_purges":2,"victory":true,"max_hp_per_floor":[75,75,75,75,75,75,75,75,75,75,75,75,75,75,75,75,75,75,75,75,75,75,75,75,75,75,75,75,75,75,75,75,75,75,75,75,75,75,75,94,94,94,94,94,94,94,94,94,94,94],"card_choices":[{"not_picked":["Stack","Coolheaded"],"picked":"Ball Lightning","floor":1.0},{"not_picked":["Blizzard","Go for the Eyes"],"picked":"Gash","floor":5.0},{"not_picked":["Genetic Algorithm","Turbo"],"picked":"Capacitor","floor":7.0},{"not_picked":["Ball Lightning","Capacitor"],"picked":"Auto Shields","floor":12.0},{"not_picked":["Barrage","Stack"],"picked":"Undo","floor":12.0},{"not_picked":["Sweeping Beam","Leap"],"picked":"Turbo","floor":14},{"not_picked":["Barrage","Hologram"],"picked":"Conserve Battery","floor":14},{"not_picked":["Thunder Strike","Reboot"],"picked":"Echo Form","floor":16},{"not_picked":["Leap","Rebound"],"picked":"Go for the Eyes","floor":18},{"not_picked":["Barrage","Rebound"],"picked":"Redo","floor":18},{"not_picked":["Gash+1","Conserve Battery"],"picked":"Hello World","floor":19},{"not_picked":["Blizzard","Conserve Battery"],"picked":"Barrage+1","floor":19},{"not_picked":["Barrage+1","Conserve Battery"],"picked":"Auto Shields","floor":22},{"not_picked":["Coolheaded+1","Barrage"],"picked":"Compile Driver","floor":22},{"not_picked":["Barrage","Multi-Cast"],"picked":"Turbo","floor":27},{"not_picked":["Gash+1","Beam Cell"],"picked":"Cold Snap+1","floor":27},{"not_picked":["Capacitor","Gash"],"picked":"Amplify","floor":29},{"not_picked":["Leap","Sunder+1"],"picked":"Loop+1","floor":29},{"not_picked":["Amplify","Core Surge"],"picked":"Machine Learning","floor":33},{"not_picked":["Undo+1","Barrage+1"],"picked":"Darkness+1","floor":35},{"not_picked":["Ball Lightning+1","Barrage+1","Sweeping Beam"],"picked":"SKIP","floor":35},{"not_picked":["Go for the Eyes+1","Steam","Compile Driver+1"],"picked":"SKIP","floor":38},{"not_picked":["Compile Driver+1","Coolheaded+1","Streamline+1"],"picked":"SKIP","floor":38},{"not_picked":["Steam+1","Scrape"],"picked":"Aggregate","floor":40},{"not_picked":["Gash","Ball Lightning+1"],"picked":"Static Discharge+1","floor":42},{"not_picked":["Double Energy+1","Barrage+1"],"picked":"Stack","floor":42},{"not_picked":["Static Discharge+1","Turbo+1"],"picked":"Rainbow","floor":45},{"not_picked":["Streamline+1","Steam","Sunder"],"picked":"SKIP","floor":45},{"not_picked":["Sweeping Beam+1","Hello World+1"],"picked":"Steam Power","floor":46},{"not_picked":["Ball Lightning+1","Coolheaded+1","Auto Shields"],"picked":"SKIP","floor":46}],"player_experience":187559,"relics_obtained":[{"floor":7.0,"key":"Meat on the Bone"},{"floor":9.0,"key":"Prayer Wheel"},{"floor":15,"key":"Calipers"},{"floor":23,"key":"Thread and Needle"},{"floor":25,"key":"Bag of Preparation"},{"floor":26,"key":"Symbiotic Virus"},{"floor":28,"key":"MawBank"},{"floor":30,"key":"Centennial Puzzle"},{"floor":32,"key":"War Paint"},{"floor":37,"key":"Mummified Hand"},{"floor":40,"key":"Mango"},{"floor":43,"key":"Turnip"},{"floor":44,"key":"Potion Belt"},{"floor":47,"key":"Blood Vial"},{"floor":49,"key":"Mercury Hourglass"}],"event_choices":[{"event_name":"Scrap Ooze","player_choice":"success","floor":3.0,"damage_taken":3.0},{"event_name":"Living Wall","player_choice":"Change","floor":8.0,"damage_taken":0.0},{"event_name":"Big Fish","player_choice":"Box","floor":11.0,"damage_taken":0.0},{"event_name":"The Mausoleum","player_choice":"Yes","floor":21,"damage_taken":0},{"event_name":"Beggar","player_choice":"Ignored","floor":24,"damage_taken":0},{"event_name":"WeMeetAgain","player_choice":"Potion","floor":36,"damage_taken":0},{"event_name":"Winding Halls","player_choice":"Writhe","floor":39,"damage_taken":0},{"event_name":"MindBloom","player_choice":"Upgrade","floor":48,"damage_taken":0}],"is_beta":false,"boss_relics":[{"not_picked":["Philosopher\u0027s Stone","Orrery"],"picked":"Astrolabe"},{"not_picked":["Inserter","Velvet Choker"],"picked":"Fusion Hammer"}],"items_purged_floors":[20,41],"is_endless":false,"potions_floor_spawned":[7,12,18,19,33,35,38],"ascension_level":8}