{"gold_per_floor":[111,161,1,16,16,16,35,35,58,76,111,111,139,154,154,228,228,238,338,351,18,218,218,247,23,48,74,74,86,86,117,117,196,196,212,13,32,32,50,50,70,84,84,84,94,94,94,94,94,94],"floor_reached":50,"playtime":3421,"items_purged":["Strike_B","Strike_B"],"score":1116,"play_id":"a1feda57-dec9-4f58-832b-752b13aa1127","local_time":"20190119193746","is_ascension_mode":true,"campfire_choices":[{"data":"Sunder","floor":6.0,"key":"SMITH"},{"data":"Defragment","floor":8.0,"key":"SMITH"},{"data":"Zap","floor":12.0,"key":"SMITH"},{"floor":15.0,"key":"REST"},{"floor":23.0,"key":"REST"},{"data":"Buffer","floor":28.0,"key":"SMITH"},{"data":"Reinforced Body","floor":30.0,"key":"SMITH"},{"data":"Hologram","floor":32.0,"key":"SMITH"},{"data":"Loop","floor":40.0,"key":"SMITH"},{"data":"Defragment","floor":44.0,"key":"SMITH"},{"floor":46.0,"key":"RECALL"},{"data":"Chaos","floor":49.0,"key":"SMITH"}],"neow_cost":"TEN_PERCENT_HP_LOSS","seed_source_timestamp":0,"circlet_count":0,"master_deck":["AscendersBane","Strike_B","Strike_B","Defend_B","Defend_B","Defend_B+1","Defend_B+1","Zap+1","Dualcast","Sunder+1","Defragment+1","Conserve Battery","Turbo","White Noise","Ball Lightning","Hologram+1","Beam Cell","Buffer+1","Genetic Algorithm+1","Cold Snap","Chill","Defragment+1","Reinforced Body+1","Buffer+1","Loop+1","Chaos+1","Madness","Madness"],"special_seed":0,"relics":["Cracked Core","Du-Vu Doll","War Paint","Regal Pillow","Vajra","Runic Pyramid","Peace Pipe","Blue Candle","Meat on the Bone","PreservedInsect","Pen Nib","Blood Vial","Torii","Nuclear Battery","Omamori","Pear"],"potions_floor_usage":[50],"damage_taken":[{"damage":1.0,"enemies":"Cultist","floor":1.0,"turns":3.0},{"damage":8.0,"enemies":"2 Louse","floor":4.0,"turns":3.0},{"damage":7.0,"enemies":"Jaw Worm","floor":7.0,"turns":3.0},{"damage":5.0,"enemies":"Large Slime","floor":10.0,"turns":4.0},{"damage":11.0,"enemies":"3 Sentries","floor":11.0,"turns":5.0},{"damage":26.0,"enemies":"Gremlin Nob","floor":13.0,"turns":4.0},{"damage":0.0,"enemies":"Gremlin Gang","floor":14.0,"turns":3.0},{"damage":20.0,"enemies":"Hexaghost","floor":16.0,"turns":7.0},{"damage":12.0,"enemies":"Chosen","floor":18.0,"turns":3.0},{"damage":10.0,"enemies":"Colosseum Slavers","floor":19.0,"turns":4.0},{"damage":13.0,"enemies":"Colosseum Nobs","floor":19.0,"turns":5.0},{"damage":6.0,"enemies":"3 Byrds","floor":20.0,"turns":3.0},{"damage":7.0,"enemies":"Gremlin Leader","floor":24.0,"turns":4.0},{"damage":22.0,"enemies":"Book of Stabbing","floor":27.0,"turns":3.0},{"damage":0.0,"enemies":"3 Cultists","floor":29.0,"turns":6.0},{"damage":0.0,"enemies":"Gremlin Leader","floor":31.0,"turns":7.0},{"damage":18.0,"enemies":"Champ","floor":33.0,"turns":12.0},{"damage":6.0,"enemies":"3 Darklings","floor":35.0,"turns":9.0},{"damage":0.0,"enemies":"Orb Walker","floor":37.0,"turns":3.0},{"damage":1.0,"enemies":"Writhing Mass","floor":39.0,"turns":8.0},{"damage":0.0,"enemies":"Spire Growth","floor":41.0,"turns":5.0},{"damage":3.0,"enemies":"4 Shapes","floor":42.0,"turns":6.0},{"damage":0.0,"enemies":"Maw","floor":45.0,"turns":7.0},{"damage":46,"enemies":"Awakened One","floor":50,"turns":13}],"seed_played":"-6775969471704564589","potions_obtained":[{"floor":1.0,"key":"FocusPotion"},{"floor":10.0,"key":"LiquidBronze"},{"floor":13.0,"key":"GamblersBrew"},{"floor":16.0,"key":"FocusPotion"},{"floor":19.0,"key":"Weak Potion"},{"floor":20.0,"key":"Explosive Potion"},{"floor":31.0,"key":"AttackPotion"},{"floor":33.0,"key":"LiquidBronze"},{"floor":42.0,"key":"GamblersBrew"}],"is_trial":false,"path_per_floor":["M","?","$","M","?","R","M","R","T","M","E","R","E","M","R","B",null,"M","?","M","$","?","R","E","$","T","E","R","M","R","E","R","B",null,"M","$","M","?","M","R","M","M","T","R","M","R","T","?","R","B"],"character_chosen":"DEFECT","items_purchased":["Defragment","Meat on the Bone","Cold Snap","Defragment","Reinforced Body","Omamori","Loop"],"campfire_rested":2,"item_purchase_floors":[3,21,21,25,25,36,36],"current_hp_per_floor":[63,57,57,49,54,54,47,47,47,42,31,31,5,5,40,20,57,45,22,16,16,16,51,44,44,44,34,34,36,36,38,38,34,60,56,56,58,58,59,59,61,60,60,60,62,62,72,58,58,14],"gold":94,"neow_bonus":"ONE_RARE_RELIC","is_prod":false,"is_daily":false,"chose_seed":false,"campfire_upgraded":9,"win_rate":0,"timestamp":1547897866,"path_taken":["M","?","$","?","?","R","M","R","T","M","E","R","E","M","R","BOSS","M","?","M","$","?","R","E","$","T","E","R","?","R","E","R","BOSS","M","$","?","?","?","R","M","?","T","R","M","R","?","?","R","BOSS"],"build_version":"2019-01-17","purchased_purges":2,"victory":false,"max_hp_per_floor":[64,64,64,64,69,69,69,69,69,69,69,69,69,69,69,69,69,69,69,69,69,69,69,69,69,69,69,69,69,69,69,69,69,69,69,69,69,69,69,69,69,69,69,69,69,69,79,79,79,79],"card_choices":[{"not_picked":["Ball Lightning","Loop"],"picked":"Sunder","floor":1.0},{"not_picked":["Sweeping Beam","Heatsinks"],"picked":"Conserve Battery","floor":4.0},{"not_picked":["Stack","Gash"],"picked":"Turbo","floor":7.0},{"not_picked":["Streamline","Aggregate"],"picked":"White Noise","floor":10.0},{"not_picked":["Barrage","Chill"],"picked":"Ball Lightning","floor":11.0},{"not_picked":["Rip and Tear","Steam Power"],"picked":"Hologram","floor":13.0},{"not_picked":["Rebound","Cold Snap"],"picked":"Beam Cell","floor":14.0},{"not_picked":["Multi-Cast","Machine Learning"],"picked":"Buffer","floor":16.0},{"not_picked":["Genetic Algorithm+1","Undo","Hello World"],"picked":"SKIP","floor":18.0},{"not_picked":["Undo","Hello World"],"picked":"Genetic Algorithm+1","floor":18.0},{"not_picked":["Go for the Eyes","Barrage","Redo+1"],"picked":"SKIP","floor":20.0},{"not_picked":["Scrape","Compile Driver"],"picked":"Chill","floor":24.0},{"not_picked":["Scrape","Sunder","Gash"],"picked":"SKIP","floor":27.0},{"not_picked":["Conserve Battery","Redo","Skim"],"picked":"SKIP","floor":29.0},{"not_picked":["Conserve Battery","Redo","Skim"],"picked":"SKIP","floor":29.0},{"not_picked":["Conserve Battery","Redo","Skim"],"picked":"SKIP","floor":29.0},{"not_picked":["Streamline","Hello World","Steam+1"],"picked":"SKIP","floor":31.0},{"not_picked":["Thunder Strike","All For One"],"picked":"Buffer","floor":33.0},{"not_picked":["Stack","Barrage","White Noise"],"picked":"SKIP","floor":35.0},{"not_picked":["Turbo+1","Hologram","Blizzard"],"picked":"SKIP","floor":37.0},{"not_picked":["Leap","Conserve Battery+1","Gash"],"picked":"SKIP","floor":39.0},{"not_picked":["Storm+1","Barrage+1","Chill"],"picked":"SKIP","floor":41.0},{"not_picked":["Hyperbeam","Ball Lightning","Rebound+1"],"picked":"SKIP","floor":42.0},{"not_picked":["Steam Power","Sweeping Beam+1"],"picked":"Chaos","floor":45.0}],"player_experience":679592,"relics_obtained":[{"floor":9.0,"key":"War Paint"},{"floor":11.0,"key":"Regal Pillow"},{"floor":13.0,"key":"Vajra"},{"floor":19.0,"key":"Peace Pipe"},{"floor":19.0,"key":"Blue Candle"},{"floor":24.0,"key":"PreservedInsect"},{"floor":26.0,"key":"Pen Nib"},{"floor":27.0,"key":"Blood Vial"},{"floor":31.0,"key":"Torii"},{"floor":47.0,"key":"Pear"}],"event_choices":[{"damage_healed":0.0,"max_hp_gain":0.0,"max_hp_loss":0.0,"gold_gain":50.0,"event_name":"FaceTrader","player_choice":"Touch","floor":2.0,"gold_loss":0.0,"damage_taken":6.0},{"damage_healed":0.0,"max_hp_gain":5.0,"max_hp_loss":0.0,"gold_gain":0.0,"event_name":"Big Fish","player_choice":"Donut","floor":5.0,"gold_loss":0.0,"damage_taken":0.0},{"damage_healed":0.0,"max_hp_gain":0.0,"max_hp_loss":0.0,"gold_gain":0.0,"event_name":"Colosseum","player_choice":"Fight","floor":19.0,"gold_loss":0.0,"damage_taken":0.0},{"damage_healed":0.0,"max_hp_gain":0.0,"max_hp_loss":0.0,"gold_gain":0.0,"event_name":"Colosseum","player_choice":"Fought Nobs","floor":19.0,"gold_loss":0.0,"damage_taken":0.0},{"damage_healed":0.0,"max_hp_gain":0.0,"max_hp_loss":0.0,"gold_gain":200.0,"event_name":"Wheel of Change","player_choice":"Gold","floor":22.0,"gold_loss":0.0,"damage_taken":0.0},{"damage_healed":0.0,"max_hp_gain":0.0,"max_hp_loss":0.0,"gold_gain":0.0,"event_name":"Upgrade Shrine","player_choice":"Upgraded","floor":38.0,"gold_loss":0.0,"damage_taken":0.0,"cards_upgraded":["Buffer"]},{"damage_healed":0.0,"max_hp_gain":0.0,"max_hp_loss":0.0,"gold_gain":0.0,"event_name":"Winding Halls","player_choice":"Embrace Madness","floor":48.0,"gold_loss":0.0,"damage_taken":14.0,"cards_obtained":["Madness","Madness"]}],"is_beta":true,"boss_relics":[{"not_picked":["Runic Dome","Black Star"],"picked":"Runic Pyramid"},{"not_picked":["FrozenCore","Busted Crown"],"picked":"Nuclear Battery"}],"items_purged_floors":[3,25],"is_endless":false,"potions_floor_spawned":[1,10,13,16,19,19,20,31,33,35,41,42],"killed_by":"Awakened One","ascension_level":20}