{"gold_per_floor":[118,133,133,133,147,147,72,72,98,57,57,57,69,82,82,95,95,166,166,155,155,166,178,178,178,178,178,178,209,272,61,89,107,107,185,185,197,44,44,58,68,68,68,68,68,87,122,135,164,176,176,176,176,176,20,50,50],"floor_reached":57,"playtime":3972,"items_purged":["Strike_B"],"score":1390,"play_id":"aa9df61f-e411-4a0a-ad16-f74532176dcc","local_time":"20190419204348","is_ascension_mode":true,"campfire_choices":[{"data":"Coolheaded","floor":6.0,"key":"SMITH"},{"data":"Turbo","floor":8.0,"key":"SMITH"},{"data":"Dualcast","floor":15.0,"key":"SMITH"},{"data":"Zap","floor":17.0,"key":"SMITH"},{"floor":25.0,"key":"REST"},{"floor":27.0,"key":"REST"},{"floor":34.0,"key":"REST"},{"floor":42.0,"key":"RECALL"},{"floor":51.0,"key":"DIG"},{"floor":54.0,"key":"REST"}],"neow_cost":"NONE","seed_source_timestamp":0,"circlet_count":0,"master_deck":["AscendersBane","Defend_B","Defend_B","Zap+1","Dualcast+1","Coolheaded+1","Turbo+1","Redo+1","ReplayTheSpireMod:Calculation Training+1","Echo Form+1","Panic Button+1","Mirror Shield+1","Hologram+1","Tempest+1","ReplayRNGCard+1","Coolheaded+1","Defragment+1","Loop+1","White Noise+1","Undo+1","Chill+1","Thunder Strike+1","Self Repair+1","Auto Shields+1","FIFO Queue+1","vexMod:EmailVexCard+1","Recycle+1","Heatsinks+1","Glacier+1"],"special_seed":0,"relics":["Cracked Core","NeowsBlessing","vexMod:BrokenBowl","DataDisk","Fusion Hammer","Replay:Accelerometer","Pet Ghost","Astrolabe","vexMod:NotEnergy","Ancient Tea Set","vexMod:DrawConverter","ReplayTheSpireMod:Multitool","StoneCalendar","Geode","Oddly Smooth Stone"],"potions_floor_usage":[],"damage_taken":[{"damage":0.0,"enemies":"2 Louse","floor":1.0,"turns":1.0},{"damage":0.0,"enemies":"Small Slimes","floor":2.0,"turns":1.0},{"damage":0.0,"enemies":"Jaw Worm","floor":5.0,"turns":1.0},{"damage":0.0,"enemies":"3 Louse","floor":13.0,"turns":2.0},{"damage":8.0,"enemies":"Large Slime","floor":14.0,"turns":7.0},{"damage":0.0,"enemies":"2 Fungi Beasts","floor":16.0,"turns":3.0},{"damage":5.0,"enemies":"Slime Boss","floor":18.0,"turns":7.0},{"damage":25.0,"enemies":"2 Thieves","floor":20.0,"turns":4.0},{"damage":15.0,"enemies":"3 Byrds","floor":22.0,"turns":4.0},{"damage":7.0,"enemies":"Cultist and Chosen","floor":23.0,"turns":5.0},{"damage":10.0,"enemies":"Replay:Snechameleon","floor":29.0,"turns":4.0},{"damage":10.0,"enemies":"Centurion and Healer","floor":30.0,"turns":4.0},{"damage":12.0,"enemies":"Book of Stabbing","floor":32.0,"turns":5.0},{"damage":0.0,"enemies":"Snecko","floor":33.0,"turns":3.0},{"damage":0.0,"enemies":"Collector","floor":35.0,"turns":5.0},{"damage":8.0,"enemies":"3 Shapes","floor":37.0,"turns":5.0},{"damage":13.0,"enemies":"Orb Walker","floor":40.0,"turns":4.0},{"damage":12.0,"enemies":"Jaw Worm Horde","floor":41.0,"turns":4.0},{"damage":26.0,"enemies":"4 Shapes","floor":46.0,"turns":9.0},{"damage":0.0,"enemies":"Nemesis","floor":47.0,"turns":11.0},{"damage":19.0,"enemies":"Writhing Mass","floor":48.0,"turns":4.0},{"damage":17.0,"enemies":"Reptomancer","floor":49.0,"turns":5.0},{"damage":3.0,"enemies":"3 Darklings","floor":50.0,"turns":6.0},{"damage":19.0,"enemies":"Time Eater","floor":52.0,"turns":11.0},{"damage":4.0,"enemies":"Shield and Spear","floor":56.0,"turns":5.0},{"damage":19,"enemies":"The Heart","floor":57,"turns":5}],"seed_played":"-530163814905217873","potions_obtained":[{"floor":5.0,"key":"Fire Potion"},{"floor":14.0,"key":"FocusPotion"},{"floor":18.0,"key":"Milkshake"},{"floor":23.0,"key":"vexMod:GoldPotion"},{"floor":30.0,"key":"Energy Potion"}],"is_trial":false,"path_per_floor":["M","M","?","?","M","R","?","R","T","$","PTL","PTL","M","M","R","M","R","B",null,"M","?","M","M","?","R","?","R","T","E","M","$","E","M","R","B",null,"M","$","?","M","M","R","?","T","T","M","E","M","E","M","R","B",null,"R","$","E","B"],"character_chosen":"DEFECT","items_purchased":["ReplayTheSpireMod:Calculation Training","Loop","White Noise+1","vexMod:NotEnergy","vexMod:BlazePotion","FIFO Queue","Geode"],"campfire_rested":4,"item_purchase_floors":[10,31,31,38,38,38,55],"current_hp_per_floor":[64,64,57,57,57,57,57,57,57,57,57,57,57,49,49,49,49,44,57,32,32,17,10,10,26,26,42,42,32,22,22,10,10,23,23,38,30,30,51,48,46,46,46,46,46,40,49,30,23,20,20,11,38,47,47,43,24],"gold":50,"neow_bonus":"THREE_ENEMY_KILL","is_prod":false,"is_daily":false,"chose_seed":false,"campfire_upgraded":4,"win_rate":0,"timestamp":1555677828,"path_taken":["M","M","?","?","M","R","?","R","T","$","PTL","PTL","M","M","R","M","R","BOSS","M","?","M","M","?","R","?","R","T","E","M","?","E","M","R","BOSS","M","$","?","?","M","R","?","?","T","M","E","M","E","M","R","BOSS","R","$","E","BOSS"],"build_version":"2019-01-23","purchased_purges":1,"victory":false,"max_hp_per_floor":[71,71,71,71,69,69,69,69,69,67,67,67,67,65,65,63,63,61,61,59,59,57,55,55,55,55,55,55,53,51,49,47,45,45,43,43,43,41,51,51,51,51,49,49,49,49,49,49,49,47,47,47,47,47,47,47,47],"card_choices":[{"not_picked":["Barrage","ReplaySolidLightProjector"],"picked":"Coolheaded","floor":1.0},{"not_picked":["vexMod:OrbBoomerang","Coolheaded"],"picked":"Turbo","floor":2.0},{"not_picked":["vexMod:RocketPunch","Reprogram"],"picked":"Redo","floor":5.0},{"not_picked":["Consume","Steam","ReplayTheSpireMod:Calculation Training"],"picked":"SKIP","floor":13.0},{"not_picked":["ReplaySolidLightProjector","Beam Cell"],"picked":"Echo Form","floor":14.0},{"not_picked":["Go for the Eyes","Panic Button","vexMod:OrbBoomerang"],"picked":"SKIP","floor":16.0},{"not_picked":["Go for the Eyes","vexMod:OrbBoomerang"],"picked":"Panic Button","floor":16.0},{"not_picked":["Multi-Cast","Thunder Strike"],"picked":"Mirror Shield","floor":18.0},{"not_picked":["Ball Lightning","Go for the Eyes"],"picked":"Hologram","floor":20.0},{"not_picked":["Go for the Eyes","Beam Cell","Tempest"],"picked":"SKIP","floor":22.0},{"not_picked":["Go for the Eyes","Beam Cell"],"picked":"Tempest","floor":22.0},{"not_picked":["Rebound+1","vexMod:BeamPop"],"picked":"ReplayRNGCard","floor":23.0},{"not_picked":["Hologram","Steam+1"],"picked":"Coolheaded","floor":29.0},{"not_picked":["Barrage","Beam Cell"],"picked":"Defragment","floor":30.0},{"not_picked":["vexMod:RocketPunch","Barrage"],"picked":"Undo","floor":32.0},{"not_picked":["Cold Snap","Go for the Eyes"],"picked":"Chill","floor":33.0},{"not_picked":["Hyperbeam","ReplayTheSpireMod:Omega Cannon"],"picked":"Thunder Strike","floor":35.0},{"not_picked":["vexMod:DiverseOrb","Gash","BasicCrystalCard"],"picked":"SKIP","floor":37.0},{"not_picked":["ReplaySolidLightProjector+1","Doom and Gloom+1","Reprogram"],"picked":"SKIP","floor":40.0},{"not_picked":["Coolheaded","Panic Button","Chill"],"picked":"SKIP","floor":41.0},{"not_picked":["Swift Strike","Magnetism"],"picked":"vexMod:EmailVexCard","floor":43.0},{"not_picked":["vexMod:OrbBoomerang","Leap","vexMod:ShockKick+1"],"picked":"SKIP","floor":46.0},{"not_picked":["vexMod:ReflexChannel","Machine Learning","Gash+1"],"picked":"SKIP","floor":47.0},{"not_picked":["Streamline","Turbo+1"],"picked":"Recycle+1","floor":48.0},{"not_picked":["BootSequence+1","Ball Lightning+1"],"picked":"Heatsinks+1","floor":49.0},{"not_picked":["Barrage","vexMod:ChargeBeam+1"],"picked":"Glacier","floor":50.0},{"not_picked":["ReplayTheSpireMod:Repulse","Leap+1","Steam+1"],"picked":"SKIP","floor":56.0}],"player_experience":947608,"relics_obtained":[{"floor":4.0,"key":"vexMod:BrokenBowl"},{"floor":9.0,"key":"DataDisk"},{"floor":28.0,"key":"Replay:Accelerometer"},{"floor":29.0,"key":"Pet Ghost"},{"floor":44.0,"key":"Ancient Tea Set"},{"floor":47.0,"key":"vexMod:DrawConverter"},{"floor":49.0,"key":"ReplayTheSpireMod:Multitool"},{"floor":51.0,"key":"StoneCalendar"},{"floor":56.0,"key":"Oddly Smooth Stone"}],"event_choices":[{"cards_removed":["Strike_B"],"damage_healed":0.0,"max_hp_gain":0.0,"max_hp_loss":0.0,"gold_gain":0.0,"event_name":"Golden Wing","player_choice":"Card Removal","floor":3.0,"gold_loss":0.0,"damage_taken":7.0},{"cards_removed":["Strike_B"],"damage_healed":0.0,"max_hp_gain":0.0,"max_hp_loss":0.0,"gold_gain":0.0,"event_name":"The Cleric","player_choice":"Card Removal","floor":7.0,"gold_loss":75.0,"damage_taken":0.0},{"damage_healed":0.0,"max_hp_gain":0.0,"max_hp_loss":0.0,"gold_gain":0.0,"event_name":"Vampires","player_choice":"Ignored","floor":24.0,"gold_loss":0.0,"damage_taken":0.0},{"damage_healed":0.0,"max_hp_gain":0.0,"max_hp_loss":0.0,"gold_gain":0.0,"event_name":"The Mausoleum","player_choice":"Ignored","floor":26.0,"gold_loss":0.0,"damage_taken":0.0},{"cards_removed":["Thunder Strike"],"damage_healed":11.0,"max_hp_gain":10.0,"max_hp_loss":0.0,"gold_gain":0.0,"event_name":"Bonfire Elementals","player_choice":"Offered Rare","floor":39.0,"gold_loss":0.0,"damage_taken":0.0},{"damage_healed":0.0,"max_hp_gain":0.0,"max_hp_loss":0.0,"gold_gain":0.0,"event_name":"SensoryStone","player_choice":"Memory 1","floor":43.0,"gold_loss":0.0,"damage_taken":0.0}],"is_beta":false,"boss_relics":[{"not_picked":["vexMod:MindDevourer","Empty Cage"],"picked":"Fusion Hammer"},{"not_picked":["vexMod:CursedCompass","Kintsugi"],"picked":"Astrolabe"}],"items_purged_floors":[31],"is_endless":false,"potions_floor_spawned":[5,14,16,18,23,29,30,33,35,37,46,48],"killed_by":"The Heart","ascension_level":15}