{"gold_per_floor":[109,109,128,128,148,148,187,187,261,279,299,4,48,48,48,139,139,79,94,9,34,34,34,34,55,55,79,110,110,2,18,18,107,107,121,246,266,266,266,309,53,53,53,77,15,40,40,73,73,73,73,73,19,52,52],"floor_reached":56,"playtime":2101,"items_purged":["Defend_B"],"score":2108,"play_id":"541bf837-fa96-4750-8540-314c512b7612","local_time":"20190329194406","is_ascension_mode":true,"campfire_choices":[{"data":"Darkness","floor":6.0,"key":"SMITH"},{"data":"Redo","floor":8.0,"key":"SMITH"},{"data":"Coolheaded","floor":15.0,"key":"SMITH"},{"data":"Biased Cognition","floor":23.0,"key":"SMITH"},{"data":"Dualcast","floor":29.0,"key":"SMITH"},{"data":"Zap","floor":32.0,"key":"SMITH"},{"data":"Defragment","floor":47,"key":"SMITH"},{"floor":49,"key":"RECALL"},{"floor":52,"key":"REST"}],"neow_cost":"NONE","seed_source_timestamp":0,"circlet_count":0,"master_deck":["AscendersBane","Defend_B","Defend_B","Zap+1","Dualcast+1","Cold Snap+1","Darkness+1","Redo+1","Conserve Battery","Coolheaded+1","Biased Cognition+1","Glacier+1","White Noise+1","Amplify+1","Glacier+1","Reinforced Body+1","Coolheaded+1","Hologram+1","Multi-Cast+1","Undo+1","Turbo+1","Defragment+1","Chaos+1","Loop"],"special_seed":0,"relics":["Cracked Core","Golden Idol","PreservedInsect","The Courier","Runic Capacitor","DataDisk","Toxic Egg 2","Busted Crown","Strawberry","Meat on the Bone","Turnip","Black Star","Gambling Chip","Molten Egg 2","Happy Flower","Dead Branch","Chemical X","Bag of Preparation","Whetstone","Pear","Sundial"],"potions_floor_usage":[40,50],"damage_taken":[{"damage":4.0,"enemies":"2 Louse","floor":1.0,"turns":3.0},{"damage":0.0,"enemies":"Small Slimes","floor":3.0,"turns":3.0},{"damage":0.0,"enemies":"Jaw Worm","floor":5.0,"turns":4.0},{"damage":23.0,"enemies":"Lagavulin","floor":7.0,"turns":7.0},{"damage":5.0,"enemies":"Large Slime","floor":10.0,"turns":6.0},{"damage":0.0,"enemies":"Blue Slaver","floor":11.0,"turns":2.0},{"damage":14.0,"enemies":"Gremlin Nob","floor":13.0,"turns":4.0},{"damage":6.0,"enemies":"Hexaghost","floor":16.0,"turns":8.0},{"damage":4.0,"enemies":"2 Thieves","floor":18.0,"turns":4.0},{"damage":1.0,"enemies":"Spheric Guardian","floor":19.0,"turns":5.0},{"damage":10.0,"enemies":"Shelled Parasite and Fungi","floor":21.0,"turns":6.0},{"damage":0.0,"enemies":"3 Cultists","floor":25.0,"turns":6.0},{"damage":13.0,"enemies":"Centurion and Healer","floor":27.0,"turns":8.0},{"damage":0.0,"enemies":"Book of Stabbing","floor":28.0,"turns":4.0},{"damage":0.0,"enemies":"Chosen and Byrds","floor":31.0,"turns":5.0},{"damage":11.0,"enemies":"Champ","floor":33.0,"turns":9.0},{"damage":0.0,"enemies":"3 Shapes","floor":35.0,"turns":4.0},{"damage":0.0,"enemies":"Mind Bloom Boss Battle","floor":36.0,"turns":5.0},{"damage":0.0,"enemies":"Orb Walker","floor":37.0,"turns":4.0},{"damage":14,"enemies":"Nemesis","floor":40,"turns":7},{"damage":0,"enemies":"Sphere and 2 Shapes","floor":44,"turns":5},{"damage":0,"enemies":"3 Darklings","floor":46,"turns":7},{"damage":0,"enemies":"Giant Head","floor":48,"turns":3},{"damage":0,"enemies":"Time Eater","floor":50,"turns":9},{"damage":61,"enemies":"Shield and Spear","floor":54,"turns":3},{"damage":32,"enemies":"The Heart","floor":55,"turns":11}],"seed_played":"-1739675631248811768","potions_obtained":[{"floor":7.0,"key":"FairyPotion"},{"floor":11.0,"key":"Fruit Juice"},{"floor":16.0,"key":"Swift Potion"},{"floor":44,"key":"EssenceOfSteel"}],"is_trial":false,"path_per_floor":["M","?","M","?","M","R","E","R","T","M","M","$","E","?","R","B",null,"M","M","?","M","?","R","?","M","T","M","E","R","$","M","R","B",null,"M","?","M","?","T","E","$","?","T","M","$","M","R","E","R","B",null,"R","$","E","B",null],"character_chosen":"DEFECT","items_purchased":["Runic Capacitor","DataDisk","Coolheaded","Reinforced Body+1","Coolheaded+1","Hologram+1","Chemical X","Turbo+1","Defragment","Loop"],"campfire_rested":1,"item_purchase_floors":[12,12,12,30,30,30,41,41,45,53],"current_hp_per_floor":[60,60,60,60,60,60,37,37,37,32,37,37,23,16,16,10,54,50,49,56,46,46,46,46,46,46,45,45,45,45,45,45,46,69,69,69,69,69,69,55,55,55,55,55,55,55,55,55,55,55,71,76,76,37,17],"gold":52,"neow_bonus":"REMOVE_CARD","is_prod":false,"is_daily":false,"chose_seed":true,"campfire_upgraded":7,"win_rate":0,"timestamp":1553859846,"path_taken":["M","?","M","?","M","R","E","R","T","M","M","$","E","?","R","BOSS","M","M","?","M","?","R","?","M","T","M","E","R","$","M","R","BOSS","M","?","M","?","?","E","$","?","T","M","$","M","R","E","R","BOSS","R","$","E","BOSS"],"build_version":"2019-01-23","purchased_purges":1,"victory":true,"max_hp_per_floor":[71,64,64,64,64,64,64,64,64,64,69,69,69,69,69,69,69,69,69,76,76,76,76,76,76,76,76,76,76,76,76,76,76,76,76,76,76,76,76,76,76,76,76,76,76,76,76,76,76,76,76,76,76,86,86],"card_choices":[{"not_picked":["Go for the Eyes","Leap"],"picked":"Cold Snap","floor":1.0},{"not_picked":["Creative AI","Barrage"],"picked":"Darkness","floor":3.0},{"not_picked":["Gash","Go for the Eyes"],"picked":"Redo","floor":5.0},{"not_picked":["Redo","Steam"],"picked":"Conserve Battery","floor":7.0},{"not_picked":["Conserve Battery","Gash","Leap"],"picked":"SKIP","floor":10.0},{"not_picked":["Barrage","Lockon","Force Field"],"picked":"SKIP","floor":11.0},{"not_picked":["Cold Snap","Beam Cell","Force Field"],"picked":"SKIP","floor":13.0},{"not_picked":["Hyperbeam","Buffer"],"picked":"Biased Cognition","floor":16.0},{"not_picked":["Leap+1"],"picked":"SKIP","floor":18.0},{"not_picked":["Barrage"],"picked":"SKIP","floor":19.0},{"not_picked":["Go for the Eyes"],"picked":"SKIP","floor":21.0},{"not_picked":["Leap+1"],"picked":"SKIP","floor":25.0},{"not_picked":[],"picked":"Glacier+1","floor":27.0},{"not_picked":["Redo+1"],"picked":"SKIP","floor":28.0},{"not_picked":["Redo+1"],"picked":"SKIP","floor":28.0},{"not_picked":["Gash"],"picked":"SKIP","floor":31.0},{"not_picked":[],"picked":"Multi-Cast+1","floor":33.0},{"not_picked":["Hologram+1"],"picked":"SKIP","floor":35.0},{"not_picked":[],"picked":"Undo+1","floor":36.0},{"not_picked":["Stack+1"],"picked":"SKIP","floor":37.0},{"not_picked":["Hello World+1"],"picked":"SKIP","floor":40},{"not_picked":["Stack+1"],"picked":"SKIP","floor":44},{"not_picked":[],"picked":"Chaos+1","floor":46},{"not_picked":["Beam Cell+1"],"picked":"SKIP","floor":48},{"not_picked":["Hologram+1"],"picked":"SKIP","floor":54},{"not_picked":["Hologram+1"],"picked":"SKIP","floor":54}],"player_experience":890063,"relics_obtained":[{"floor":7.0,"key":"PreservedInsect"},{"floor":9.0,"key":"The Courier"},{"floor":13.0,"key":"Toxic Egg 2"},{"floor":26.0,"key":"Meat on the Bone"},{"floor":28.0,"key":"Turnip"},{"floor":36.0,"key":"Gambling Chip"},{"floor":39.0,"key":"Molten Egg 2"},{"floor":40,"key":"Happy Flower"},{"floor":40,"key":"Dead Branch"},{"floor":48,"key":"Bag of Preparation"},{"floor":48,"key":"Whetstone"},{"floor":54,"key":"Pear"},{"floor":54,"key":"Sundial"}],"event_choices":[{"damage_healed":0.0,"max_hp_gain":0.0,"max_hp_loss":7.0,"gold_gain":0.0,"event_name":"Golden Idol","player_choice":"Lose Max HP","floor":2.0,"gold_loss":0.0,"damage_taken":0.0,"relics_obtained":["Golden Idol"]},{"damage_healed":0.0,"max_hp_gain":0.0,"max_hp_loss":0.0,"gold_gain":0.0,"event_name":"Liars Game","player_choice":"Ignored","floor":4.0,"gold_loss":0.0,"damage_taken":0.0},{"cards_removed":["Strike_B"],"damage_healed":0.0,"max_hp_gain":0.0,"max_hp_loss":0.0,"gold_gain":0.0,"event_name":"Golden Wing","player_choice":"Card Removal","floor":14.0,"gold_loss":0.0,"damage_taken":7.0},{"damage_healed":0.0,"max_hp_gain":0.0,"max_hp_loss":0.0,"gold_gain":0.0,"event_name":"Addict","player_choice":"Obtained Relic","floor":20.0,"gold_loss":85.0,"damage_taken":0.0,"relics_obtained":["Strawberry"]},{"damage_healed":0.0,"max_hp_gain":0.0,"max_hp_loss":0.0,"gold_gain":0.0,"event_name":"The Library","player_choice":"Read","floor":22.0,"gold_loss":0.0,"damage_taken":0.0,"cards_obtained":["Glacier"]},{"damage_healed":0.0,"max_hp_gain":0.0,"max_hp_loss":0.0,"gold_gain":0.0,"cards_transformed":["Strike_B","Strike_B"],"event_name":"Drug Dealer","player_choice":"Became Test Subject","floor":24.0,"gold_loss":0.0,"damage_taken":0.0,"cards_obtained":["White Noise","Amplify"]},{"damage_healed":0.0,"max_hp_gain":0.0,"max_hp_loss":0.0,"gold_gain":0.0,"event_name":"MindBloom","player_choice":"Fight","floor":36.0,"gold_loss":0.0,"damage_taken":0.0},{"damage_healed":0.0,"max_hp_gain":0.0,"max_hp_loss":0.0,"gold_gain":0.0,"event_name":"Tomb of Lord Red Mask","player_choice":"Ignored","floor":38.0,"gold_loss":0.0,"damage_taken":0.0},{"cards_removed":["Defend_B"],"damage_healed":0,"gold_gain":0,"player_choice":"Removed Skill","damage_taken":0,"max_hp_gain":0,"max_hp_loss":0,"event_name":"Falling","floor":42,"gold_loss":0}],"is_beta":false,"boss_relics":[{"not_picked":["Ectoplasm","Lizard Tail"],"picked":"Busted Crown"},{"not_picked":["Inserter","Velvet Choker"],"picked":"Black Star"}],"items_purged_floors":[41],"is_endless":false,"potions_floor_spawned":[7,11,16,21,25,27,35,44,46],"ascension_level":15}