{"gold_per_floor":[367,382,46,58,58,91,109,126,150,150,166,166,183,201,201,201],"floor_reached":16,"playtime":1057,"items_purged":[],"score":180,"play_id":"55cff439-32f4-4d53-921c-2036334d534e","local_time":"20180902170755","is_ascension_mode":true,"campfire_choices":[{"floor":10,"key":"REST"},{"floor":12,"key":"REST"},{"data":"Seek","floor":15,"key":"SMITH"}],"neow_cost":"PERCENT_DAMAGE","seed_source_timestamp":0,"circlet_count":0,"master_deck":["Strike_B","Strike_B","Strike_B","Strike_B","Defend_B","Defend_B","Defend_B+1","Defend_B","Zap","Dualcast","AscendersBane","Coolheaded+1","Ball Lightning","Sunder","Seek+1","Cold Snap","Rebound","Leap","Chaos","Aggregate","Hologram"],"special_seed":0,"relics":["Cracked Core","OrangePellets","War Paint","Vajra"],"potions_floor_usage":[16],"damage_taken":[{"damage":1.0,"enemies":"Cultist","floor":1.0,"turns":3.0},{"damage":7.0,"enemies":"Jaw Worm","floor":2.0,"turns":2.0},{"damage":0,"enemies":"Small Slimes","floor":4,"turns":2},{"damage":29,"enemies":"Lagavulin","floor":6,"turns":6},{"damage":0,"enemies":"2 Fungi Beasts","floor":7,"turns":2},{"damage":1,"enemies":"Blue Slaver","floor":8,"turns":3},{"damage":17,"enemies":"Exordium Thugs","floor":11,"turns":4},{"damage":0,"enemies":"Looter","floor":13,"turns":3},{"damage":2,"enemies":"Large Slime","floor":14,"turns":4},{"damage":35,"enemies":"Slime Boss","floor":16,"turns":8}],"seed_played":"-2012088764755901721","potions_obtained":[{"floor":4,"key":"EssenceOfSteel"},{"floor":6,"key":"Energy Potion"}],"is_trial":false,"path_per_floor":["M","M","$","M","$","E","M","M","T","R","M","R","M","M","R"],"character_chosen":"DEFECT","items_purchased":["OrangePellets","Sunder","Seek"],"campfire_rested":2,"item_purchase_floors":[3,3,3],"current_hp_per_floor":[45,38,38,38,38,9,9,8,8,29,12,33,33,31,31,0],"gold":201,"neow_bonus":"TWO_FIFTY_GOLD","is_prod":false,"is_daily":false,"chose_seed":false,"campfire_upgraded":1,"win_rate":0,"timestamp":1535879275,"path_taken":["M","M","$","M","$","E","M","?","T","R","M","R","M","M","R","BOSS"],"build_version":"2018-08-30","purchased_purges":0,"victory":false,"max_hp_per_floor":[71,71,71,71,71,71,71,71,71,71,71,71,71,71,71,71],"card_choices":[{"not_picked":["Turbo","Hello World"],"picked":"Coolheaded","floor":1.0},{"not_picked":["Conserve Battery","Turbo"],"picked":"Ball Lightning","floor":2.0},{"not_picked":["Steam","Sweeping Beam"],"picked":"Cold Snap","floor":4},{"not_picked":["Sweeping Beam","Consume"],"picked":"Rebound","floor":6},{"not_picked":["Recycle","Lockon"],"picked":"Leap","floor":7},{"not_picked":["Coolheaded","Fusion"],"picked":"Chaos","floor":8},{"not_picked":["Reprogram","Ball Lightning"],"picked":"Aggregate","floor":11},{"not_picked":["Leap","Heatsinks","Rip and Tear"],"picked":"SKIP","floor":13},{"not_picked":["Conserve Battery","Leap"],"picked":"Hologram","floor":14}],"player_experience":298120,"relics_obtained":[{"floor":6,"key":"War Paint"},{"floor":9,"key":"Vajra"}],"event_choices":[],"is_beta":true,"boss_relics":[],"items_purged_floors":[],"is_endless":false,"potions_floor_spawned":[4,6,11,13,14],"killed_by":"Slime Boss","ascension_level":14}