{"gold_per_floor":[113,113,113,113,132,161,173,173,197,231,231,244,244,244,244,244],"floor_reached":16,"playtime":953,"items_purged":[],"score":108,"play_id":"71f75e3e-5a05-4bac-917e-55a414260a56","local_time":"20190808193845","is_ascension_mode":false,"campfire_choices":[{"floor":8,"key":"REST"},{"floor":11,"key":"REST"},{"floor":15,"key":"REST"}],"neow_cost":"NONE","seed_source_timestamp":1486214450474000,"circlet_count":0,"master_deck":["Strike_R","Strike_R+1","Strike_R","Defend_R","Defend_R","Defend_R+1","Defend_R+1","Bash","Corruption","Strike_G","Feel No Pain","True Grit+1","Pommel Strike","Second Wind"],"relics":["Burning Blood","Pen Nib","Calipers","War Paint","Ancient Tea Set"],"potions_floor_usage":[],"damage_taken":[{"damage":5,"enemies":"Small Slimes","floor":1,"turns":5},{"damage":9,"enemies":"2 Louse","floor":5,"turns":4},{"damage":33,"enemies":"3 Sentries","floor":6,"turns":9},{"damage":1,"enemies":"Cultist","floor":7,"turns":5},{"damage":49,"enemies":"Gremlin Nob","floor":10,"turns":6},{"damage":5,"enemies":"2 Fungi Beasts","floor":12,"turns":4},{"damage":66,"enemies":"The Guardian","floor":16,"turns":9}],"seed_played":"-556819827314249677","potions_obtained":[{"floor":1,"key":"EntropicBrew"},{"floor":5,"key":"Regen Potion"},{"floor":6,"key":"SpeedPotion"}],"is_trial":false,"path_per_floor":["M","?","?","?","M","E","M","R","T","E","R","M","?","T","R","B"],"character_chosen":"IRONCLAD","items_purchased":[],"campfire_rested":3,"item_purchase_floors":[],"current_hp_per_floor":[88,70,58,58,55,28,33,59,59,16,42,43,36,36,62,0],"gold":244,"neow_bonus":"TEN_PERCENT_HP_BONUS","is_prod":false,"is_daily":false,"chose_seed":false,"campfire_upgraded":0,"win_rate":0.0,"timestamp":1565285925,"path_taken":["M","?","?","?","M","E","?","R","T","E","R","M","?","?","R","BOSS"],"build_version":"2019-07-17","purchased_purges":0,"victory":false,"max_hp_per_floor":[88,88,88,88,88,88,88,88,88,88,88,88,88,88,88,88],"card_choices":[{"not_picked":["Battle Trance","Twin Strike"],"picked":"Corruption","floor":1},{"not_picked":["Combust","Clash"],"picked":"Feel No Pain","floor":5},{"not_picked":["Sever Soul","Limit Break"],"picked":"True Grit","floor":6},{"not_picked":["Iron Wave","Anger","Rampage"],"picked":"SKIP","floor":7},{"not_picked":["Flex","Wild Strike"],"picked":"Pommel Strike","floor":10},{"not_picked":["Perfected Strike","Sword Boomerang"],"picked":"Second Wind","floor":12}],"player_experience":300078,"relics_obtained":[{"floor":6,"key":"Calipers"},{"floor":9,"key":"War Paint"},{"floor":10,"key":"Ancient Tea Set"}],"event_choices":[{"damage_healed":0,"gold_gain":0,"player_choice":"Entered Light","damage_taken":18,"max_hp_gain":0,"max_hp_loss":0,"event_name":"Shining Light","floor":2,"gold_loss":0,"cards_upgraded":["Strike_R","Defend_R"]},{"damage_healed":0,"gold_gain":0,"player_choice":"Success","damage_taken":12,"relics_obtained":["Pen Nib"],"max_hp_gain":0,"max_hp_loss":0,"event_name":"Scrap Ooze","floor":3,"gold_loss":0},{"cards_removed":["Strike_R"],"damage_healed":0,"gold_gain":0,"player_choice":"Took Card","damage_taken":0,"max_hp_gain":0,"max_hp_loss":0,"event_name":"NoteForYourself","floor":4,"gold_loss":0,"cards_obtained":["Strike_G"]},{"cards_removed":["Strike_R"],"damage_healed":0,"gold_gain":0,"player_choice":"Card Removal","damage_taken":7,"max_hp_gain":0,"max_hp_loss":0,"event_name":"Golden Wing","floor":13,"gold_loss":0}],"is_beta":false,"boss_relics":[],"items_purged_floors":[],"is_endless":false,"potions_floor_spawned":[1,5,6],"killed_by":"The Guardian","ascension_level":0}