{"gold_per_floor":[113,123,123,13,13,13,32,32,79,107,42,69,87,98,98,98],"floor_reached":16,"playtime":674,"items_purged":[],"score":194,"play_id":"082341e0-e122-40d5-90e9-69fe4cf94466","local_time":"20181116205757","is_ascension_mode":true,"campfire_choices":[{"data":"Unload","floor":6.0,"key":"SMITH"},{"data":"Crippling Poison","floor":8.0,"key":"SMITH"},{"data":"Footwork","floor":15.0,"key":"SMITH"}],"neow_cost":"NONE","seed_source_timestamp":3494495095809,"circlet_count":0,"master_deck":["AscendersBane","Defend_G","Defend_G","Defend_G","Defend_G","Defend_G","Strike_G","Strike_G","Strike_G","Strike_G","Strike_G","Survivor","Neutralize","Unload+1","Crippling Poison+1","Footwork+1","Bullet Time"],"special_seed":0,"relics":["Ring of the Snake","Pen Nib","Mummified Hand","MawBank","Art of War"],"potions_floor_usage":[16,16],"damage_taken":[{"damage":3.0,"enemies":"Cultist","floor":1.0,"turns":4.0},{"damage":8.0,"enemies":"Small Slimes","floor":2.0,"turns":3.0},{"damage":4.0,"enemies":"2 Louse","floor":7.0,"turns":3.0},{"damage":5.0,"enemies":"Red Slaver","floor":10.0,"turns":3.0},{"damage":6.0,"enemies":"Gremlin Nob","floor":12.0,"turns":3.0},{"damage":10.0,"enemies":"Exordium Thugs","floor":13.0,"turns":4.0},{"damage":10.0,"enemies":"Gremlin Gang","floor":14.0,"turns":5.0},{"damage":15,"enemies":"The Guardian","floor":16,"turns":12}],"seed_played":"-6886548109488395841","potions_obtained":[{"floor":7.0,"key":"PowerPotion"},{"floor":12.0,"key":"PowerPotion"}],"is_trial":false,"path_per_floor":["M","M","?","$","?","R","M","R","T","M","$","E","M","M","R","B"],"character_chosen":"THE_SILENT","items_purchased":["FearPotion","Fire Potion","Footwork"],"campfire_rested":0,"item_purchase_floors":[4,4,11],"current_hp_per_floor":[56,48,48,48,48,48,44,44,44,39,39,33,23,13,13,0],"gold":98,"neow_bonus":"ONE_RANDOM_RARE_CARD","is_prod":false,"is_daily":false,"chose_seed":false,"campfire_upgraded":3,"win_rate":0,"timestamp":1542373077,"path_taken":["M","?","?","?","?","R","M","R","T","?","?","E","M","M","R","BOSS"],"build_version":"2018-11-15","purchased_purges":0,"victory":false,"max_hp_per_floor":[66,66,66,66,66,66,66,66,66,66,66,66,66,66,66,66],"card_choices":[{"not_picked":["Deflect","Dagger Throw"],"picked":"Crippling Poison","floor":1.0},{"not_picked":["Calculated Gamble","Dagger Throw"],"picked":"Skewer","floor":2.0},{"not_picked":["Poisoned Stab","Finisher","Slice"],"picked":"SKIP","floor":7.0},{"not_picked":["Choke","Prepared","Dodge and Roll"],"picked":"SKIP","floor":10.0},{"not_picked":["Dodge and Roll","Expertise","Underhanded Strike"],"picked":"SKIP","floor":12.0},{"not_picked":["Sucker Punch","Quick Slash"],"picked":"Bullet Time","floor":13.0},{"not_picked":["Bouncing Flask","Flying Knee","PiercingWail"],"picked":"SKIP","floor":14.0}],"player_experience":541441,"relics_obtained":[{"floor":3.0,"key":"Pen Nib"},{"floor":9.0,"key":"MawBank"},{"floor":12.0,"key":"Art of War"}],"event_choices":[{"damage_healed":0.0,"max_hp_gain":0.0,"max_hp_loss":0.0,"gold_gain":0.0,"event_name":"Wheel of Change","player_choice":"Relic","floor":3.0,"gold_loss":0.0,"damage_taken":0.0},{"cards_removed":["Skewer"],"damage_healed":0.0,"max_hp_gain":0.0,"max_hp_loss":0.0,"gold_gain":0.0,"event_name":"WeMeetAgain","player_choice":"Gave Card","floor":5.0,"gold_loss":0.0,"damage_taken":0.0,"relics_obtained":["Mummified Hand"]}],"is_beta":true,"boss_relics":[],"items_purged_floors":[],"is_endless":false,"potions_floor_spawned":[7,12,14],"killed_by":"The Guardian","ascension_level":18}