{"gold_per_floor":[119,139,139,6,6,6,45,59,84,9,9,49,65,65,65,65],"floor_reached":16,"playtime":822,"items_purged":["Injury"],"score":108,"play_id":"bd2c689c-2f87-45aa-bb83-5b72cb6e4fd4","local_time":"20190805013314","is_ascension_mode":false,"campfire_choices":[{"data":"Inflame","floor":6,"key":"SMITH"},{"data":"Thunderclap","floor":11,"key":"SMITH"},{"floor":15,"key":"REST"}],"neow_cost":"NONE","seed_source_timestamp":1097011398612991,"circlet_count":0,"master_deck":["Strike_R","Strike_R","Strike_R","Strike_R","Strike_R","Defend_R","Defend_R","Defend_R","Defend_R","Bash","Carnage","Battle Trance","Inflame+1","Jack Of All Trades+1","Shrug It Off","Thunderclap+1","Clash","Flame Barrier+1"],"relics":["Burning Blood","Golden Idol","Lantern","Regal Pillow","Toxic Egg 2"],"potions_floor_usage":[7],"damage_taken":[{"damage":6,"enemies":"2 Louse","floor":1,"turns":2},{"damage":5,"enemies":"Jaw Worm","floor":2,"turns":5},{"damage":22,"enemies":"3 Sentries","floor":7,"turns":8},{"damage":0,"enemies":"Cultist","floor":8,"turns":3},{"damage":45,"enemies":"Gremlin Nob","floor":12,"turns":5},{"damage":14,"enemies":"Blue Slaver","floor":13,"turns":3},{"damage":74,"enemies":"Hexaghost","floor":16,"turns":11}],"seed_played":"4083274411285768694","potions_obtained":[{"floor":1,"key":"SkillPotion"},{"floor":13,"key":"Explosive Potion"}],"is_trial":false,"path_per_floor":["M","M","?","$","?","R","E","M","T","$","R","E","M","$","R","B"],"character_chosen":"IRONCLAD","items_purchased":["Inflame","Jack Of All Trades"],"campfire_rested":1,"item_purchase_floors":[4,4],"current_hp_per_floor":[88,88,88,88,88,88,72,78,78,78,78,39,31,31,72,0],"gold":65,"neow_bonus":"TEN_PERCENT_HP_BONUS","is_prod":false,"is_daily":false,"chose_seed":false,"campfire_upgraded":2,"win_rate":0,"timestamp":1564983194,"path_taken":["M","M","?","$","?","R","E","M","T","$","R","E","?","$","R","BOSS"],"build_version":"2019-06-28","purchased_purges":1,"victory":false,"max_hp_per_floor":[88,88,88,88,88,88,88,88,88,88,88,88,88,88,88,88],"card_choices":[{"not_picked":["Clothesline","Corruption"],"picked":"Carnage","floor":1},{"not_picked":["Bloodletting","Warcry"],"picked":"Battle Trance","floor":2},{"not_picked":["Blood for Blood","Entrench"],"picked":"Shrug It Off","floor":7},{"not_picked":["Rampage","Pommel Strike"],"picked":"Thunderclap","floor":8},{"not_picked":["Metallicize","Offering"],"picked":"Clash","floor":12},{"not_picked":["Shockwave+1","Pummel"],"picked":"Flame Barrier+1","floor":13}],"player_experience":16546,"relics_obtained":[{"floor":7,"key":"Lantern"},{"floor":9,"key":"Regal Pillow"},{"floor":12,"key":"Toxic Egg 2"}],"event_choices":[{"damage_healed":0,"gold_gain":0,"player_choice":"Take Wound","damage_taken":0,"relics_obtained":["Golden Idol"],"max_hp_gain":0,"max_hp_loss":0,"event_name":"Golden Idol","floor":3,"gold_loss":0,"cards_obtained":["Injury"]},{"damage_healed":0,"gold_gain":0,"player_choice":"Grow","damage_taken":0,"max_hp_gain":0,"max_hp_loss":0,"event_name":"Living Wall","floor":5,"gold_loss":0,"cards_upgraded":["Jack Of All Trades"]}],"is_beta":true,"boss_relics":[],"items_purged_floors":[10],"is_endless":false,"potions_floor_spawned":[1,13],"killed_by":"Hexaghost","ascension_level":0}