{"gold_per_floor":[112,127,145,125,135,165,165,198,198,217,241,254,286,303,303,375,375,386,386,386,403,403,403,431,431],"floor_reached":25,"playtime":1043,"items_purged":[],"score":600,"play_id":"37a2271f-4359-45d9-84a8-d474facd991c","local_time":"20190209034952","is_ascension_mode":true,"campfire_choices":[{"data":"Chaos","floor":7.0,"key":"SMITH"},{"data":"Defragment","floor":15.0,"key":"SMITH"},{"data":"Sunder","floor":23.0,"key":"SMITH"}],"neow_cost":"NONE","seed_source_timestamp":960204726150,"circlet_count":0,"master_deck":["AscendersBane","Strike_B","Strike_B+1","Strike_B+1","Defend_B","Defend_B","Defend_B","Defend_B","Zap","Dualcast","Defragment+1","Genetic Algorithm","Undo","Chaos+1","Sunder+1","Beam Cell","Echo Form","Ball Lightning+1","Darkness","Compile Driver+1","Conserve Battery"],"special_seed":0,"relics":["Cracked Core","Du-Vu Doll","Incense Burner","Ginger","Potion Belt","Unceasing Top","Nuclear Battery","Whetstone"],"potions_floor_usage":[],"damage_taken":[{"damage":14.0,"enemies":"2 Louse","floor":1.0,"turns":3.0},{"damage":1.0,"enemies":"Cultist","floor":2.0,"turns":3.0},{"damage":4.0,"enemies":"Small Slimes","floor":3.0,"turns":5.0},{"damage":5.0,"enemies":"2 Fungi Beasts","floor":5.0,"turns":5.0},{"damage":7.0,"enemies":"3 Sentries","floor":6.0,"turns":9.0},{"damage":0.0,"enemies":"Lagavulin","floor":8.0,"turns":7.0},{"damage":13.0,"enemies":"Looter","floor":10.0,"turns":3.0},{"damage":3.0,"enemies":"3 Louse","floor":12.0,"turns":3.0},{"damage":0.0,"enemies":"3 Sentries","floor":13.0,"turns":6.0},{"damage":0.0,"enemies":"2 Fungi Beasts","floor":14.0,"turns":3.0},{"damage":0.0,"enemies":"Slime Boss","floor":16.0,"turns":8.0},{"damage":23.0,"enemies":"3 Byrds","floor":18.0,"turns":4.0},{"damage":2.0,"enemies":"Chosen","floor":21.0,"turns":4.0},{"damage":32.0,"enemies":"Slavers","floor":24.0,"turns":4.0},{"damage":3,"enemies":"Snecko","floor":25,"turns":3}],"seed_played":"5001966551411332278","potions_obtained":[{"floor":1.0,"key":"PowerPotion"},{"floor":2.0,"key":"EssenceOfSteel"},{"floor":6.0,"key":"EssenceOfSteel"},{"floor":10.0,"key":"Swift Potion"},{"floor":12.0,"key":"Fire Potion"},{"floor":16.0,"key":"SpeedPotion"},{"floor":18.0,"key":"LiquidBronze"},{"floor":21.0,"key":"GamblersBrew"}],"is_trial":false,"path_per_floor":["M","M","M","?","M","E","R","E","T","M","T","M","E","M","R","B",null,"M","?","?","M","?","R","E","M"],"character_chosen":"DEFECT","items_purchased":[],"campfire_rested":0,"item_purchase_floors":[],"current_hp_per_floor":[50,49,45,45,40,33,33,33,33,20,20,17,17,17,17,17,58,35,35,35,33,33,33,1,0],"gold":431,"neow_bonus":"REMOVE_CARD","is_prod":false,"is_daily":false,"chose_seed":false,"campfire_upgraded":3,"win_rate":0,"timestamp":1549655392,"path_taken":["M","M","M","?","?","E","R","E","T","M","?","?","E","M","R","BOSS","M","?","?","M","?","R","E","M"],"build_version":"2019-02-06","purchased_purges":0,"victory":false,"max_hp_per_floor":[71,71,71,71,71,71,71,71,71,71,71,71,71,71,71,71,71,71,71,71,71,71,71,71,71],"card_choices":[{"not_picked":["Stack","Barrage"],"picked":"Defragment","floor":1.0},{"not_picked":["Hello World","Cold Snap"],"picked":"Genetic Algorithm","floor":2.0},{"not_picked":["Skim","BootSequence"],"picked":"Undo","floor":3.0},{"not_picked":["Reprogram","Conserve Battery"],"picked":"Chaos","floor":5.0},{"not_picked":["Double Energy","Leap","Steam"],"picked":"SKIP","floor":6.0},{"not_picked":["Self Repair","Double Energy"],"picked":"Sunder","floor":8.0},{"not_picked":["Compile Driver","Consume","Turbo"],"picked":"SKIP","floor":10.0},{"not_picked":["Rebound","Barrage","Static Discharge"],"picked":"SKIP","floor":12.0},{"not_picked":["Go for the Eyes","Barrage","Rebound"],"picked":"SKIP","floor":13.0},{"not_picked":["Sweeping Beam","Storm"],"picked":"Beam Cell","floor":14.0},{"not_picked":["Amplify","Reboot"],"picked":"Echo Form","floor":16.0},{"not_picked":["Reprogram+1","Stack"],"picked":"Ball Lightning+1","floor":18.0},{"not_picked":["Steam","Rebound"],"picked":"Compile Driver+1","floor":21.0},{"not_picked":["Force Field","Machine Learning"],"picked":"Conserve Battery","floor":24}],"player_experience":754297,"relics_obtained":[{"floor":6.0,"key":"Du-Vu Doll"},{"floor":8.0,"key":"Incense Burner"},{"floor":9.0,"key":"Ginger"},{"floor":11.0,"key":"Potion Belt"},{"floor":13.0,"key":"Unceasing Top"},{"floor":24,"key":"Whetstone"}],"event_choices":[{"damage_healed":0.0,"max_hp_gain":0.0,"max_hp_loss":0.0,"gold_gain":0.0,"event_name":"The Woman in Blue","player_choice":"Bought 1 Potion","floor":4.0,"gold_loss":0.0,"damage_taken":0.0},{"damage_healed":0.0,"max_hp_gain":0.0,"max_hp_loss":0.0,"gold_gain":0.0,"event_name":"The Library","player_choice":"Read","floor":19.0,"gold_loss":0.0,"damage_taken":0.0,"cards_obtained":["Darkness"]},{"damage_healed":0.0,"max_hp_gain":0.0,"max_hp_loss":0.0,"gold_gain":0.0,"event_name":"Cursed Tome","player_choice":"Ignored","floor":20.0,"gold_loss":0.0,"damage_taken":0.0},{"damage_healed":0.0,"max_hp_gain":0.0,"max_hp_loss":0.0,"gold_gain":0.0,"event_name":"The Mausoleum","player_choice":"Ignored","floor":22.0,"gold_loss":0.0,"damage_taken":0.0}],"is_beta":true,"boss_relics":[{"not_picked":["Snecko Eye","Tiny House"],"picked":"Nuclear Battery"}],"items_purged_floors":[],"is_endless":false,"potions_floor_spawned":[1,2,6,10,12,16,18,21],"killed_by":"Snecko","ascension_level":15}