{"gold_per_floor":[119,119,132,150,164,164,180,210,210,210,226,82,82,108,108,182,182,200,210,17,43,60,60,60,13,13,33,59,59,74,86,86,160,160,173,173,226,29,44,57,57,82,82,115,115,115,40,75,75,75,75,75,75,109,109],"floor_reached":55,"playtime":2585,"items_purged":["Strike_R","Strike_R"],"score":1461,"play_id":"751c54fd-2106-4601-8a4e-ff01f86819ca","local_time":"20190323135541","is_ascension_mode":true,"campfire_choices":[{"data":"Hemokinesis","floor":6.0,"key":"SMITH"},{"data":"Armaments","floor":10.0,"key":"SMITH"},{"data":"Carnage","floor":13.0,"key":"SMITH"},{"floor":15.0,"key":"REST"},{"floor":24.0,"key":"REST"},{"data":"Body Slam","floor":29.0,"key":"SMITH"},{"floor":32.0,"key":"REST"},{"floor":41.0,"key":"RECALL"},{"data":"Impervious","floor":46.0,"key":"SMITH"},{"data":"Bash","floor":49.0,"key":"SMITH"},{"data":"Defend_R","floor":52,"key":"SMITH"}],"neow_cost":"NONE","seed_source_timestamp":2753350151639,"circlet_count":0,"master_deck":["AscendersBane","Strike_R","Strike_R","Defend_R","Defend_R+1","Defend_R+1","Defend_R+1","Bash+1","Armaments+1","Thunderclap","Hemokinesis+1","Impervious+1","Power Through+1","Battle Trance+1","Exhume+1","Shockwave+1","Offering+1","True Grit+1","Body Slam+1","Seeing Red+1","Impervious+1","Shrug It Off+1","Pommel Strike+1","Panacea+1","Writhe"],"special_seed":0,"relics":["Burning Blood","NeowsBlessing","Blood Vial","Toxic Egg 2","War Paint","Cursed Key","ClockworkSouvenir","Red Mask","Mummified Hand","Coffee Dripper","Charon\u0027s Ashes","Incense Burner","Boot","Calipers","Kunai"],"potions_floor_usage":[55,55],"damage_taken":[{"damage":0.0,"enemies":"Small Slimes","floor":1.0,"turns":1.0},{"damage":0.0,"enemies":"Cultist","floor":3.0,"turns":1.0},{"damage":0.0,"enemies":"Jaw Worm","floor":4.0,"turns":1.0},{"damage":13.0,"enemies":"Blue Slaver","floor":5.0,"turns":4.0},{"damage":12.0,"enemies":"2 Fungi Beasts","floor":7.0,"turns":3.0},{"damage":24.0,"enemies":"Lagavulin","floor":8.0,"turns":5.0},{"damage":8.0,"enemies":"Looter","floor":11.0,"turns":3.0},{"damage":32.0,"enemies":"3 Sentries","floor":14.0,"turns":7.0},{"damage":41.0,"enemies":"Slime Boss","floor":16.0,"turns":9.0},{"damage":19.0,"enemies":"Spheric Guardian","floor":18.0,"turns":4.0},{"damage":5.0,"enemies":"2 Thieves","floor":19.0,"turns":4.0},{"damage":24.0,"enemies":"Masked Bandits","floor":21.0,"turns":4.0},{"damage":17.0,"enemies":"3 Cultists","floor":22.0,"turns":7.0},{"damage":10.0,"enemies":"Centurion and Healer","floor":27.0,"turns":6.0},{"damage":24.0,"enemies":"Slavers","floor":28.0,"turns":9.0},{"damage":11.0,"enemies":"Snake Plant","floor":30.0,"turns":3.0},{"damage":0.0,"enemies":"Shelled Parasite and Fungi","floor":31.0,"turns":4.0},{"damage":54.0,"enemies":"Collector","floor":33.0,"turns":15.0},{"damage":0.0,"enemies":"Orb Walker","floor":35.0,"turns":3.0},{"damage":28.0,"enemies":"2 Orb Walkers","floor":37.0,"turns":4.0},{"damage":3.0,"enemies":"3 Shapes","floor":39.0,"turns":4.0},{"damage":17.0,"enemies":"Transient","floor":40.0,"turns":5.0},{"damage":6.0,"enemies":"Nemesis","floor":42.0,"turns":9.0},{"damage":8.0,"enemies":"Giant Head","floor":44.0,"turns":6.0},{"damage":14.0,"enemies":"Reptomancer","floor":48.0,"turns":6.0},{"damage":16,"enemies":"Donu and Deca","floor":50,"turns":10},{"damage":6,"enemies":"Shield and Spear","floor":54,"turns":6},{"damage":6,"enemies":"The Heart","floor":55,"turns":11}],"seed_played":"-3579589045203226398","potions_obtained":[{"floor":1.0,"key":"Ancient Potion"},{"floor":4.0,"key":"PowerPotion"},{"floor":28.0,"key":"SkillPotion"},{"floor":48.0,"key":"Dexterity Potion"}],"is_trial":false,"path_per_floor":["M","?","M","M","M","R","M","E","T","R","M","$","R","E","R","B",null,"M","M","$","?","M","?","R","$","T","M","E","R","M","M","R","B",null,"M","?","?","$","M","M","R","E","T","E","?","R","$","E","R","B",null,"R","$","E","B"],"character_chosen":"IRONCLAD","items_purchased":["Battle Trance+1","ClockworkSouvenir","True Grit+1","Panacea+1","GamblersBrew"],"campfire_rested":3,"item_purchase_floors":[12,20,25,38,47],"current_hp_per_floor":[74,74,75,75,68,68,62,44,44,44,44,44,44,20,42,9,59,48,51,51,35,26,26,48,48,48,46,30,30,27,35,57,11,59,67,67,47,47,52,43,43,45,45,45,45,45,45,39,39,31,61,61,61,63,59],"gold":109,"neow_bonus":"THREE_ENEMY_KILL","is_prod":false,"is_daily":false,"chose_seed":false,"campfire_upgraded":7,"win_rate":0,"timestamp":1553320541,"path_taken":["M","?","M","?","M","R","M","E","T","R","M","$","R","E","R","BOSS","M","M","?","?","M","?","R","?","T","M","E","R","M","M","R","BOSS","M","?","?","$","M","M","R","E","T","E","?","R","$","E","R","BOSS","R","$","E","BOSS"],"build_version":"2019-01-23","purchased_purges":2,"victory":false,"max_hp_per_floor":[75,75,75,75,75,75,75,75,75,75,75,75,75,75,75,75,75,75,75,75,75,75,75,75,75,75,75,75,75,75,75,75,75,75,75,75,75,75,75,75,75,75,75,75,71,71,71,71,71,71,71,71,71,71,71],"card_choices":[{"not_picked":["Metallicize","Combust"],"picked":"Armaments","floor":1.0},{"not_picked":["Dual Wield","Warcry","Sever Soul"],"picked":"SKIP","floor":3.0},{"not_picked":["Twin Strike","Iron Wave"],"picked":"Hemokinesis","floor":4.0},{"not_picked":["Armaments","Clothesline"],"picked":"Carnage","floor":5.0},{"not_picked":["Carnage","Thunderclap","Pummel"],"picked":"SKIP","floor":7.0},{"not_picked":["Second Wind","Flex"],"picked":"Impervious","floor":8.0},{"not_picked":["Clash","Twin Strike"],"picked":"Power Through+1","floor":11.0},{"not_picked":["Battle Trance+1","Armaments+1","Pommel Strike"],"picked":"SKIP","floor":14.0},{"not_picked":["Juggernaut","Fiend Fire"],"picked":"Exhume+1","floor":16.0},{"not_picked":["Clash","Wild Strike"],"picked":"Shockwave+1","floor":18.0},{"not_picked":["Sword Boomerang","Sentinel+1","Rupture"],"picked":"SKIP","floor":19.0},{"not_picked":["Twin Strike","Cleave"],"picked":"Offering+1","floor":22.0},{"not_picked":["Pommel Strike","Sever Soul","Hemokinesis"],"picked":"SKIP","floor":27.0},{"not_picked":["Limit Break+1","Brutality"],"picked":"Body Slam","floor":28.0},{"not_picked":["Headbutt","Pommel Strike","Flex+1"],"picked":"SKIP","floor":30.0},{"not_picked":["Headbutt","Pommel Strike","Flex+1"],"picked":"SKIP","floor":30.0},{"not_picked":["Reckless Charge","Iron Wave"],"picked":"Seeing Red+1","floor":31.0},{"not_picked":["Immolate","Juggernaut"],"picked":"Impervious+1","floor":33.0},{"not_picked":["Armaments+1","Flex+1"],"picked":"Shrug It Off+1","floor":35.0},{"not_picked":["Shockwave+1","True Grit+1"],"picked":"Pommel Strike+1","floor":37.0},{"not_picked":["Rupture","Pummel","Thunderclap+1"],"picked":"SKIP","floor":39.0},{"not_picked":["Rampage","Reckless Charge","Armaments+1"],"picked":"SKIP","floor":40.0},{"not_picked":["Pommel Strike","Shockwave+1","Headbutt"],"picked":"SKIP","floor":42.0},{"not_picked":["Thunderclap+1","Combust","Shrug It Off+1"],"picked":"SKIP","floor":44.0},{"not_picked":["Dark Embrace","Clothesline","Inflame"],"picked":"SKIP","floor":48.0},{"not_picked":["Sword Boomerang","Twin Strike","Metallicize"],"picked":"SKIP","floor":54}],"player_experience":875812,"relics_obtained":[{"floor":8.0,"key":"Blood Vial"},{"floor":9.0,"key":"Toxic Egg 2"},{"floor":14.0,"key":"War Paint"},{"floor":21.0,"key":"Red Mask"},{"floor":28.0,"key":"Mummified Hand"},{"floor":37.0,"key":"Charon\u0027s Ashes"},{"floor":42.0,"key":"Incense Burner"},{"floor":44.0,"key":"Boot"},{"floor":48.0,"key":"Calipers"},{"floor":54,"key":"Kunai"}],"event_choices":[{"damage_healed":0.0,"max_hp_gain":0.0,"max_hp_loss":0.0,"gold_gain":0.0,"cards_transformed":["Strike_R"],"event_name":"Transmorgrifier","player_choice":"Transformed","floor":2.0,"gold_loss":0.0,"damage_taken":0.0,"cards_obtained":["Thunderclap"]},{"damage_healed":0.0,"max_hp_gain":0.0,"max_hp_loss":0.0,"gold_gain":0.0,"event_name":"Masked Bandits","player_choice":"Fought Bandits","floor":21.0,"gold_loss":0.0,"damage_taken":0.0},{"damage_healed":0.0,"max_hp_gain":0.0,"max_hp_loss":0.0,"gold_gain":0.0,"event_name":"Beggar","player_choice":"Ignored","floor":23.0,"gold_loss":0.0,"damage_taken":0.0},{"cards_removed":["Carnage"],"damage_healed":0.0,"max_hp_gain":0.0,"max_hp_loss":0.0,"gold_gain":0.0,"event_name":"Falling","player_choice":"Removed Attack","floor":36.0,"gold_loss":0.0,"damage_taken":0.0},{"damage_healed":0.0,"max_hp_gain":0.0,"max_hp_loss":0.0,"gold_gain":0.0,"event_name":"Mysterious Sphere","player_choice":"Fight","floor":37.0,"gold_loss":0.0,"damage_taken":0.0},{"damage_healed":0.0,"max_hp_gain":0.0,"max_hp_loss":4.0,"gold_gain":0.0,"event_name":"Winding Halls","player_choice":"Max HP","floor":45.0,"gold_loss":0.0,"damage_taken":0.0}],"is_beta":false,"boss_relics":[{"not_picked":["Tiny House","Black Star"],"picked":"Cursed Key"},{"not_picked":["Velvet Choker","Fusion Hammer"],"picked":"Coffee Dripper"}],"items_purged_floors":[12,38],"is_endless":false,"potions_floor_spawned":[1,4,7,11,16,18,19,22,28,35,37,48,54],"killed_by":"The Heart","ascension_level":15}