{"gold_per_floor":[117,128,53,69,141,141,172,172,172,53,64,114,114],"floor_reached":13,"playtime":328,"items_purged":["Strike_B"],"score":166,"play_id":"25c41357-051c-4087-a395-6472bca46499","local_time":"20190302212338","is_ascension_mode":true,"campfire_choices":[{"data":"Tempest","floor":6.0,"key":"SMITH"},{"data":"Zap","floor":8.0,"key":"SMITH"}],"neow_cost":"PERCENT_DAMAGE","seed_source_timestamp":6775858827131,"circlet_count":0,"master_deck":["AscendersBane","Strike_B","Strike_B","Strike_B","Defend_B","Defend_B","Defend_B","Defend_B","Zap+1","Dualcast","Thunder Strike","Ball Lightning","Tempest+1","Streamline","Defragment","Chill","Cold Snap"],"special_seed":0,"relics":["Cracked Core","Pantograph"],"potions_floor_usage":[],"damage_taken":[{"damage":3.0,"enemies":"2 Louse","floor":1.0,"turns":2.0},{"damage":4.0,"enemies":"Jaw Worm","floor":2.0,"turns":4.0},{"damage":0.0,"enemies":"Cultist","floor":4.0,"turns":3.0},{"damage":25.0,"enemies":"Lagavulin","floor":7.0,"turns":4.0},{"damage":8.0,"enemies":"Exordium Wildlife","floor":11.0,"turns":4.0},{"damage":0,"enemies":"Exordium Thugs","floor":13,"turns":1}],"seed_played":"1076740678097987039","potions_obtained":[{"floor":1.0,"key":"Regen Potion"},{"floor":2.0,"key":"Weak Potion"}],"is_trial":false,"path_per_floor":["M","M","$","M","?","R","E","R","T","$","M","?","M"],"character_chosen":"DEFECT","items_purchased":["Defragment","Chill"],"campfire_rested":0,"item_purchase_floors":[10,10],"current_hp_per_floor":[43,39,39,39,39,39,14,14,14,14,6,6,6],"gold":114,"neow_bonus":"THREE_RARE_CARDS","is_prod":false,"is_daily":false,"chose_seed":false,"campfire_upgraded":2,"win_rate":0,"timestamp":1551533018,"path_taken":["M","M","$","M","?","R","E","R","T","$","M","?","M"],"build_version":"2019-02-06","purchased_purges":1,"victory":false,"max_hp_per_floor":[71,71,71,71,71,71,71,71,71,71,71,71,71],"card_choices":[{"not_picked":["Buffer","Amplify"],"picked":"Thunder Strike","floor":0.0},{"not_picked":["Hologram","Conserve Battery"],"picked":"Ball Lightning","floor":1.0},{"not_picked":["Rebound","Turbo"],"picked":"Tempest","floor":2.0},{"not_picked":["Steam Power","Go for the Eyes"],"picked":"Streamline","floor":4.0},{"not_picked":["Multi-Cast","Lockon","Aggregate"],"picked":"SKIP","floor":7.0},{"not_picked":["Gash","Steam"],"picked":"Cold Snap","floor":11.0}],"player_experience":813802,"relics_obtained":[{"floor":7.0,"key":"Pantograph"}],"event_choices":[{"damage_healed":0.0,"max_hp_gain":0.0,"max_hp_loss":0.0,"gold_gain":72.0,"event_name":"Golden Wing","player_choice":"Gained Gold","floor":5.0,"gold_loss":0.0,"damage_taken":0.0},{"damage_healed":0.0,"max_hp_gain":0.0,"max_hp_loss":0.0,"gold_gain":50.0,"event_name":"Golden Shrine","player_choice":"Pray","floor":12.0,"gold_loss":0.0,"damage_taken":0.0}],"is_beta":true,"boss_relics":[],"items_purged_floors":[3],"is_endless":false,"potions_floor_spawned":[1,2],"killed_by":"Exordium Thugs","ascension_level":20}