{"gold_per_floor":[113,129,45,45,45,45,70,90,90,90,103,124,124,124,124,219,219,195,79,94,110,110,110,52,71,124,140,140,55,55,76,76,169,169,185,310,310,335,208,242,242,281,281,305,305,638,638,654,654,654,654],"floor_reached":52,"playtime":2511,"items_purged":["Strike_B"],"score":2029,"play_id":"2f159dfd-a11b-4cdb-9572-7753a0244c29","local_time":"20181223130828","is_ascension_mode":true,"campfire_choices":[{"data":"Doom and Gloom","floor":6.0,"key":"SMITH"},{"data":"Reboot","floor":10.0,"key":"SMITH"},{"data":"Dualcast","floor":13.0,"key":"SMITH"},{"data":"Streamline","floor":15.0,"key":"SMITH"},{"data":"Multi-Cast","floor":23.0,"key":"SMITH"},{"data":"Reinforced Body","floor":32.0,"key":"SMITH"},{"data":"Buffer","floor":41.0,"key":"SMITH"},{"data":"Loop","floor":45.0,"key":"SMITH"},{"data":"Redo","floor":47.0,"key":"SMITH"},{"data":"Biased Cognition","floor":49.0,"key":"SMITH"}],"neow_cost":"TEN_PERCENT_HP_LOSS","seed_source_timestamp":4477506350497,"circlet_count":0,"master_deck":["AscendersBane","Dualcast+1","Streamline+1","Reboot+1","Darkness+1","Doom and Gloom+1","Glacier","Multi-Cast+1","Self Repair","Capacitor","Reinforced Body+1","Turbo+1","Redo+1","Conserve Battery+1","Chill","Self Repair","Electrodynamics","Buffer+1","White Noise+1","Melter+1","Beam Cell+1","Reinforced Body","Hologram+1","Loop+1","Reprogram","Biased Cognition+1","Skim","Capacitor"],"special_seed":0,"relics":["Cracked Core","Pocketwatch","Runic Pyramid","Oddly Smooth Stone","Nunchaku","Astrolabe","Shovel","Strawberry","Regal Pillow","Meat on the Bone"],"potions_floor_usage":[],"damage_taken":[{"damage":4.0,"enemies":"Jaw Worm","floor":1.0,"turns":3.0},{"damage":0.0,"enemies":"2 Louse","floor":2.0,"turns":2.0},{"damage":0.0,"enemies":"Cultist","floor":7.0,"turns":2.0},{"damage":0.0,"enemies":"2 Fungi Beasts","floor":8.0,"turns":2.0},{"damage":15.0,"enemies":"Exordium Wildlife","floor":11.0,"turns":3.0},{"damage":8.0,"enemies":"Red Slaver","floor":12.0,"turns":3.0},{"damage":0.0,"enemies":"Slime Boss","floor":16.0,"turns":3.0},{"damage":3.0,"enemies":"2 Thieves","floor":18.0,"turns":4.0},{"damage":31.0,"enemies":"3 Byrds","floor":20.0,"turns":5.0},{"damage":24.0,"enemies":"3 Cultists","floor":21.0,"turns":5.0},{"damage":0.0,"enemies":"Snake Plant","floor":25.0,"turns":2.0},{"damage":8.0,"enemies":"Centurion and Healer","floor":27.0,"turns":4.0},{"damage":1.0,"enemies":"3 Cultists","floor":31.0,"turns":5.0},{"damage":0.0,"enemies":"Champ","floor":33.0,"turns":9.0},{"damage":17.0,"enemies":"3 Darklings","floor":35.0,"turns":5.0},{"damage":0.0,"enemies":"Mind Bloom Boss Battle","floor":36.0,"turns":3.0},{"damage":0.0,"enemies":"3 Shapes","floor":38.0,"turns":5.0},{"damage":25.0,"enemies":"Reptomancer","floor":40.0,"turns":9.0},{"damage":13.0,"enemies":"Giant Head","floor":42.0,"turns":6.0},{"damage":8.0,"enemies":"Transient","floor":44.0,"turns":6.0},{"damage":0.0,"enemies":"Sphere and 2 Shapes","floor":48.0,"turns":2.0},{"damage":9.0,"enemies":"Time Eater","floor":50.0,"turns":6.0},{"damage":35,"enemies":"Donu and Deca","floor":51,"turns":7}],"seed_played":"7768224996663092311","potions_obtained":[{"floor":1.0,"key":"Dexterity Potion"},{"floor":11.0,"key":"Block Potion"},{"floor":16.0,"key":"Swift Potion"},{"floor":27.0,"key":"SpeedPotion"},{"floor":31.0,"key":"PowerPotion"},{"floor":42.0,"key":"Poison Potion"},{"floor":44.0,"key":"GamblersBrew"}],"is_trial":false,"path_per_floor":["M","M","$","?","?","R","M","M","T","R","M","M","R","?","R","B",null,"M","$","M","M","?","R","$","M","T","M","?","?","?","M","R","B",null,"M","?","?","M","$","E","R","E","T","M","R","?","R","M","R","B","B",null],"character_chosen":"DEFECT","items_purchased":["Doom and Gloom","Capacitor","Redo","Loop","Reprogram"],"campfire_rested":0,"item_purchase_floors":[3,19,24,39,39],"current_hp_per_floor":[60,60,60,38,38,38,38,38,38,38,23,15,15,36,36,36,57,54,54,30,13,13,13,13,13,13,12,12,12,12,25,25,39,58,55,55,55,64,64,67,67,68,68,67,67,67,67,71,71,62,53],"gold":654,"neow_bonus":"TRANSFORM_TWO_CARDS","is_prod":false,"is_daily":false,"chose_seed":false,"campfire_upgraded":10,"win_rate":0,"timestamp":1545541708,"path_taken":["M","M","$","?","?","R","M","M","T","R","M","?","R","?","R","BOSS","M","$","M","M","?","R","$","M","T","?","?","?","?","M","R","BOSS","M","?","?","?","?","E","R","E","T","M","R","?","R","M","R","BOSS","BOSS"],"build_version":"2018-12-20","purchased_purges":1,"victory":true,"max_hp_per_floor":[64,64,64,64,64,64,64,64,64,64,64,64,64,64,64,64,64,64,64,64,64,64,64,64,64,64,64,64,64,64,64,64,64,64,64,64,64,64,64,71,71,71,71,71,71,71,71,71,71,71,71],"card_choices":[{"not_picked":["Lockon","Scrape","Compile Driver"],"picked":"SKIP","floor":1.0},{"not_picked":["Leap","Defragment"],"picked":"Darkness","floor":2.0},{"not_picked":["Rebound","Turbo","Barrage"],"picked":"SKIP","floor":7.0},{"not_picked":["Ball Lightning","Cold Snap","Go for the Eyes"],"picked":"SKIP","floor":8.0},{"not_picked":["Ball Lightning","Cold Snap","Go for the Eyes"],"picked":"SKIP","floor":8.0},{"not_picked":["Ball Lightning","Stack","Beam Cell"],"picked":"SKIP","floor":11.0},{"not_picked":["Beam Cell","Consume"],"picked":"Glacier","floor":12.0},{"not_picked":["Buffer","Meteor Strike"],"picked":"Multi-Cast","floor":16.0},{"not_picked":["Lockon","Capacitor"],"picked":"Self Repair","floor":18.0},{"not_picked":["Turbo","Go for the Eyes"],"picked":"Reinforced Body","floor":20.0},{"not_picked":["Conserve Battery","Streamline"],"picked":"Turbo+1","floor":21.0},{"not_picked":["Aggregate","Rebound"],"picked":"Conserve Battery+1","floor":25.0},{"not_picked":["Streamline","Cold Snap","Steam"],"picked":"SKIP","floor":27.0},{"not_picked":["Auto Shields","Ball Lightning"],"picked":"Electrodynamics","floor":31.0},{"not_picked":["Meteor Strike","Hyperbeam"],"picked":"Buffer","floor":33.0},{"not_picked":["Auto Shields","Go for the Eyes+1"],"picked":"Reinforced Body","floor":35.0},{"not_picked":["Rip and Tear","Sunder"],"picked":"Hologram+1","floor":36.0},{"not_picked":["Coolheaded","Sunder","Rebound+1"],"picked":"SKIP","floor":38.0},{"not_picked":["Cold Snap+1","Double Energy"],"picked":"Biased Cognition","floor":40.0},{"not_picked":["Coolheaded","Beam Cell"],"picked":"Skim","floor":42.0},{"not_picked":["Conserve Battery","Stack","Skim"],"picked":"SKIP","floor":44.0},{"not_picked":["Redo","Blizzard+1"],"picked":"Capacitor","floor":48.0}],"player_experience":635250,"relics_obtained":[{"floor":9.0,"key":"Pocketwatch"},{"floor":26.0,"key":"Oddly Smooth Stone"},{"floor":36.0,"key":"Shovel"},{"floor":40.0,"key":"Strawberry"},{"floor":42.0,"key":"Regal Pillow"},{"floor":43.0,"key":"Meat on the Bone"}],"event_choices":[{"damage_healed":0.0,"max_hp_gain":0.0,"max_hp_loss":0.0,"gold_gain":0.0,"event_name":"Golden Idol","player_choice":"Take Damage","floor":4.0,"gold_loss":0.0,"damage_taken":22.0,"relics_obtained":["Golden Idol"]},{"damage_healed":0.0,"max_hp_gain":0.0,"max_hp_loss":0.0,"gold_gain":0.0,"event_name":"Accursed Blacksmith","player_choice":"Forge","floor":5.0,"gold_loss":0.0,"damage_taken":0.0,"cards_upgraded":["Darkness"]},{"damage_healed":21.0,"max_hp_gain":0.0,"max_hp_loss":0.0,"gold_gain":0.0,"event_name":"Big Fish","player_choice":"Banana","floor":14.0,"gold_loss":0.0,"damage_taken":0.0},{"cards_removed":["Strike_B"],"damage_healed":0.0,"max_hp_gain":0.0,"max_hp_loss":0.0,"gold_gain":0.0,"event_name":"Purifier","player_choice":"Purged","floor":22.0,"gold_loss":0.0,"damage_taken":0.0},{"damage_healed":0.0,"max_hp_gain":0.0,"max_hp_loss":0.0,"gold_gain":0.0,"cards_transformed":["Strike_B","Defend_B"],"event_name":"Drug Dealer","player_choice":"Became Test Subject","floor":28.0,"gold_loss":0.0,"damage_taken":0.0,"cards_obtained":["Chill","Self Repair"]},{"damage_healed":0.0,"max_hp_gain":0.0,"max_hp_loss":0.0,"gold_gain":0.0,"event_name":"Addict","player_choice":"Obtained Relic","floor":29.0,"gold_loss":85.0,"damage_taken":0.0,"relics_obtained":["Nunchaku"]},{"damage_healed":0.0,"max_hp_gain":0.0,"max_hp_loss":0.0,"gold_gain":0.0,"event_name":"Cursed Tome","player_choice":"Ignored","floor":30.0,"gold_loss":0.0,"damage_taken":0.0},{"damage_healed":0.0,"max_hp_gain":0.0,"max_hp_loss":0.0,"gold_gain":0.0,"event_name":"MindBloom","player_choice":"Fight","floor":36.0,"gold_loss":0.0,"damage_taken":0.0},{"damage_healed":0.0,"max_hp_gain":0.0,"max_hp_loss":0.0,"gold_gain":0.0,"event_name":"Transmorgrifier","player_choice":"Ignored","floor":37.0,"gold_loss":0.0,"damage_taken":0.0},{"damage_healed":0.0,"max_hp_gain":0.0,"max_hp_loss":0.0,"gold_gain":333.0,"event_name":"The Moai Head","player_choice":"Gave Idol","floor":46.0,"relics_lost":["Golden Idol"],"gold_loss":0.0,"damage_taken":0.0}],"is_beta":true,"boss_relics":[{"not_picked":["Cursed Key","Fusion Hammer"],"picked":"Runic Pyramid"},{"not_picked":["FrozenCore","Coffee Dripper"],"picked":"Astrolabe"}],"items_purged_floors":[19],"is_endless":false,"potions_floor_spawned":[1,11,16,27,31,42,44],"ascension_level":20}