{"gold_per_floor":[118,118,129,129,148,174,174,187,265,277,277,296,316,281,281,360,360,375,375,32,39,50,50,50],"floor_reached":24,"playtime":861,"items_purged":["Strike_B"],"score":400,"play_id":"b51d67f3-7abc-4647-b3ca-5481d29b4904","local_time":"20190414130603","is_ascension_mode":true,"campfire_choices":[{"data":"Consume","floor":7.0,"key":"SMITH"},{"floor":11.0,"key":"REST"},{"data":"Coolheaded","floor":15.0,"key":"SMITH"},{"data":"Coolheaded","floor":23.0,"key":"SMITH"}],"neow_cost":"TEN_PERCENT_HP_LOSS","seed_source_timestamp":6549739207334,"circlet_count":0,"master_deck":["AscendersBane","Strike_B","Defend_B","Defend_B","Defend_B","Zap","Dualcast","Consume+1","Glacier","Glacier","Tempest","Sweeping Beam","Ball Lightning","Blizzard","Chill","Cold Snap","Coolheaded+1","Buffer","Ghostly","Ghostly","Ghostly","Coolheaded+1"],"special_seed":0,"relics":["Cracked Core","StoneCalendar","Runic Pyramid","Chemical X"],"potions_floor_usage":[24],"damage_taken":[{"damage":7.0,"enemies":"Jaw Worm","floor":1.0,"turns":4.0},{"damage":5.0,"enemies":"Small Slimes","floor":3.0,"turns":3.0},{"damage":0.0,"enemies":"Cultist","floor":5.0,"turns":4.0},{"damage":51.0,"enemies":"Gremlin Nob","floor":6.0,"turns":4.0},{"damage":1.0,"enemies":"2 Fungi Beasts","floor":8.0,"turns":3.0},{"damage":7.0,"enemies":"Large Slime","floor":10.0,"turns":5.0},{"damage":0.0,"enemies":"Looter","floor":12.0,"turns":3.0},{"damage":8.0,"enemies":"3 Louse","floor":13.0,"turns":4.0},{"damage":2.0,"enemies":"Slime Boss","floor":16.0,"turns":8.0},{"damage":0.0,"enemies":"Chosen","floor":18.0,"turns":7.0},{"damage":6.0,"enemies":"2 Thieves","floor":21.0,"turns":5.0},{"damage":14.0,"enemies":"Shelled Parasite and Fungi","floor":22.0,"turns":7.0},{"damage":18,"enemies":"Book of Stabbing","floor":24,"turns":5}],"seed_played":"362212934079446640","potions_obtained":[{"floor":5.0,"key":"Swift Potion"},{"floor":8.0,"key":"SpeedPotion"},{"floor":22.0,"key":"Energy Potion"}],"is_trial":false,"path_per_floor":["M","?","M","?","M","E","R","M","T","M","R","M","M","?","R","B",null,"M","?","$","M","M","R","E"],"character_chosen":"DEFECT","items_purchased":["Chemical X","Coolheaded"],"campfire_rested":1,"item_purchase_floors":[20,20],"current_hp_per_floor":[57,57,52,64,64,13,13,12,12,5,24,24,16,32,32,30,56,56,32,32,26,12,12,0],"gold":50,"neow_bonus":"TRANSFORM_TWO_CARDS","is_prod":false,"is_daily":false,"chose_seed":false,"campfire_upgraded":3,"win_rate":0,"timestamp":1555218363,"path_taken":["M","?","M","?","M","E","R","M","T","?","R","M","M","?","R","BOSS","M","?","$","M","M","R","E"],"build_version":"2019-01-23","purchased_purges":1,"victory":false,"max_hp_per_floor":[64,64,64,64,64,64,64,64,64,64,64,64,64,64,64,64,64,64,32,32,32,32,32,32],"card_choices":[{"not_picked":["Go for the Eyes","Coolheaded"],"picked":"Glacier","floor":1.0},{"not_picked":["Redo","Leap","Steam Power"],"picked":"SKIP","floor":3.0},{"not_picked":["Conserve Battery","Go for the Eyes"],"picked":"Sweeping Beam","floor":5.0},{"not_picked":["Conserve Battery","Compile Driver"],"picked":"Ball Lightning","floor":6.0},{"not_picked":["Biased Cognition","Gash"],"picked":"Blizzard","floor":8.0},{"not_picked":["Streamline","Beam Cell"],"picked":"Chill","floor":10.0},{"not_picked":["Barrage","Cold Snap","Gash"],"picked":"SKIP","floor":12.0},{"not_picked":["Barrage","Gash"],"picked":"Cold Snap","floor":12.0},{"not_picked":["Gash","Conserve Battery"],"picked":"Coolheaded","floor":13.0},{"not_picked":["Electrodynamics","Meteor Strike"],"picked":"Buffer","floor":16.0},{"not_picked":["Cold Snap","Leap","Reprogram"],"picked":"SKIP","floor":18.0},{"not_picked":["Redo","Ball Lightning","Stack"],"picked":"SKIP","floor":21.0},{"not_picked":["FTL","Rebound","Auto Shields"],"picked":"SKIP","floor":22.0}],"player_experience":944167,"relics_obtained":[{"floor":6.0,"key":"StoneCalendar"}],"event_choices":[{"damage_healed":0.0,"max_hp_gain":0.0,"max_hp_loss":0.0,"gold_gain":0.0,"cards_transformed":["Strike_B"],"event_name":"Living Wall","player_choice":"Change","floor":2.0,"gold_loss":0.0,"damage_taken":0.0,"cards_obtained":["Tempest"]},{"damage_healed":12.0,"max_hp_gain":0.0,"max_hp_loss":0.0,"gold_gain":0.0,"event_name":"Wheel of Change","player_choice":"Full Heal","floor":4.0,"gold_loss":0.0,"damage_taken":0.0},{"damage_healed":16.0,"max_hp_gain":0.0,"max_hp_loss":0.0,"gold_gain":0.0,"event_name":"The Cleric","player_choice":"Healed","floor":14.0,"gold_loss":35.0,"damage_taken":0.0},{"damage_healed":0.0,"max_hp_gain":0.0,"max_hp_loss":32.0,"gold_gain":0.0,"event_name":"Ghosts","player_choice":"Became a Ghost","floor":19.0,"gold_loss":0.0,"damage_taken":0.0,"cards_obtained":["Ghostly","Ghostly","Ghostly"]}],"is_beta":false,"boss_relics":[{"not_picked":["Nuclear Battery","White Beast Statue"],"picked":"Runic Pyramid"}],"items_purged_floors":[20],"is_endless":false,"potions_floor_spawned":[5,8,12,22],"killed_by":"Book of Stabbing","ascension_level":20}