{"gold_per_floor":[116,116,131,147,147,175,192,251,278,290,290,323,398,417,417,417],"floor_reached":16,"playtime":534,"items_purged":[],"score":171,"play_id":"ca3b768f-d040-4fea-b29c-40c4a7530f30","local_time":"20181014182100","is_ascension_mode":true,"campfire_choices":[{"data":"Double Tap","floor":15,"key":"SMITH"}],"neow_cost":"NONE","seed_source_timestamp":0,"circlet_count":0,"master_deck":["Strike_R+1","Strike_R","Strike_R","Strike_R","Strike_R","Defend_R","Defend_R","Defend_R","Defend_R","Bash","Double Tap+1","Headbutt","Evolve+1","Anger","Clash","Thunderclap","Parasite","Immolate","Ghostly Armor"],"special_seed":0,"relics":["Burning Blood","Oddly Smooth Stone","Tiny Chest","Orichalcum","Boot"],"potions_floor_usage":[8,12,12],"damage_taken":[{"damage":2.0,"enemies":"2 Louse","floor":1.0,"turns":4.0},{"damage":9,"enemies":"Jaw Worm","floor":3,"turns":4},{"damage":1,"enemies":"Cultist","floor":4,"turns":3},{"damage":30,"enemies":"Lagavulin","floor":6,"turns":6},{"damage":11,"enemies":"Looter","floor":7,"turns":2},{"damage":26,"enemies":"3 Sentries","floor":8,"turns":6},{"damage":10,"enemies":"2 Fungi Beasts","floor":10,"turns":3},{"damage":12,"enemies":"Gremlin Nob","floor":12,"turns":4},{"damage":0,"enemies":"Large Slime","floor":14,"turns":4},{"damage":26,"enemies":"Slime Boss","floor":16,"turns":3}],"seed_played":"5337629147968752019","potions_obtained":[{"floor":6,"key":"GamblersBrew"},{"floor":7,"key":"Weak Potion"},{"floor":10,"key":"SkillPotion"},{"floor":12,"key":"Energy Potion"}],"is_trial":false,"path_per_floor":["M","?","M","M","?","E","M","E","T","M","?","E","?","M","R"],"character_chosen":"IRONCLAD","items_purchased":[],"campfire_rested":0,"item_purchase_floors":[],"current_hp_per_floor":[76,81,78,83,66,42,37,17,17,13,34,28,17,23,23,0],"gold":417,"neow_bonus":"ONE_RANDOM_RARE_CARD","is_prod":false,"is_daily":false,"chose_seed":false,"campfire_upgraded":1,"win_rate":0,"timestamp":1539512460,"path_taken":["M","?","M","M","?","E","M","E","T","M","?","E","?","?","R","BOSS"],"build_version":"2018-10-11","purchased_purges":0,"victory":false,"max_hp_per_floor":[80,85,85,85,85,85,85,85,85,85,85,85,85,85,85,85],"card_choices":[{"not_picked":["Havoc","Clothesline"],"picked":"Headbutt","floor":1.0},{"not_picked":["Iron Wave","Flame Barrier"],"picked":"Evolve","floor":3},{"not_picked":["Armaments","Body Slam"],"picked":"Anger","floor":4},{"not_picked":["Body Slam","Warcry"],"picked":"Clash","floor":6},{"not_picked":["Clothesline","True Grit"],"picked":"Thunderclap","floor":7},{"not_picked":["Clothesline","Sentinel","Exhume"],"picked":"SKIP","floor":8},{"not_picked":["Spot Weakness","Sword Boomerang","Clash"],"picked":"SKIP","floor":10},{"not_picked":["Heavy Blade","Dual Wield"],"picked":"Immolate","floor":12},{"not_picked":["Feel No Pain","Fire Breathing"],"picked":"Ghostly Armor","floor":14}],"player_experience":442073,"relics_obtained":[{"floor":6,"key":"Oddly Smooth Stone"},{"floor":8,"key":"Tiny Chest"},{"floor":9,"key":"Orichalcum"},{"floor":12,"key":"Boot"}],"event_choices":[{"event_name":"Big Fish","player_choice":"Donut","floor":2,"damage_taken":0},{"event_name":"Shining Light","player_choice":"Entered Light","floor":5,"damage_taken":0},{"event_name":"Mushrooms","player_choice":"Healed and dodged fight","floor":11,"damage_taken":0},{"event_name":"World of Goop","player_choice":"Gather Gold","floor":13,"damage_taken":0}],"is_beta":true,"boss_relics":[],"items_purged_floors":[],"is_endless":false,"potions_floor_spawned":[6,7,10,12],"killed_by":"Slime Boss","ascension_level":8}