{"gold_per_floor":[110,121,132,12,22,22,47,57,57,73,87,121,86,121,121,222,222,232,242,242,242,242,242,270,284,310,310,20,34,45,64,64,161,161,178,178,188,188,207,207,237,237,237,3,18,51,64,64,64,64],"floor_reached":50,"playtime":4473,"items_purged":["Normality","Writhe"],"score":979,"play_id":"76f254d9-5794-44ab-9a71-668fd9463f5a","local_time":"20180829211233","is_ascension_mode":true,"campfire_choices":[{"data":"Darkness","floor":6.0,"key":"SMITH"},{"data":"Rainbow","floor":15.0,"key":"SMITH"},{"data":"Chill","floor":23.0,"key":"SMITH"},{"data":"Go for the Eyes","floor":32.0,"key":"SMITH"},{"data":"Seek","floor":40.0,"key":"SMITH"},{"data":"Transmutation","floor":42.0,"key":"SMITH"},{"floor":49.0,"key":"REST"}],"neow_cost":"NONE","seed_source_timestamp":0,"circlet_count":0,"master_deck":["Strike_B","Strike_B","Strike_B","Strike_B","Defend_B","Defend_B","Defend_B","Defend_B","Zap","Dualcast","AscendersBane","Darkness+1","Auto Shields","Ball Lightning","PanicButton","Barrage","Redo","Rainbow+1","Sunder","Cold Snap","Turbo","Seek+1","Doom and Gloom","Chill+1","Redo","Go for the Eyes+1","BootSequence","Compile Driver","Rebound","Transmutation+1","FTL","Steam","Stack","All For One","Echo Form","Auto Shields+1","Parasite","Redo","Madness","Madness"],"special_seed":0,"relics":["Black Star","Art of War","Oddly Smooth Stone","Gremlin Horn","Shuriken","Meat on the Bone","Dodecahedron","Mercury Hourglass","Cursed Key","Bronze Scales","Blood Vial","Regal Pillow","Juzu Bracelet","Busted Crown","Smiling Mask","The Courier","Dream Catcher","Chemical X","Symbiotic Virus","Frozen Egg 2"],"potions_floor_usage":[],"damage_taken":[{"damage":3.0,"enemies":"2 Louse","floor":1.0,"turns":3.0},{"damage":7.0,"enemies":"Small Slimes","floor":2.0,"turns":4.0},{"damage":0.0,"enemies":"Cultist","floor":3.0,"turns":4.0},{"damage":10.0,"enemies":"Exordium Wildlife","floor":5.0,"turns":5.0},{"damage":18.0,"enemies":"Lagavulin","floor":7.0,"turns":7.0},{"damage":0.0,"enemies":"3 Louse","floor":8.0,"turns":2.0},{"damage":8.0,"enemies":"Blue Slaver","floor":10.0,"turns":3.0},{"damage":2.0,"enemies":"2 Fungi Beasts","floor":11.0,"turns":4.0},{"damage":0.0,"enemies":"Gremlin Nob","floor":12.0,"turns":3.0},{"damage":0.0,"enemies":"Lagavulin","floor":14.0,"turns":6.0},{"damage":25.0,"enemies":"Slime Boss","floor":16.0,"turns":6.0},{"damage":12.0,"enemies":"Chosen","floor":18.0,"turns":4.0},{"damage":8.0,"enemies":"Spheric Guardian","floor":19.0,"turns":4.0},{"damage":1.0,"enemies":"Gremlin Leader","floor":24.0,"turns":6.0},{"damage":0.0,"enemies":"Snake Plant","floor":25.0,"turns":4.0},{"damage":12.0,"enemies":"Centurion and Healer","floor":29.0,"turns":6.0},{"damage":8.0,"enemies":"Snecko","floor":30.0,"turns":5.0},{"damage":6.0,"enemies":"Chosen and Byrds","floor":31.0,"turns":6.0},{"damage":35.0,"enemies":"Champ","floor":33.0,"turns":10.0},{"damage":0.0,"enemies":"3 Shapes","floor":35.0,"turns":4.0},{"damage":2.0,"enemies":"3 Darklings","floor":37.0,"turns":4.0},{"damage":18.0,"enemies":"Jaw Worm Horde","floor":39.0,"turns":4.0},{"damage":31.0,"enemies":"Nemesis","floor":41.0,"turns":7.0},{"damage":0.0,"enemies":"Maw","floor":45.0,"turns":6.0},{"damage":32.0,"enemies":"2 Orb Walkers","floor":46.0,"turns":5.0},{"damage":0.0,"enemies":"Sphere and 2 Shapes","floor":47.0,"turns":3.0},{"damage":0,"enemies":"Donu and Deca","floor":50,"turns":1}],"seed_played":"-3688200984466102722","potions_obtained":[{"floor":1.0,"key":"FearPotion"},{"floor":2.0,"key":"Strength Potion"},{"floor":7.0,"key":"Block Potion"},{"floor":11.0,"key":"GamblersBrew"},{"floor":12.0,"key":"Block Potion"},{"floor":19.0,"key":"SkillPotion"},{"floor":24.0,"key":"Dexterity Potion"},{"floor":31.0,"key":"Swift Potion"},{"floor":33.0,"key":"Fire Potion"},{"floor":41.0,"key":"Fire Potion"},{"floor":46.0,"key":"PowerPotion"},{"floor":47.0,"key":"GamblersBrew"}],"is_trial":false,"path_per_floor":["M","M","M","$","M","R","E","M","T","M","M","E","?","E","R","B",null,"M","M","?","?","?","R","E","M","T","?","$","M","M","M","R","B",null,"M","?","M","?","M","R","E","R","T","$","M","E","M","?","R"],"character_chosen":"DEFECT","items_purchased":["PanicButton","Barrage","Transmutation","FTL","Chemical X","Redo"],"campfire_rested":1,"item_purchase_floors":[4,4,28,28,44,44],"current_hp_per_floor":[65,58,58,58,48,48,30,30,30,22,20,20,38,38,38,25,63,51,43,36,36,36,36,47,49,49,49,49,39,45,41,41,20,61,63,63,67,67,51,51,34,34,34,34,48,36,38,29,66,68],"gold":64,"neow_bonus":"BOSS_RELIC","is_prod":false,"is_daily":false,"chose_seed":false,"campfire_upgraded":6,"win_rate":0,"timestamp":1535548353,"path_taken":["M","M","M","$","M","R","E","M","T","M","M","E","?","E","R","BOSS","M","M","?","?","?","R","E","M","T","?","$","M","M","M","R","BOSS","M","?","M","?","M","R","E","R","T","$","M","E","M","?","R","BOSS"],"build_version":"2018-08-28","purchased_purges":2,"victory":false,"max_hp_per_floor":[75,75,75,75,75,75,75,75,75,75,75,75,75,75,75,75,75,75,75,75,75,75,75,75,75,75,75,75,75,75,75,75,75,75,75,75,75,75,75,75,75,75,75,75,75,75,75,75,75,75],"card_choices":[{"not_picked":["Hologram","Recycle"],"picked":"Darkness","floor":1.0},{"not_picked":["Beam Cell","Compile Driver"],"picked":"Auto Shields","floor":2.0},{"not_picked":["Steam","Gash"],"picked":"Ball Lightning","floor":3.0},{"not_picked":["Go for the Eyes","Rebound"],"picked":"Redo","floor":5.0},{"not_picked":["Storm","Stack","Reprogram"],"picked":"SKIP","floor":7.0},{"not_picked":["Turbo","Steam"],"picked":"Hologram","floor":8.0},{"not_picked":["Compile Driver","Barrage"],"picked":"Rainbow","floor":10.0},{"not_picked":["Streamline","Sweeping Beam"],"picked":"Sunder","floor":11.0},{"not_picked":["Undo","Double Energy"],"picked":"Cold Snap","floor":12.0},{"not_picked":["Stack","Gash"],"picked":"Turbo","floor":14.0},{"not_picked":["Core Surge","Creative AI"],"picked":"Seek","floor":16.0},{"not_picked":["Consume","Fusion"],"picked":"Doom and Gloom","floor":18.0},{"not_picked":["Genetic Algorithm","Aggregate"],"picked":"Chill","floor":19.0},{"not_picked":["Gash","Fusion"],"picked":"Compile Driver","floor":24.0},{"not_picked":["Redo","Stack"],"picked":"Rebound","floor":25.0},{"not_picked":["Ball Lightning","Consume","Steam"],"picked":"SKIP","floor":29.0},{"not_picked":["Ball Lightning","Consume"],"picked":"Steam","floor":29.0},{"not_picked":["Go for the Eyes","Coolheaded"],"picked":"Stack","floor":30.0},{"not_picked":["Stack","Coolheaded"],"picked":"All For One","floor":31.0},{"not_picked":["Core Surge","Biased Cognition"],"picked":"Echo Form","floor":33.0},{"not_picked":[],"picked":"Auto Shields+1","floor":35.0},{"not_picked":["Rip and Tear"],"picked":"SKIP","floor":37.0},{"not_picked":["Sunder"],"picked":"SKIP","floor":39.0},{"not_picked":["Coolheaded"],"picked":"SKIP","floor":41.0},{"not_picked":["Storm+1"],"picked":"SKIP","floor":45.0},{"not_picked":["Scrape+1"],"picked":"SKIP","floor":46.0},{"not_picked":["Gash+1"],"picked":"SKIP","floor":47.0}],"player_experience":262452,"relics_obtained":[{"floor":7.0,"key":"Art of War"},{"floor":7.0,"key":"Oddly Smooth Stone"},{"floor":9.0,"key":"Gremlin Horn"},{"floor":12.0,"key":"Shuriken"},{"floor":12.0,"key":"Meat on the Bone"},{"floor":14.0,"key":"Dodecahedron"},{"floor":14.0,"key":"Mercury Hourglass"},{"floor":24.0,"key":"Bronze Scales"},{"floor":24.0,"key":"Blood Vial"},{"floor":26.0,"key":"Regal Pillow"},{"floor":41.0,"key":"Smiling Mask"},{"floor":41.0,"key":"The Courier"},{"floor":43.0,"key":"Dream Catcher"},{"floor":46.0,"key":"Symbiotic Virus"},{"floor":46.0,"key":"Frozen Egg 2"}],"event_choices":[{"event_name":"The Cleric","player_choice":"Healed","floor":13.0,"damage_taken":0.0},{"event_name":"Wheel of Change","player_choice":"Damage","floor":20.0,"damage_taken":0.0},{"event_name":"The Library","player_choice":"Read","floor":21.0,"damage_taken":0.0},{"event_name":"Match and Keep!","player_choice":"2 cards matched","floor":22.0,"damage_taken":0.0},{"event_name":"The Mausoleum","player_choice":"Yes","floor":27.0,"damage_taken":0.0},{"event_name":"Tomb of Lord Red Mask","player_choice":"Ignored","floor":36.0,"damage_taken":0.0},{"event_name":"Falling","player_choice":"Removed Skill","floor":38.0,"damage_taken":0.0},{"event_name":"Winding Halls","player_choice":"Embrace Madness","floor":48.0,"damage_taken":0.0}],"is_beta":true,"boss_relics":[{"not_picked":["Fusion Hammer","Velvet Choker"],"picked":"Cursed Key"},{"not_picked":["Runic Pyramid","Snecko Eye"],"picked":"Busted Crown"}],"items_purged_floors":[28,44],"is_endless":false,"potions_floor_spawned":[1,2,5,7,11,12,19,24,31,33,41,46,47],"killed_by":"Donu and Deca","ascension_level":12}