{"gold_per_floor":[111,111,111,132,132,132,168,193,217,229,241,296,322,358,370,481,493,538,392,413,65,65,65,85,129,129,147,147,62,18,56,56,152,152,166,166,186,186,519,519,544,544,544,544,479,479,557,33,33,33],"floor_reached":51,"playtime":1225,"items_purged":["Strike_G","Strike_G"],"score":1498,"play_id":"20346953-cb43-418a-ba58-92918aaab076","local_time":"20181124135407","is_ascension_mode":true,"campfire_choices":[{"data":"Deadly Poison","floor":6.0,"key":"SMITH"},{"data":"Bouncing Flask","floor":10.0,"key":"SMITH"},{"data":"Burst","floor":15.0,"key":"SMITH"},{"data":"Bouncing Flask","floor":23.0,"key":"SMITH"},{"data":"Neutralize","floor":28.0,"key":"SMITH"},{"floor":32.0,"key":"REST"},{"data":"Crippling Poison","floor":40.0,"key":"SMITH"},{"data":"Night Terror","floor":42.0,"key":"SMITH"},{"data":"Noxious Fumes","floor":44.0,"key":"SMITH"},{"data":"Catalyst","floor":49,"key":"SMITH"}],"neow_cost":"NONE","seed_source_timestamp":6368968006171,"circlet_count":0,"master_deck":["AscendersBane","Defend_G+1","Defend_G+1","Defend_G+1","Defend_G+1","Defend_G+1","Strike_G+1","Strike_G+1","Survivor+1","Deadly Poison+1","Backstab","Terror","Bouncing Flask+1","Burst+1","Corpse Explosion","Escape Plan","Dash","Bouncing Flask+1","PiercingWail","Bane+1","Crippling Poison+1","Night Terror+1","Noxious Fumes+1","Catalyst","Catalyst+1","Secret Technique"],"special_seed":0,"relics":["Ring of the Serpent","NeowsBlessing","Snake Skull","MawBank","Meat on the Bone","Nunchaku","Velvet Choker","Regal Pillow","Blood Vial","Sundial","Shovel","Centennial Puzzle","Singing Bowl","The Courier","Pantograph","Pocketwatch"],"potions_floor_usage":[50],"damage_taken":[{"damage":0.0,"enemies":"Cultist","floor":1.0,"turns":1.0},{"damage":0.0,"enemies":"Small Slimes","floor":4.0,"turns":1.0},{"damage":0.0,"enemies":"Lagavulin","floor":7.0,"turns":1.0},{"damage":0.0,"enemies":"2 Louse","floor":8.0,"turns":2.0},{"damage":11.0,"enemies":"Gremlin Nob","floor":12.0,"turns":3.0},{"damage":14.0,"enemies":"Red Slaver","floor":13.0,"turns":2.0},{"damage":15.0,"enemies":"Gremlin Gang","floor":14.0,"turns":4.0},{"damage":14.0,"enemies":"Hexaghost","floor":16.0,"turns":7.0},{"damage":2.0,"enemies":"3 Byrds","floor":18.0,"turns":3.0},{"damage":0.0,"enemies":"Spheric Guardian","floor":20.0,"turns":3.0},{"damage":10.0,"enemies":"Snecko","floor":24.0,"turns":5.0},{"damage":13.0,"enemies":"Slavers","floor":25.0,"turns":3.0},{"damage":0.0,"enemies":"Centurion and Healer","floor":27.0,"turns":4.0},{"damage":25.0,"enemies":"Book of Stabbing","floor":31.0,"turns":4.0},{"damage":22.0,"enemies":"Champ","floor":33.0,"turns":9.0},{"damage":16.0,"enemies":"3 Darklings","floor":35.0,"turns":3.0},{"damage":5.0,"enemies":"Orb Walker","floor":37.0,"turns":2.0},{"damage":8.0,"enemies":"Nemesis","floor":41.0,"turns":5.0},{"damage":56,"enemies":"Donu and Deca","floor":50,"turns":5}],"seed_played":"8875034662542715391","potions_obtained":[{"floor":8.0,"key":"SpeedPotion"},{"floor":13.0,"key":"SneckoOil"},{"floor":14.0,"key":"Weak Potion"},{"floor":16.0,"key":"SkillPotion"},{"floor":37.0,"key":"Ancient Potion"}],"is_trial":false,"path_per_floor":["M","?","?","M","?","R","E","M","T","R","T","E","M","M","R","B",null,"M","M","$","M","$","?","R","M","E","T","M","R","?","$","E","R","B",null,"M","?","M","?","?","R","E","R","T","R","$","?","T","$","R","B",null],"character_chosen":"THE_SILENT","items_purchased":["Escape Plan","Bouncing Flask","Regal Pillow","Crippling Poison","Catalyst","Catalyst","Dexterity Potion","Pocketwatch","Secret Technique"],"campfire_rested":1,"item_purchase_floors":[19,21,21,30,45,48,48,48,48],"current_hp_per_floor":[59,59,52,52,34,34,34,34,34,34,34,35,33,30,30,28,52,50,50,50,50,50,50,40,39,39,41,41,41,41,30,60,38,55,41,41,38,38,38,38,32,32,32,32,32,32,32,32,32,15],"gold":33,"neow_bonus":"THREE_ENEMY_KILL","is_prod":false,"is_daily":false,"chose_seed":false,"campfire_upgraded":9,"win_rate":0,"timestamp":1543038847,"path_taken":["M","?","?","M","?","R","E","M","T","R","?","E","?","M","R","BOSS","M","$","?","$","?","R","M","E","T","M","R","?","?","E","R","BOSS","M","?","M","?","?","R","E","R","T","R","$","?","?","?","R","BOSS"],"build_version":"2018-11-15","purchased_purges":2,"victory":true,"max_hp_per_floor":[66,60,60,60,60,60,60,60,60,60,60,60,60,60,60,60,60,60,60,60,60,60,60,60,60,60,60,60,60,60,60,60,60,60,60,60,60,60,60,60,60,60,60,60,60,60,60,60,60,60],"card_choices":[{"not_picked":["Cloak And Dagger","Endless Agony"],"picked":"Deadly Poison","floor":1.0},{"not_picked":["Dodge and Roll","Poisoned Stab"],"picked":"Backstab","floor":4.0},{"not_picked":["Poisoned Stab","Heel Hook"],"picked":"Terror","floor":7.0},{"not_picked":["Acrobatics","Backflip"],"picked":"Bouncing Flask","floor":8.0},{"not_picked":["Tools of the Trade","Poisoned Stab","Dodge and Roll"],"picked":"SKIP","floor":12.0},{"not_picked":["Deadly Poison","Poisoned Stab","Cloak And Dagger"],"picked":"SKIP","floor":13.0},{"not_picked":["Blade Dance","Expertise"],"picked":"Burst","floor":14.0},{"not_picked":["Phantasmal Killer","Malaise"],"picked":"Corpse Explosion","floor":16.0},{"not_picked":["Flechettes","Caltrops","Deflect"],"picked":"SKIP","floor":18.0},{"not_picked":["Backflip","Prepared"],"picked":"Dash","floor":20.0},{"not_picked":["Dodge and Roll","Distraction"],"picked":"PiercingWail","floor":24.0},{"not_picked":["Venomology","Blade Dance"],"picked":"Bane+1","floor":25.0},{"not_picked":["Predator","Cloak And Dagger","Prepared"],"picked":"SKIP","floor":27.0},{"not_picked":["Deadly Poison","Concentrate","Slice"],"picked":"SKIP","floor":31.0},{"not_picked":["A Thousand Cuts","Adrenaline"],"picked":"Night Terror","floor":33.0},{"not_picked":["Underhanded Strike","Flying Knee+1","Dagger Throw"],"picked":"SKIP","floor":35.0},{"not_picked":["Deadly Poison","Endless Agony","Tactician+1"],"picked":"SKIP","floor":37.0},{"not_picked":["Skewer+1","Blade Dance"],"picked":"Noxious Fumes","floor":41.0}],"player_experience":558604,"relics_obtained":[{"floor":7.0,"key":"Snake Skull"},{"floor":9.0,"key":"MawBank"},{"floor":11.0,"key":"Meat on the Bone"},{"floor":12.0,"key":"Nunchaku"},{"floor":25.0,"key":"Blood Vial"},{"floor":26.0,"key":"Sundial"},{"floor":31.0,"key":"Centennial Puzzle"},{"floor":41.0,"key":"Singing Bowl"},{"floor":43.0,"key":"The Courier"},{"floor":47,"key":"Pantograph"}],"event_choices":[{"damage_healed":0.0,"max_hp_gain":0.0,"max_hp_loss":6.0,"gold_gain":0.0,"event_name":"Golden Idol","player_choice":"Lose Max HP","floor":2.0,"gold_loss":0.0,"damage_taken":0.0,"relics_obtained":["Golden Idol"]},{"cards_removed":["Strike_G"],"damage_healed":0.0,"max_hp_gain":0.0,"max_hp_loss":0.0,"gold_gain":0.0,"event_name":"Golden Wing","player_choice":"Card Removal","floor":3.0,"gold_loss":0.0,"damage_taken":7.0},{"damage_healed":0.0,"max_hp_gain":0.0,"max_hp_loss":0.0,"gold_gain":0.0,"event_name":"Shining Light","player_choice":"Entered Light","floor":5.0,"gold_loss":0.0,"damage_taken":18.0,"cards_upgraded":["Strike_G","Survivor"]},{"damage_healed":0.0,"max_hp_gain":0.0,"max_hp_loss":0.0,"gold_gain":0.0,"event_name":"Back to Basics","player_choice":"Simplicity","floor":22.0,"gold_loss":0.0,"damage_taken":0.0,"cards_upgraded":["Defend_G","Defend_G","Defend_G","Defend_G","Defend_G","Strike_G"]},{"damage_healed":0.0,"max_hp_gain":0.0,"max_hp_loss":0.0,"gold_gain":0.0,"event_name":"Addict","player_choice":"Obtained Relic","floor":29.0,"gold_loss":85.0,"damage_taken":0.0,"relics_obtained":["Shovel"]},{"damage_healed":0.0,"max_hp_gain":0.0,"max_hp_loss":0.0,"gold_gain":0.0,"event_name":"Tomb of Lord Red Mask","player_choice":"Ignored","floor":36.0,"gold_loss":0.0,"damage_taken":0.0},{"cards_removed":["Neutralize"],"damage_healed":0.0,"max_hp_gain":0.0,"max_hp_loss":0.0,"gold_gain":0.0,"event_name":"Falling","player_choice":"Removed Attack","floor":38.0,"gold_loss":0.0,"damage_taken":0.0},{"damage_healed":0.0,"max_hp_gain":0.0,"max_hp_loss":0.0,"gold_gain":333.0,"event_name":"The Moai Head","player_choice":"Gave Idol","floor":39.0,"relics_lost":["Golden Idol"],"gold_loss":0.0,"damage_taken":0.0},{"damage_healed":0,"gold_gain":0,"player_choice":"Ignored","damage_taken":0,"max_hp_gain":0,"max_hp_loss":0,"event_name":"Mysterious Sphere","floor":46,"gold_loss":0}],"is_beta":true,"boss_relics":[{"not_picked":["Tiny House","Orrery"],"picked":"Velvet Choker"},{"not_picked":["Cursed Key","Runic Pyramid"],"picked":"Ring of the Serpent"}],"items_purged_floors":[19,21],"is_endless":false,"potions_floor_spawned":[8,13,14,16,20,24,27,37,41],"ascension_level":19}