{"gold_per_floor":[117,128,128,148,159,159,179,179,179,191,223,234,234,252,252,252],"floor_reached":16,"playtime":1309,"items_purged":[],"score":106,"play_id":"d254772e-ec55-4747-9f1a-223d2264b285","local_time":"20190807002448","is_ascension_mode":false,"campfire_choices":[{"data":"Armaments","floor":6,"key":"SMITH"},{"data":"Anger","floor":8,"key":"SMITH"},{"data":"Disarm","floor":13,"key":"SMITH"},{"data":"Shrug It Off","floor":15,"key":"SMITH"}],"neow_cost":"NONE","seed_source_timestamp":21275436684343,"circlet_count":0,"master_deck":["Strike_R","Strike_R","Strike_R","Strike_R","Strike_R","Defend_R","Defend_R","Defend_R","Defend_R","Armaments+1","Bludgeon+1","Shrug It Off+1","Anger+1","Disarm+1","Headbutt"],"relics":["Burning Blood"],"potions_floor_usage":[],"damage_taken":[{"damage":3,"enemies":"Jaw Worm","floor":1,"turns":4},{"damage":5,"enemies":"Cultist","floor":2,"turns":5},{"damage":0,"enemies":"Small Slimes","floor":4,"turns":3},{"damage":0,"enemies":"Blue Slaver","floor":5,"turns":2},{"damage":5,"enemies":"Looter","floor":7,"turns":3},{"damage":0,"enemies":"2 Fungi Beasts","floor":10,"turns":3},{"damage":12,"enemies":"Lagavulin","floor":11,"turns":7},{"damage":13,"enemies":"Red Slaver","floor":12,"turns":2},{"damage":14,"enemies":"Blue Slaver","floor":14,"turns":3},{"damage":68,"enemies":"Slime Boss","floor":16,"turns":9}],"seed_played":"7467655224798942942","potions_obtained":[{"floor":2,"key":"GamblersBrew"},{"floor":11,"key":"Dexterity Potion"},{"floor":12,"key":"Weak Potion"}],"is_trial":false,"path_per_floor":["M","M","?","M","M","R","M","R","T","M","E","M","R","M","R","B"],"character_chosen":"IRONCLAD","items_purchased":[],"campfire_rested":0,"item_purchase_floors":[],"current_hp_per_floor":[80,80,80,80,80,80,80,80,80,80,74,67,67,59,59,0],"gold":252,"neow_bonus":"REMOVE_CARD","is_prod":false,"is_daily":false,"chose_seed":false,"campfire_upgraded":4,"win_rate":0,"timestamp":1565126688,"path_taken":["M","M","?","M","M","R","M","R","T","M","E","M","R","M","R","BOSS"],"build_version":"2019-07-17","purchased_purges":0,"victory":false,"max_hp_per_floor":[80,80,80,80,80,80,80,80,80,80,80,80,80,80,80,80],"card_choices":[{"not_picked":["Body Slam","Thunderclap"],"picked":"Armaments","floor":1},{"not_picked":["True Grit","Intimidate"],"picked":"Bludgeon","floor":2},{"not_picked":["Sword Boomerang","Anger"],"picked":"Shrug It Off","floor":4},{"not_picked":["Flex","Perfected Strike","Wild Strike"],"picked":"SKIP","floor":5},{"not_picked":["Sword Boomerang","Inflame"],"picked":"Anger","floor":7},{"not_picked":["Flex","Clothesline","Heavy Blade"],"picked":"SKIP","floor":10},{"not_picked":["Offering","Intimidate"],"picked":"Disarm","floor":11},{"not_picked":["Warcry","Hemokinesis","Flex"],"picked":"SKIP","floor":12},{"not_picked":["Perfected Strike","Pommel Strike"],"picked":"Headbutt","floor":14}],"player_experience":94122,"relics_obtained":[],"event_choices":[{"damage_healed":0,"gold_gain":0,"player_choice":"Forge","damage_taken":0,"max_hp_gain":0,"max_hp_loss":0,"event_name":"Accursed Blacksmith","floor":3,"gold_loss":0,"cards_upgraded":["Bludgeon"]}],"is_beta":false,"boss_relics":[],"items_purged_floors":[],"is_endless":false,"potions_floor_spawned":[2,7,11,12],"killed_by":"Slime Boss","ascension_level":0}