{"gold_per_floor":[117,192,192,204,204,232,244,244,244,10,21,21,37,51,51,152,152,118,3,102,102,102,102,114,126,126,126,126],"floor_reached":28,"playtime":825,"items_purged":["Strike_G"],"score":365,"play_id":"9271c142-8c7e-42ab-8676-215dfddf09d2","local_time":"20181020181045","is_ascension_mode":true,"campfire_choices":[{"data":"Bouncing Flask","floor":8.0,"key":"SMITH"},{"data":"Crippling Poison","floor":12.0,"key":"SMITH"},{"data":"Envenom","floor":15.0,"key":"SMITH"},{"floor":23,"key":"REST"},{"floor":27,"key":"REST"}],"neow_cost":"NONE","seed_source_timestamp":3272571547683,"circlet_count":0,"master_deck":["Defend_G","Defend_G","Defend_G","Defend_G","Defend_G","Strike_G","Strike_G","Strike_G","Survivor","Neutralize","AscendersBane","Bouncing Flask+1","Poisoned Stab","Escape Plan","Deflect","Crippling Poison+1","Well Laid Plans","Envenom+1","Envenom","Bouncing Flask","Footwork","Blade Dance"],"special_seed":0,"relics":["Ring of the Snake","NeowsBlessing","Calipers","Dodecahedron","Membership Card","Sozu","MawBank","Bottled Tornado","Darkstone Periapt"],"potions_floor_usage":[25],"damage_taken":[{"damage":0.0,"enemies":"Small Slimes","floor":1.0,"turns":1.0},{"damage":0.0,"enemies":"2 Louse","floor":4.0,"turns":1.0},{"damage":0.0,"enemies":"Lagavulin","floor":6.0,"turns":1.0},{"damage":0.0,"enemies":"Cultist","floor":7.0,"turns":3.0},{"damage":3.0,"enemies":"Looter","floor":11.0,"turns":3.0},{"damage":1.0,"enemies":"Blue Slaver","floor":13.0,"turns":3.0},{"damage":5.0,"enemies":"Red Slaver","floor":14.0,"turns":4.0},{"damage":12.0,"enemies":"Hexaghost","floor":16.0,"turns":9.0},{"damage":13.0,"enemies":"2 Thieves","floor":18.0,"turns":5.0},{"damage":40,"enemies":"Colosseum Slavers","floor":21,"turns":6},{"damage":1,"enemies":"Shell Parasite","floor":24,"turns":4},{"damage":21,"enemies":"3 Cultists","floor":25,"turns":6},{"damage":33,"enemies":"Centurion and Healer","floor":28,"turns":5}],"seed_played":"5486457898396803697","potions_obtained":[{"floor":1.0,"key":"GhostInAJar"},{"floor":3.0,"key":"Explosive Potion"},{"floor":3.0,"key":"Poison Potion"},{"floor":6.0,"key":"EntropicBrew"},{"floor":16.0,"key":"AttackPotion"}],"is_trial":false,"path_per_floor":["M","?","?","M","?","E","M","R","T","$","M","R","M","M","R","B",null,"M","$","?","?","T","R","M","M","T","R"],"character_chosen":"THE_SILENT","items_purchased":["Membership Card","MawBank","Footwork"],"campfire_rested":2,"item_purchase_floors":[10,19,19],"current_hp_per_floor":[63,52,52,52,45,45,45,45,45,45,42,42,41,36,36,24,59,46,46,46,6,6,27,26,5,5,26,0],"gold":126,"neow_bonus":"THREE_ENEMY_KILL","is_prod":false,"is_daily":false,"chose_seed":false,"campfire_upgraded":3,"win_rate":0,"timestamp":1540030245,"path_taken":["M","?","?","M","?","E","?","R","T","$","M","R","M","M","R","BOSS","M","?","?","?","?","R","M","M","T","R","M"],"build_version":"2018-10-19","purchased_purges":1,"victory":false,"max_hp_per_floor":[70,70,70,70,70,70,70,70,70,70,70,70,70,70,70,70,70,70,70,70,70,70,70,70,70,70,70,70],"card_choices":[{"not_picked":["Escape Plan","Bane"],"picked":"Bouncing Flask","floor":1.0},{"not_picked":["Acrobatics","Bane"],"picked":"Poisoned Stab","floor":4.0},{"not_picked":["Cloak And Dagger","Prepared"],"picked":"Escape Plan","floor":6.0},{"not_picked":["Dagger Throw","Reflex"],"picked":"Deflect","floor":7.0},{"not_picked":["Riddle With Holes","Bouncing Flask"],"picked":"Crippling Poison","floor":11.0},{"not_picked":["PiercingWail","Quick Slash"],"picked":"Well Laid Plans","floor":13.0},{"not_picked":["Backflip","Deflect"],"picked":"Envenom","floor":14.0},{"not_picked":["A Thousand Cuts","Phantasmal Killer"],"picked":"Envenom","floor":16.0},{"not_picked":["Outmaneuver","Concentrate"],"picked":"Bouncing Flask","floor":18.0},{"not_picked":["PiercingWail","Poisoned Stab"],"picked":"Blade Dance","floor":24},{"not_picked":["Dodge and Roll","Sucker Punch","Masterful Stab"],"picked":"SKIP","floor":25}],"player_experience":451741,"relics_obtained":[{"floor":6.0,"key":"Calipers"},{"floor":9.0,"key":"Dodecahedron"},{"floor":22,"key":"Bottled Tornado"},{"floor":26,"key":"Darkstone Periapt"}],"event_choices":[{"damage_healed":0.0,"max_hp_gain":0.0,"max_hp_loss":0.0,"gold_gain":75.0,"event_name":"World of Goop","player_choice":"Gather Gold","floor":2.0,"gold_loss":0.0,"damage_taken":11.0},{"damage_healed":0.0,"max_hp_gain":0.0,"max_hp_loss":0.0,"gold_gain":0.0,"event_name":"The Lab","player_choice":"Got Potions","floor":3.0,"gold_loss":0.0,"damage_taken":0.0},{"cards_removed":["Strike_G"],"damage_healed":0.0,"max_hp_gain":0.0,"max_hp_loss":0.0,"gold_gain":0.0,"event_name":"Golden Wing","player_choice":"Card Removal","floor":5.0,"gold_loss":0.0,"damage_taken":7.0},{"damage_healed":0.0,"max_hp_gain":0.0,"max_hp_loss":0.0,"gold_gain":99.0,"event_name":"Nest","player_choice":"Stole From Cult","floor":20.0,"gold_loss":0.0,"damage_taken":0.0},{"damage_healed":0,"gold_gain":0,"player_choice":"Fight","damage_taken":0,"max_hp_gain":0,"max_hp_loss":0,"event_name":"Colosseum","floor":21,"gold_loss":0},{"damage_healed":0,"gold_gain":0,"player_choice":"Fled From Nobs","damage_taken":0,"max_hp_gain":0,"max_hp_loss":0,"event_name":"Colosseum","floor":21,"gold_loss":0}],"is_beta":true,"boss_relics":[{"not_picked":["Orrery","Snecko Eye"],"picked":"Sozu"}],"items_purged_floors":[10],"is_endless":false,"potions_floor_spawned":[1,6,13,16,21,25],"killed_by":"Centurion and Healer","ascension_level":10}