{"gold_per_floor":[113,68,86,161,173,201,211,211,237,63,82,93,123,140,140,244,244,262,262,294,394,411,411,428,428,481,481,514,514,514,528,528,632,682,700,724,1723,1723,1073,1098,1110,1154,1166,1400,1412,356,85,99,99,99],"floor_reached":51,"playtime":7471,"items_purged":["Defend_G","Blur","Terror","Corpse Explosion+1"],"score":815,"play_id":"a5906b02-31dd-48ee-8c1d-b115a6fa4fb7","local_time":"20190810024445","is_ascension_mode":true,"campfire_choices":[{"data":"Neutralize","floor":8,"key":"SMITH"},{"floor":15,"key":"REST"},{"data":"Corpse Explosion","floor":23,"key":"SMITH"},{"data":"Sucker Punch","floor":25,"key":"SMITH"},{"data":"Backflip","floor":27,"key":"SMITH"},{"data":"Backflip","floor":30,"key":"SMITH"},{"floor":32,"key":"REST"},{"data":"Bane","floor":41,"key":"SMITH"},{"floor":45,"key":"REST"},{"data":"Deadly Poison","floor":49,"key":"SMITH"}],"neow_cost":"NONE","seed_source_timestamp":27534374246444,"circlet_count":0,"master_deck":["Strike_G","Strike_G","Strike_G","Strike_G","Strike_G+1","Defend_G","Defend_G","Survivor","Neutralize+1","Cloak And Dagger","Backflip+1","Dodge and Roll","Sucker Punch+1","Backflip+1","Bane+1","Slice","Dodge and Roll","Bane+1","Slice+1","PiercingWail+1","Deadly Poison","Deflect+1","Outmaneuver+1","Deadly Poison+1"],"relics":["Ring of the Snake","Dream Catcher","Ancient Tea Set","Omamori","Philosopher\u0027s Stone","Red Mask","Blood Vial","Unceasing Top","Oddly Smooth Stone","Tiny House","Vajra","Ornamental Fan","Potion Belt","MawBank","Gambling Chip","Kunai","Lee\u0027s Waffle","Ginger","Ninja Scroll"],"potions_floor_usage":[6,13,13,13,16,20,20,24,33,40,40,40,42,48,50,50,50,50],"damage_taken":[{"damage":0,"enemies":"Cultist","floor":1,"turns":3},{"damage":0,"enemies":"Jaw Worm","floor":3,"turns":5},{"damage":0,"enemies":"2 Louse","floor":5,"turns":2},{"damage":26,"enemies":"Lagavulin","floor":6,"turns":8},{"damage":12,"enemies":"Large Slime","floor":7,"turns":8},{"damage":0,"enemies":"Red Slaver","floor":11,"turns":5},{"damage":5,"enemies":"3 Louse","floor":12,"turns":4},{"damage":7,"enemies":"Gremlin Nob","floor":13,"turns":5},{"damage":1,"enemies":"Large Slime","floor":14,"turns":5},{"damage":28,"enemies":"The Guardian","floor":16,"turns":12},{"damage":19,"enemies":"Spheric Guardian","floor":18,"turns":6},{"damage":17,"enemies":"Masked Bandits","floor":20,"turns":4},{"damage":9,"enemies":"Shell Parasite","floor":22,"turns":8},{"damage":0,"enemies":"Centurion and Healer","floor":24,"turns":2},{"damage":11,"enemies":"Slavers","floor":28,"turns":3},{"damage":0,"enemies":"Snecko","floor":31,"turns":3},{"damage":35,"enemies":"Champ","floor":33,"turns":18},{"damage":3,"enemies":"Orb Walker","floor":35,"turns":4},{"damage":8,"enemies":"Giant Head","floor":40,"turns":8},{"damage":26,"enemies":"Nemesis","floor":42,"turns":7},{"damage":0,"enemies":"3 Darklings","floor":48,"turns":4},{"damage":25,"enemies":"Time Eater","floor":50,"turns":15}],"seed_played":"3575825807645669258","potions_obtained":[{"floor":3,"key":"GamblersBrew"},{"floor":11,"key":"EssenceOfSteel"},{"floor":12,"key":"Swift Potion"},{"floor":14,"key":"Energy Potion"},{"floor":16,"key":"Explosive Potion"},{"floor":18,"key":"Fire Potion"},{"floor":22,"key":"AttackPotion"},{"floor":24,"key":"Energy Potion"},{"floor":34,"key":"AttackPotion"},{"floor":40,"key":"Swift Potion"},{"floor":42,"key":"EssenceOfSteel"}],"is_trial":false,"path_per_floor":["M","$","M","?","M","E","M","R","T","$","M","M","E","M","R","B",null,"M","?","?","?","M","R","M","R","T","R","E","?","R","M","R","B",null,"M","T","?","?","$","E","R","E","T","?","R","$","$","M","R","B",null],"character_chosen":"THE_SILENT","items_purchased":["Backflip","Backflip","Fire Potion","Ornamental Fan","Potion Belt","Fire Potion","SpeedPotion","SpeedPotion","Lee\u0027s Waffle","Ginger","Ninja Scroll","EssenceOfSteel","GamblersBrew","AttackPotion","Deadly Poison","LiquidBronze"],"campfire_rested":3,"item_purchase_floors":[2,10,10,39,39,39,39,39,46,46,46,46,46,46,47,47],"current_hp_per_floor":[70,70,70,63,63,37,25,25,25,25,25,20,13,12,33,5,70,51,70,53,53,44,44,44,44,44,44,35,35,35,37,58,25,75,72,72,72,72,72,66,66,42,42,42,64,82,82,82,82,57],"gold":99,"neow_bonus":"REMOVE_CARD","is_prod":false,"is_daily":false,"chose_seed":false,"campfire_upgraded":7,"win_rate":0,"timestamp":1565394285,"path_taken":["M","$","?","?","M","E","M","R","T","$","?","M","E","M","R","BOSS","M","?","?","?","M","R","?","R","T","R","E","?","R","M","R","BOSS","M","?","?","?","$","E","R","E","T","?","R","?","$","M","R","BOSS"],"build_version":"2019-07-17","purchased_purges":4,"victory":true,"max_hp_per_floor":[70,70,70,70,70,70,70,70,70,70,70,70,70,70,70,70,70,70,70,70,70,70,70,70,70,70,70,70,70,70,70,70,70,75,75,75,75,75,75,75,75,75,75,75,75,82,82,82,82,82],"card_choices":[{"not_picked":["Outmaneuver","Infinite Blades"],"picked":"Cloak And Dagger","floor":1},{"not_picked":["Eviscerate","Flying Knee"],"picked":"Corpse Explosion","floor":3},{"not_picked":["Deadly Poison","Cloak And Dagger","Poisoned Stab"],"picked":"SKIP","floor":5},{"not_picked":["Unload","Night Terror"],"picked":"Dodge and Roll","floor":6},{"not_picked":["Dodge and Roll","Prepared"],"picked":"Sucker Punch","floor":7},{"not_picked":["Cloak And Dagger","Outmaneuver","Poisoned Stab"],"picked":"SKIP","floor":11},{"not_picked":["Deflect","After Image"],"picked":"Blur","floor":12},{"not_picked":["Quick Slash","Tactician"],"picked":"Bane","floor":13},{"not_picked":["Choke","Dagger Throw"],"picked":"Slice","floor":14},{"not_picked":["Deflect","Infinite Blades"],"picked":"Terror","floor":15},{"not_picked":["Slice","Underhanded Strike","Blade Dance"],"picked":"SKIP","floor":18},{"not_picked":["Leg Sweep","Deadly Poison"],"picked":"Dodge and Roll","floor":20},{"not_picked":["Backflip+1","Reflex"],"picked":"Bane+1","floor":22},{"not_picked":["Phantasmal Killer","Prepared","Acrobatics+1"],"picked":"SKIP","floor":24},{"not_picked":["Underhanded Strike","Poisoned Stab+1"],"picked":"Slice+1","floor":28},{"not_picked":["Dagger Spray+1","Escape Plan","Distraction"],"picked":"SKIP","floor":31},{"not_picked":["Cloak And Dagger","Tactician"],"picked":"PiercingWail+1","floor":32},{"not_picked":["Well Laid Plans","Poisoned Stab"],"picked":"Deadly Poison","floor":35},{"not_picked":["Expertise","Doppelganger"],"picked":"Deflect+1","floor":40},{"not_picked":["Underhanded Strike","Finisher","Bane"],"picked":"SKIP","floor":42},{"not_picked":["Catalyst","Prepared+1"],"picked":"Outmaneuver+1","floor":45},{"not_picked":["Blade Dance+1","Dagger Throw","Cloak And Dagger"],"picked":"SKIP","floor":48}],"player_experience":163366,"relics_obtained":[{"floor":6,"key":"Dream Catcher"},{"floor":9,"key":"Ancient Tea Set"},{"floor":13,"key":"Omamori"},{"floor":20,"key":"Red Mask"},{"floor":26,"key":"Blood Vial"},{"floor":28,"key":"Unceasing Top"},{"floor":29,"key":"Oddly Smooth Stone"},{"floor":36,"key":"Vajra"},{"floor":40,"key":"MawBank"},{"floor":42,"key":"Gambling Chip"},{"floor":43,"key":"Kunai"}],"event_choices":[{"damage_healed":0,"gold_gain":75,"player_choice":"Touch","damage_taken":7,"max_hp_gain":0,"max_hp_loss":0,"event_name":"FaceTrader","floor":4,"gold_loss":0},{"damage_healed":23,"gold_gain":0,"player_choice":"Heal","damage_taken":0,"max_hp_gain":0,"max_hp_loss":0,"event_name":"The Library","floor":19,"gold_loss":0},{"damage_healed":0,"gold_gain":0,"player_choice":"Fought Bandits","damage_taken":0,"max_hp_gain":0,"max_hp_loss":0,"event_name":"Masked Bandits","floor":20,"gold_loss":0},{"damage_healed":0,"gold_gain":100,"player_choice":"Pray","damage_taken":0,"max_hp_gain":0,"max_hp_loss":0,"event_name":"Golden Shrine","floor":21,"gold_loss":0},{"damage_healed":0,"gold_gain":0,"player_choice":"Relic","damage_taken":0,"max_hp_gain":0,"max_hp_loss":0,"event_name":"Wheel of Change","floor":29,"gold_loss":0},{"damage_healed":0,"gold_gain":999,"player_choice":"Gold","damage_taken":0,"max_hp_gain":0,"max_hp_loss":0,"event_name":"MindBloom","floor":37,"gold_loss":0,"cards_obtained":["Normality","Normality"]},{"cards_removed":["Defend_G"],"damage_healed":0,"gold_gain":0,"player_choice":"Removed Skill","damage_taken":0,"max_hp_gain":0,"max_hp_loss":0,"event_name":"Falling","floor":38,"gold_loss":0},{"damage_healed":0,"gold_gain":222,"player_choice":"Wore Mask","damage_taken":0,"max_hp_gain":0,"max_hp_loss":0,"event_name":"Tomb of Lord Red Mask","floor":44,"gold_loss":0}],"is_beta":false,"boss_relics":[{"not_picked":["Ring of the Serpent","Lizard Tail"],"picked":"Philosopher\u0027s Stone"},{"not_picked":["Fusion Hammer","Runic Dome"],"picked":"Tiny House"}],"items_purged_floors":[10,39,46,47],"is_endless":false,"potions_floor_spawned":[3,11,12,14,16,18,22,24,40,42],"ascension_level":1}