{"gold_per_floor":[118,39,39,55,66,101,101,130,181,193,193,210,244,261,261,364,664,677,277,293,293,293,293,293],"floor_reached":24,"playtime":1299,"items_purged":["Pain"],"score":292,"play_id":"339d7916-183a-4ac9-ab61-a1fc0079e691","local_time":"20181013112630","is_ascension_mode":true,"campfire_choices":[{"data":"Bouncing Flask","floor":7.0,"key":"SMITH"},{"data":"Noxious Fumes","floor":11.0,"key":"SMITH"},{"floor":15.0,"key":"REST"},{"data":"Calculated Gamble","floor":23.0,"key":"SMITH"}],"neow_cost":"NONE","seed_source_timestamp":248048116278,"circlet_count":0,"master_deck":["Survivor","Neutralize+1","Dagger Spray","Dagger Throw","Bouncing Flask+1","Predator","PiercingWail","Expertise","Flying Knee","Underhanded Strike","Dagger Spray","Underhanded Strike","Backflip","Blur","Backstab","Noxious Fumes+1","Footwork","Catalyst+1","Leg Sweep","Burst","Doubt","Pain","Calculated Gamble+1"],"special_seed":0,"relics":["Pandora\u0027s Box","Bottled Flame","Potion Belt","Anchor","Orichalcum","Calling Bell","Happy Flower","Paper Crane","Old Coin","Meat on the Bone"],"potions_floor_usage":[24],"damage_taken":[{"damage":6.0,"enemies":"Cultist","floor":1.0,"turns":3.0},{"damage":0.0,"enemies":"Small Slimes","floor":4.0,"turns":2.0},{"damage":6.0,"enemies":"Jaw Worm","floor":5.0,"turns":2.0},{"damage":6.0,"enemies":"Gremlin Nob","floor":6.0,"turns":3.0},{"damage":15.0,"enemies":"Lagavulin","floor":8.0,"turns":4.0},{"damage":0.0,"enemies":"Large Slime","floor":10.0,"turns":4.0},{"damage":0.0,"enemies":"Looter","floor":12.0,"turns":2.0},{"damage":10.0,"enemies":"3 Sentries","floor":13.0,"turns":6.0},{"damage":11.0,"enemies":"Exordium Thugs","floor":14.0,"turns":5.0},{"damage":15.0,"enemies":"Slime Boss","floor":16.0,"turns":6.0},{"damage":23.0,"enemies":"Spheric Guardian","floor":18.0,"turns":5.0},{"damage":8.0,"enemies":"Shell Parasite","floor":20.0,"turns":6.0},{"damage":29,"enemies":"Cultist and Chosen","floor":24,"turns":4}],"seed_played":"-5872758674763898060","potions_obtained":[{"floor":5.0,"key":"PowerPotion"},{"floor":6.0,"key":"Ancient Potion"},{"floor":10.0,"key":"PowerPotion"},{"floor":12.0,"key":"Ancient Potion"},{"floor":18.0,"key":"Swift Potion"}],"is_trial":false,"path_per_floor":["M","$","?","M","M","E","R","E","T","M","R","M","E","M","R","B",null,"M","$","M","?","?","R"],"character_chosen":"THE_SILENT","items_purchased":["Blur","Calculated Gamble","Meat on the Bone"],"campfire_rested":1,"item_purchase_floors":[2,19,19],"current_hp_per_floor":[57,57,57,57,51,45,45,30,30,30,30,30,20,9,30,15,56,33,33,37,24,24,24,0],"gold":293,"neow_bonus":"BOSS_RELIC","is_prod":false,"is_daily":false,"chose_seed":false,"campfire_upgraded":3,"win_rate":0,"timestamp":1539401190,"path_taken":["M","$","?","M","M","E","R","E","T","?","R","M","E","M","R","BOSS","M","$","M","?","?","R","M"],"build_version":"2018-10-11","purchased_purges":1,"victory":false,"max_hp_per_floor":[70,70,70,70,70,70,70,70,70,70,70,70,70,70,70,70,70,70,70,70,75,75,75,75],"card_choices":[{"not_picked":["Noxious Fumes","Caltrops"],"picked":"Backflip","floor":1.0},{"not_picked":["Dodge and Roll","Sucker Punch","Flying Knee"],"picked":"SKIP","floor":4.0},{"not_picked":["Outmaneuver","Blur","Sucker Punch"],"picked":"SKIP","floor":5.0},{"not_picked":["Accuracy","Expertise"],"picked":"Backstab","floor":6.0},{"not_picked":["Bane","Heel Hook"],"picked":"Noxious Fumes","floor":8.0},{"not_picked":["Dagger Spray","Skewer","Endless Agony"],"picked":"SKIP","floor":10.0},{"not_picked":["Sucker Punch","Eviscerate"],"picked":"Footwork","floor":12.0},{"not_picked":["Deadly Poison","Distraction"],"picked":"Catalyst","floor":13.0},{"not_picked":["Quick Slash","Deadly Poison"],"picked":"Leg Sweep","floor":14.0},{"not_picked":["Glass Knife","Envenom"],"picked":"Burst","floor":16.0},{"not_picked":["Underhanded Strike","Outmaneuver","Predator+1"],"picked":"SKIP","floor":18.0},{"not_picked":["Choke","Backflip","Bouncing Flask"],"picked":"SKIP","floor":20.0}],"player_experience":432943,"relics_obtained":[{"floor":6.0,"key":"Bottled Flame"},{"floor":8.0,"key":"Potion Belt"},{"floor":9.0,"key":"Anchor"},{"floor":13.0,"key":"Orichalcum"},{"floor":17.0,"key":"Happy Flower"},{"floor":17.0,"key":"Paper Crane"},{"floor":17.0,"key":"Old Coin"}],"event_choices":[{"event_name":"Living Wall","player_choice":"Grow","floor":3.0,"damage_taken":0.0},{"event_name":"Forgotten Altar","player_choice":"Shed Blood","floor":21.0,"damage_taken":0.0},{"event_name":"Accursed Blacksmith","player_choice":"Forge","floor":22.0,"damage_taken":0.0}],"is_beta":true,"boss_relics":[{"not_picked":["Velvet Choker","Fusion Hammer"],"picked":"Calling Bell"}],"items_purged_floors":[19],"is_endless":false,"potions_floor_spawned":[5,6,10,12,18],"killed_by":"Cultist and Chosen","ascension_level":7}