{"gold_per_floor":[115,28,28,28,44,76,96,122,122,122,142,142,53,53],"floor_reached":14,"playtime":384,"items_purged":[],"score":246,"play_id":"52a214fb-045a-4c9c-b265-8b1d19c12a7c","local_time":"20181124193131","is_ascension_mode":true,"campfire_choices":[{"data":"Neutralize","floor":10,"key":"SMITH"},{"floor":12,"key":"REST"}],"neow_cost":"NONE","seed_source_timestamp":4013774120685,"circlet_count":0,"master_deck":["AscendersBane","Defend_G","Defend_G","Defend_G","Defend_G","Defend_G","Strike_G","Strike_G","Strike_G","Strike_G","Survivor","Neutralize+1","Predator","Well Laid Plans","Catalyst","Noxious Fumes","All Out Attack"],"special_seed":0,"relics":["Ring of the Snake","NeowsBlessing","Tingsha","Gambling Chip"],"potions_floor_usage":[14],"damage_taken":[{"damage":0.0,"enemies":"Cultist","floor":1.0,"turns":1.0},{"damage":0.0,"enemies":"Small Slimes","floor":5.0,"turns":1.0},{"damage":0.0,"enemies":"Gremlin Nob","floor":6.0,"turns":1.0},{"damage":11,"enemies":"Jaw Worm","floor":7,"turns":4},{"damage":34,"enemies":"3 Sentries","floor":8,"turns":10},{"damage":3,"enemies":"Looter","floor":11,"turns":2},{"damage":37,"enemies":"Lagavulin","floor":14,"turns":6}],"seed_played":"-2512218442256464371","potions_obtained":[{"floor":8,"key":"Block Potion"},{"floor":11,"key":"Energy Potion"}],"is_trial":false,"path_per_floor":["M","$","?","$","M","E","E","M","E","T","R","M","R","$","E"],"character_chosen":"THE_SILENT","items_purchased":["Well Laid Plans","All Out Attack"],"campfire_rested":1,"item_purchase_floors":[2,13],"current_hp_per_floor":[59,59,59,59,59,59,48,14,14,14,11,30,30,0],"gold":53,"neow_bonus":"THREE_ENEMY_KILL","is_prod":false,"is_daily":false,"chose_seed":false,"campfire_upgraded":1,"win_rate":0,"timestamp":1543059091,"path_taken":["M","$","?","?","?","E","M","E","T","R","M","R","$","E"],"build_version":"2018-11-15","purchased_purges":0,"victory":false,"max_hp_per_floor":[66,66,66,66,66,66,66,66,66,66,66,66,66,66],"card_choices":[{"not_picked":["Dagger Throw","Dodge and Roll"],"picked":"Predator","floor":1.0},{"not_picked":["Distraction","Acrobatics"],"picked":"Catalyst","floor":5.0},{"not_picked":["Infinite Blades","Flying Knee"],"picked":"Noxious Fumes","floor":6},{"not_picked":["Dodge and Roll","Dagger Throw","Noxious Fumes"],"picked":"SKIP","floor":7},{"not_picked":["Backstab","Setup","Deflect"],"picked":"SKIP","floor":8},{"not_picked":["Infinite Blades","Riddle With Holes","Accuracy"],"picked":"SKIP","floor":11}],"player_experience":561960,"relics_obtained":[{"floor":8,"key":"Tingsha"},{"floor":9,"key":"Gambling Chip"}],"event_choices":[{"cards_removed":["Strike_G"],"damage_healed":0.0,"max_hp_gain":0.0,"max_hp_loss":0.0,"gold_gain":0.0,"event_name":"Bonfire Elementals","player_choice":"Offered Basic","floor":3.0,"gold_loss":0.0,"damage_taken":0.0}],"is_beta":true,"boss_relics":[],"items_purged_floors":[],"is_endless":false,"potions_floor_spawned":[8,11],"killed_by":"Lagavulin","ascension_level":20}