{"gold_per_floor":[114,25,25,45,45,78,95,95,122,122,122,145,145,166,166,264,264,264],"floor_reached":18,"playtime":548,"items_purged":[],"score":320,"play_id":"d281c80f-2416-4990-8ced-163b3be46319","local_time":"20181104193952","is_ascension_mode":true,"campfire_choices":[{"floor":8.0,"key":"REST"},{"data":"Zap","floor":11.0,"key":"SMITH"},{"data":"Hologram","floor":15.0,"key":"SMITH"}],"neow_cost":"NONE","seed_source_timestamp":30358303770352,"circlet_count":0,"master_deck":["AscendersBane","Strike_B+1","Strike_B","Strike_B","Strike_B","Defend_B","Defend_B","Defend_B","Defend_B","Zap+1","Dualcast","Auto Shields","Melter","Leap","Streamline+1","BootSequence","Biased Cognition","Hologram+1","Seek"],"special_seed":0,"relics":["Runic Pyramid","Pen Nib","Singing Bowl","Whetstone","Golden Idol","Ectoplasm"],"potions_floor_usage":[],"damage_taken":[{"damage":7.0,"enemies":"Jaw Worm","floor":1.0,"turns":3.0},{"damage":0.0,"enemies":"Small Slimes","floor":4.0,"turns":3.0},{"damage":49.0,"enemies":"Gremlin Nob","floor":6.0,"turns":5.0},{"damage":0.0,"enemies":"2 Louse","floor":7.0,"turns":2.0},{"damage":15.0,"enemies":"Lots of Slimes","floor":12.0,"turns":4.0},{"damage":0.0,"enemies":"Large Slime","floor":14.0,"turns":5.0},{"damage":12,"enemies":"Hexaghost","floor":16,"turns":9},{"damage":29,"enemies":"3 Byrds","floor":18,"turns":4}],"seed_played":"1976285701805273153","potions_obtained":[{"floor":4.0,"key":"Explosive Potion"},{"floor":14.0,"key":"SpeedPotion"},{"floor":16,"key":"Energy Potion"}],"is_trial":false,"path_per_floor":["M","$","?","M","?","E","M","R","T","?","R","M","?","M","R","B",null,"M"],"character_chosen":"DEFECT","items_purchased":["Melter"],"campfire_rested":1,"item_purchase_floors":[2],"current_hp_per_floor":[57,57,62,62,57,8,8,30,30,30,30,15,15,15,15,3,53,24],"gold":264,"neow_bonus":"BOSS_RELIC","is_prod":false,"is_daily":false,"chose_seed":false,"campfire_upgraded":2,"win_rate":0,"timestamp":1541331592,"path_taken":["M","$","?","M","?","E","?","R","T","?","R","M","?","M","R","BOSS","M"],"build_version":"2018-11-02","purchased_purges":0,"victory":false,"max_hp_per_floor":[71,71,76,76,76,76,76,76,76,69,69,69,69,69,69,69,69,69],"card_choices":[{"not_picked":["Sweeping Beam","Steam Power"],"picked":"Auto Shields","floor":1.0},{"not_picked":["BootSequence","Sweeping Beam"],"picked":"Leap","floor":4.0},{"not_picked":["Hologram","Coolheaded"],"picked":"Streamline","floor":6.0},{"not_picked":["Go for the Eyes","Hologram"],"picked":"BootSequence","floor":7.0},{"not_picked":["Blizzard","Redo"],"picked":"Biased Cognition","floor":12.0},{"not_picked":["Streamline","Double Energy"],"picked":"Hologram","floor":14.0},{"not_picked":["Machine Learning","Hyperbeam"],"picked":"Seek","floor":16}],"player_experience":503602,"relics_obtained":[{"floor":6.0,"key":"Singing Bowl"},{"floor":9.0,"key":"Whetstone"}],"event_choices":[{"damage_healed":0.0,"max_hp_gain":5.0,"max_hp_loss":0.0,"gold_gain":0.0,"event_name":"Big Fish","player_choice":"Donut","floor":3.0,"gold_loss":0.0,"damage_taken":0.0},{"damage_healed":0.0,"max_hp_gain":0.0,"max_hp_loss":0.0,"gold_gain":0.0,"event_name":"Scrap Ooze","player_choice":"Success","floor":5.0,"gold_loss":0.0,"damage_taken":5.0,"relics_obtained":["Pen Nib"]},{"damage_healed":0.0,"max_hp_gain":0.0,"max_hp_loss":7.0,"gold_gain":0.0,"event_name":"Golden Idol","player_choice":"Lose Max HP","floor":10.0,"gold_loss":0.0,"damage_taken":0.0,"relics_obtained":["Golden Idol"]},{"damage_healed":0.0,"max_hp_gain":0.0,"max_hp_loss":0.0,"gold_gain":0.0,"event_name":"Shining Light","player_choice":"Ignored","floor":13.0,"gold_loss":0.0,"damage_taken":0.0}],"is_beta":true,"boss_relics":[{"not_picked":["Fusion Hammer","Busted Crown"],"picked":"Ectoplasm"}],"items_purged_floors":[],"is_endless":false,"potions_floor_spawned":[4,14,16],"killed_by":"3 Byrds","ascension_level":20}