{"gold_per_floor":[119,119,119,119,137,137,171,184,184,197,211,243,243,270,270,270],"floor_reached":16,"playtime":408,"items_purged":[],"score":232,"play_id":"23106995-51be-47a2-806d-c76660ae0db9","local_time":"20181007175938","is_ascension_mode":true,"campfire_choices":[{"data":"Zap","floor":6,"key":"SMITH"},{"data":"Dualcast","floor":13,"key":"SMITH"},{"data":"Creative AI","floor":15,"key":"SMITH"}],"neow_cost":"NONE","seed_source_timestamp":1589489130363,"circlet_count":0,"master_deck":["Strike_B+1","Strike_B","Strike_B","Defend_B+1","Defend_B","Defend_B","Defend_B","Zap+1","Dualcast+1","AscendersBane","Ball Lightning","Creative AI+1","Leap","Rebound","Self Repair","Reinforced Body"],"special_seed":0,"relics":["Cracked Core","NeowsBlessing","Thread and Needle","Centennial Puzzle","Pear","Dodecahedron","Pen Nib"],"potions_floor_usage":[10,16],"damage_taken":[{"damage":0,"enemies":"2 Louse","floor":1,"turns":1},{"damage":0,"enemies":"Jaw Worm","floor":5,"turns":1},{"damage":0,"enemies":"Gremlin Nob","floor":7,"turns":1},{"damage":2,"enemies":"Cultist","floor":8,"turns":3},{"damage":7,"enemies":"3 Louse","floor":10,"turns":2},{"damage":2,"enemies":"Looter","floor":11,"turns":2},{"damage":18,"enemies":"3 Sentries","floor":12,"turns":9},{"damage":11,"enemies":"Lagavulin","floor":14,"turns":6},{"damage":27,"enemies":"The Guardian","floor":16,"turns":2}],"seed_played":"-5992826038802320408","potions_obtained":[{"floor":7,"key":"Fire Potion"},{"floor":10,"key":"FocusPotion"},{"floor":14,"key":"SteroidPotion"}],"is_trial":false,"path_per_floor":["M","?","?","?","M","R","E","M","T","M","M","E","R","E","R"],"character_chosen":"DEFECT","items_purchased":[],"campfire_rested":0,"item_purchase_floors":[],"current_hp_per_floor":[68,61,61,46,46,46,46,44,54,47,45,27,27,23,23,0],"gold":270,"neow_bonus":"THREE_ENEMY_KILL","is_prod":false,"is_daily":false,"chose_seed":false,"campfire_upgraded":3,"win_rate":0,"timestamp":1538906378,"path_taken":["M","?","?","?","M","R","E","M","T","M","?","E","R","E","R","BOSS"],"build_version":"2018-10-04","purchased_purges":0,"victory":false,"max_hp_per_floor":[75,75,75,75,75,75,75,75,85,85,85,85,85,85,85,85],"card_choices":[{"not_picked":["Beam Cell","Compile Driver"],"picked":"Chaos","floor":1},{"not_picked":["Stack","Conserve Battery"],"picked":"Ball Lightning","floor":5},{"not_picked":["Beam Cell","Redo"],"picked":"Creative AI","floor":7},{"not_picked":["Gash","Sweeping Beam","Beam Cell"],"picked":"SKIP","floor":8},{"not_picked":["Beam Cell","Sweeping Beam"],"picked":"Leap","floor":10},{"not_picked":["Turbo","Force Field"],"picked":"Rebound","floor":11},{"not_picked":["Go for the Eyes","Fission"],"picked":"Self Repair","floor":12},{"not_picked":["FTL","Steam Power"],"picked":"Reinforced Body","floor":14}],"player_experience":427350,"relics_obtained":[{"floor":7,"key":"Centennial Puzzle"},{"floor":9,"key":"Pear"},{"floor":12,"key":"Dodecahedron"},{"floor":14,"key":"Pen Nib"}],"event_choices":[{"event_name":"Golden Wing","player_choice":"Card Removal","floor":2,"damage_taken":0},{"event_name":"WeMeetAgain","player_choice":"Card","floor":3,"damage_taken":0},{"event_name":"Shining Light","player_choice":"Entered Light","floor":4,"damage_taken":0}],"is_beta":true,"boss_relics":[],"items_purged_floors":[],"is_endless":false,"potions_floor_spawned":[7,10,14],"killed_by":"The Guardian","ascension_level":12}