{"gold_per_floor":[113,113,113,113,288,288,363,363,363,375,410,443,174,124,124,243,243,243,243,223,223,223,223,223,223,223,223],"floor_reached":27,"playtime":808,"items_purged":["Regret"],"score":318,"play_id":"f6708530-c626-4f96-90ef-409cb95561dd","local_time":"20180802190414","is_ascension_mode":true,"campfire_choices":[{"data":"Dualcast","floor":6.0,"key":"SMITH"},{"data":"Zap","floor":8.0,"key":"SMITH"},{"data":"Cold Snap","floor":10.0,"key":"SMITH"},{"data":"Deep Breath","floor":15.0,"key":"SMITH"},{"data":"Reboot","floor":24,"key":"SMITH"}],"neow_cost":"NONE","seed_source_timestamp":0,"circlet_count":0,"master_deck":["Strike_B","Strike_B","Strike_B","Strike_B","Defend_B","Defend_B","Defend_B","Defend_B","Zap+1","Dualcast+1","Cold Snap+1","Auto Shields","Streamline","Conserve Battery","Streamline","Deep Breath+1","Reboot+1","Streamline+1"],"special_seed":0,"relics":["Coffee Dripper","Du-Vu Doll","Golden Idol","MawBank","Ectoplasm","Shuriken","Art of War"],"potions_floor_usage":[25,27],"damage_taken":[{"damage":3.0,"enemies":"Jaw Worm","floor":1.0,"turns":4.0},{"damage":3.0,"enemies":"2 Louse","floor":11.0,"turns":2.0},{"damage":1.0,"enemies":"Small Slimes","floor":12.0,"turns":4.0},{"damage":31.0,"enemies":"The Guardian","floor":16.0,"turns":11.0},{"damage":5.0,"enemies":"3 Byrds","floor":18.0,"turns":6.0},{"damage":0.0,"enemies":"Chosen","floor":19.0,"turns":4.0},{"damage":7.0,"enemies":"Sentry and Sphere","floor":22.0,"turns":5.0},{"damage":0.0,"enemies":"Slavers","floor":23.0,"turns":1.0},{"damage":0,"enemies":"Snecko","floor":25,"turns":3},{"damage":54,"enemies":"Gremlin Leader","floor":27,"turns":6}],"seed_played":"1750995161205372912","potions_obtained":[{"floor":11.0,"key":"Fire Potion"},{"floor":18.0,"key":"AttackPotion"},{"floor":20.0,"key":"SmokeBomb"}],"is_trial":false,"path_per_floor":["M","?","?","?","?","R","?","R","T","R","M","M","$","?","R","B",null,"M","M","?","T","M","E","R","M","T"],"character_chosen":"DEFECT","items_purchased":["Conserve Battery","Streamline","Deep Breath"],"campfire_rested":0,"item_purchase_floors":[13,13,13],"current_hp_per_floor":[65,65,47,47,47,47,36,36,36,36,33,32,32,32,32,1,57,52,52,52,52,45,45,45,45,45,0],"gold":223,"neow_bonus":"BOSS_RELIC","is_prod":false,"is_daily":false,"chose_seed":false,"campfire_upgraded":5,"win_rate":0,"timestamp":1533207854,"path_taken":["M","?","?","?","?","R","?","R","T","R","M","M","$","?","R","BOSS","M","M","?","?","M","E","R","M","T","E"],"build_version":"2018-07-26","purchased_purges":1,"victory":false,"max_hp_per_floor":[75,75,75,75,75,75,75,75,75,75,75,75,75,75,75,75,75,75,75,75,75,75,75,75,75,75,75],"card_choices":[{"not_picked":["Sweeping Beam","Turbo"],"picked":"Cold Snap","floor":1.0},{"not_picked":["Streamline","Beam Cell"],"picked":"Auto Shields","floor":11.0},{"not_picked":["Coolheaded","Auto Shields"],"picked":"Streamline","floor":12.0},{"not_picked":["Thunder Strike","Fission"],"picked":"Reboot","floor":16.0},{"not_picked":["Hologram","Steam","Ball Lightning"],"picked":"SKIP","floor":18.0},{"not_picked":["Defragment","Gash"],"picked":"Streamline+1","floor":19.0},{"not_picked":["Capacitor+1","Genetic Algorithm","Cold Snap+1"],"picked":"SKIP","floor":22.0},{"not_picked":["Darkness","Heatsinks","Steam+1"],"picked":"SKIP","floor":25}],"player_experience":203306,"relics_obtained":[{"floor":9.0,"key":"MawBank"},{"floor":21.0,"key":"Shuriken"},{"floor":26,"key":"Art of War"}],"event_choices":[{"event_name":"Big Fish","player_choice":"Box","floor":2.0,"damage_taken":0.0},{"event_name":"Golden Idol","player_choice":"Take Damage","floor":3.0,"damage_taken":0.0},{"event_name":"Golden Wing","player_choice":"Ignored","floor":4.0,"damage_taken":0.0},{"event_name":"Liars Game","player_choice":"agreed","floor":5.0,"damage_taken":0.0},{"event_name":"World of Goop","player_choice":"Gather Gold","floor":7.0,"damage_taken":0.0},{"event_name":"The Cleric","player_choice":"Card Removal","floor":14.0,"damage_taken":0.0},{"event_name":"The Woman in Blue","player_choice":"Bought 1 Potion","floor":20.0,"damage_taken":0.0}],"is_beta":false,"boss_relics":[{"not_picked":["Calling Bell","White Beast Statue"],"picked":"Ectoplasm"}],"items_purged_floors":[13],"is_endless":false,"potions_floor_spawned":[11,18,22,23],"killed_by":"Gremlin Leader","ascension_level":9}