{"gold_per_floor":[119,119,394,408,483,483,514,514,514,542,255,274,285,297,297,374,374,390,390,390,390,405,405,405,424,424,699,58,68,83,116,116,192,192,206,78,94,94,104,104,104,104,104,115,126,1,31,44,44,44,44,44,44,44,69,69],"floor_reached":57,"playtime":3794,"items_purged":["Regret","Regret","Strike_G+1"],"score":3849,"play_id":"d60cba55-46dc-4c85-a696-2ed8ac810ee7","local_time":"20190309123220","is_ascension_mode":true,"campfire_choices":[{"data":"Neutralize","floor":6.0,"key":"SMITH"},{"data":"Chrysalis","floor":15.0,"key":"SMITH"},{"data":"ReplayTheSpireMod:Scrap Shanks","floor":23.0,"key":"SMITH"},{"floor":32.0,"key":"REST"},{"data":"Storm of Steel","floor":40.0,"key":"SMITH"},{"floor":42.0,"key":"RECALL"},{"floor":49.0,"key":"REST"},{"data":"Replay:Poison Smokescreen","floor":53.0,"key":"SMITH"}],"neow_cost":"NONE","seed_source_timestamp":653742798935,"circlet_count":0,"master_deck":["AscendersBane","Defend_G+1","Defend_G+1","Defend_G+1","Defend_G+1","Strike_G+1","Survivor","Neutralize+1","Well Laid Plans+1","PiercingWail","ReplayTheSpireMod:From All Sides","Riddle With Holes+1","ReplayTheSpireMod:Scrap Shanks+1","Chrysalis+1","Backflip","Replay:Poison Smokescreen+1","Tactician+1","Storm of Steel+1","Blade Dance+1","Replay:Sssssssssshield+1","Master of Strategy+1","Leg Sweep+1","Terror+1","Escape Plan+1","Night Terror+1","Sneak Up+1","Acrobatics+1","Concentrate+1","Underhanded Strike+1","ReplayTheSpireMod:Private Reserves+1","ReplayTheSpireMod:Tripwire+1","Prepared+1","Hidden Blade+1","ReplayTheSpireMod:Exploit Weakness+1","Calculated Gamble+1"],"special_seed":0,"relics":["Ring of the Snake","NeowsBlessing","Snake Skull","Shuriken","Pen Nib","Replay:Drink Me","MutagenicStrength","Baseball","Toxic Egg 2","Centennial Puzzle","Ring of Chaos","ReplayTheSpireMod:Lightbulb","FossilizedHelix"],"potions_floor_usage":[55],"damage_taken":[{"damage":0.0,"enemies":"Small Slimes","floor":1.0,"turns":1.0},{"damage":0.0,"enemies":"2 Louse","floor":4.0,"turns":1.0},{"damage":0.0,"enemies":"3 Sentries","floor":7.0,"turns":1.0},{"damage":21.0,"enemies":"Lagavulin","floor":10.0,"turns":4.0},{"damage":5.0,"enemies":"Cultist","floor":12.0,"turns":4.0},{"damage":0.0,"enemies":"Blue Slaver","floor":13.0,"turns":2.0},{"damage":3.0,"enemies":"Looter","floor":14.0,"turns":3.0},{"damage":10.0,"enemies":"Hexaghost","floor":16.0,"turns":9.0},{"damage":9.0,"enemies":"Shell Parasite","floor":18.0,"turns":3.0},{"damage":0.0,"enemies":"Spheric Guardian","floor":22.0,"turns":1.0},{"damage":12.0,"enemies":"Snake Plant","floor":25.0,"turns":5.0},{"damage":0.0,"enemies":"Cultist and Chosen","floor":29.0,"turns":4.0},{"damage":0.0,"enemies":"3 Cultists","floor":30.0,"turns":3.0},{"damage":14.0,"enemies":"Slavers","floor":31.0,"turns":3.0},{"damage":0.0,"enemies":"Pondfish","floor":33.0,"turns":5.0},{"damage":4.0,"enemies":"3 Darklings","floor":35.0,"turns":5.0},{"damage":0.0,"enemies":"Orb Walker","floor":37.0,"turns":2.0},{"damage":5.0,"enemies":"Maw","floor":39.0,"turns":5.0},{"damage":14.0,"enemies":"3 Darklings","floor":44.0,"turns":4.0},{"damage":0.0,"enemies":"Jaw Worm Horde","floor":45.0,"turns":2.0},{"damage":3.0,"enemies":"Giant Head","floor":47.0,"turns":3.0},{"damage":0.0,"enemies":"Maw","floor":48.0,"turns":4.0},{"damage":0.0,"enemies":"Time Eater","floor":50.0,"turns":8.0},{"damage":7.0,"enemies":"Donu and Deca","floor":51.0,"turns":6.0},{"damage":31,"enemies":"Shield and Spear","floor":55,"turns":6},{"damage":12,"enemies":"The Heart","floor":56,"turns":8}],"seed_played":"-8870077316461077661","potions_obtained":[{"floor":4.0,"key":"Strength Potion"},{"floor":10.0,"key":"Strength Potion"},{"floor":12.0,"key":"Weak Potion"},{"floor":30.0,"key":"Adrenaline Potion"},{"floor":31.0,"key":"Ancient Potion"},{"floor":33.0,"key":"FearPotion"},{"floor":35.0,"key":"Dexterity Potion"},{"floor":39.0,"key":"LifebloodPotion"},{"floor":44.0,"key":"Regen Potion"},{"floor":47.0,"key":"GamblersBrew"}],"is_trial":false,"path_per_floor":["M","?","?","M","?","R","E","?","T","E","$","M","M","M","R","B",null,"M","?","?","?","M","R","?","M","T","?","$","M","M","E","R","B",null,"M","$","M","?","M","R","?","R","T","M","M","$","E","M","R","B","B",null,"R","$","E","B",null],"character_chosen":"THE_SILENT","items_purchased":["Chrysalis","Toxic Egg 2","Replay:Sssssssssshield+1","Master of Strategy+1","Acrobatics+1","Concentrate+1"],"campfire_rested":2,"item_purchase_floors":[11,28,28,28,36,36],"current_hp_per_floor":[59,59,59,59,48,48,48,48,48,27,27,22,22,19,19,9,40,31,31,31,31,31,31,31,19,19,19,19,19,19,5,20,20,43,39,39,39,39,34,34,34,34,34,20,20,20,17,29,43,43,36,44,44,44,13,1],"gold":69,"neow_bonus":"THREE_ENEMY_KILL","is_prod":false,"is_daily":false,"chose_seed":false,"campfire_upgraded":5,"win_rate":0,"timestamp":1552105940,"path_taken":["M","?","?","?","?","R","E","?","T","E","$","M","M","M","R","BOSS","M","?","?","?","?","R","?","M","T","?","$","M","M","E","R","BOSS","M","?","M","?","M","R","?","R","T","M","M","?","E","?","R","BOSS","BOSS","R","$","E","BOSS"],"build_version":"2019-02-06","purchased_purges":3,"victory":true,"max_hp_per_floor":[66,66,66,66,66,66,66,66,66,66,66,66,66,66,66,66,50,50,50,50,50,50,50,50,50,50,50,50,50,50,50,50,50,50,50,50,50,50,50,50,47,47,47,47,47,47,47,47,47,47,47,47,47,47,47,47],"card_choices":[{"not_picked":["Bane","Sucker Punch"],"picked":"Well Laid Plans","floor":1.0},{"not_picked":["Cloak And Dagger","Dagger Spray"],"picked":"PiercingWail","floor":4.0},{"not_picked":["Endless Agony","Poisoned Stab"],"picked":"ReplayTheSpireMod:From All Sides","floor":7.0},{"not_picked":["Crippling Poison","Noxious Fumes"],"picked":"ReplayTheSpireMod:Scrap Shanks","floor":10.0},{"not_picked":["Fluid Movement","Dagger Throw"],"picked":"Backflip","floor":12.0},{"not_picked":["Draining Mist","Prepared"],"picked":"Replay:Poison Smokescreen","floor":13.0},{"not_picked":["Sucker Punch","Backflip"],"picked":"Tactician","floor":14.0},{"not_picked":["Bullet Time","Malaise"],"picked":"Storm of Steel","floor":16.0},{"not_picked":["Poisoned Stab","Bane","Skewer"],"picked":"SKIP","floor":18.0},{"not_picked":["Prepared","Cloak And Dagger"],"picked":"Blade Dance+1","floor":22.0},{"not_picked":["Fluid Movement","Distraction","ReplayTheSpireMod:The Works"],"picked":"SKIP","floor":25.0},{"not_picked":["PiercingWail+1","Heel Hook+1"],"picked":"Leg Sweep+1","floor":29.0},{"not_picked":["Dodge and Roll+1","Bane"],"picked":"Terror+1","floor":30.0},{"not_picked":["Sucker Punch","Fluid Movement+1"],"picked":"Escape Plan+1","floor":31.0},{"not_picked":["Tools of the Trade","Doppelganger+1"],"picked":"Night Terror+1","floor":33.0},{"not_picked":["Fluid Movement","Outmaneuver+1"],"picked":"Sneak Up+1","floor":35.0},{"not_picked":["Eviscerate+1","Dash"],"picked":"Underhanded Strike+1","floor":37.0},{"not_picked":["Mayhem","Secret Weapon+1"],"picked":"ReplayTheSpireMod:Private Reserves+1","floor":38.0},{"not_picked":["Sucker Punch","Choke+1"],"picked":"ReplayTheSpireMod:Tripwire+1","floor":39.0},{"not_picked":["Dodge and Roll+1","Deflect+1"],"picked":"Prepared+1","floor":44.0},{"not_picked":["Deadly Poison+1","ReplayTheSpireMod:Shiv Toss+1"],"picked":"Hidden Blade+1","floor":45.0},{"not_picked":["Hidden Blade+1","Tools of the Trade"],"picked":"ReplayTheSpireMod:Exploit Weakness+1","floor":47.0},{"not_picked":["Well Laid Plans","Fluid Movement","Deflect+1"],"picked":"SKIP","floor":48.0},{"not_picked":["Leg Sweep+1","PiercingWail+1"],"picked":"Calculated Gamble+1","floor":55}],"player_experience":836183,"relics_obtained":[{"floor":7.0,"key":"Snake Skull"},{"floor":9.0,"key":"Shuriken"},{"floor":10.0,"key":"Pen Nib"},{"floor":26.0,"key":"Baseball"},{"floor":31.0,"key":"Centennial Puzzle"},{"floor":47.0,"key":"ReplayTheSpireMod:Lightbulb"},{"floor":55,"key":"FossilizedHelix"}],"event_choices":[{"damage_healed":0.0,"max_hp_gain":0.0,"max_hp_loss":0.0,"gold_gain":0.0,"event_name":"Living Wall","player_choice":"Grow","floor":2.0,"gold_loss":0.0,"damage_taken":0.0,"cards_upgraded":["Well Laid Plans"]},{"damage_healed":0.0,"max_hp_gain":0.0,"max_hp_loss":0.0,"gold_gain":275.0,"event_name":"Golden Shrine","player_choice":"Desecrate","floor":3.0,"gold_loss":0.0,"damage_taken":0.0,"cards_obtained":["Regret"]},{"damage_healed":0.0,"max_hp_gain":0.0,"max_hp_loss":0.0,"gold_gain":75.0,"event_name":"World of Goop","player_choice":"Gather Gold","floor":5.0,"gold_loss":0.0,"damage_taken":11.0},{"damage_healed":0.0,"max_hp_gain":0.0,"max_hp_loss":0.0,"gold_gain":0.0,"event_name":"Drug Dealer","player_choice":"Inject Mutagens","floor":19.0,"gold_loss":0.0,"damage_taken":0.0,"relics_obtained":["MutagenicStrength"]},{"damage_healed":0.0,"max_hp_gain":0.0,"max_hp_loss":0.0,"gold_gain":0.0,"event_name":"Vampires","player_choice":"Ignored","floor":20.0,"gold_loss":0.0,"damage_taken":0.0},{"damage_healed":0.0,"max_hp_gain":0.0,"max_hp_loss":0.0,"gold_gain":0.0,"event_name":"Accursed Blacksmith","player_choice":"Forge","floor":21.0,"gold_loss":0.0,"damage_taken":0.0,"cards_upgraded":["Tactician"]},{"damage_healed":0.0,"max_hp_gain":0.0,"max_hp_loss":0.0,"gold_gain":0.0,"event_name":"Back to Basics","player_choice":"Simplicity","floor":24.0,"gold_loss":0.0,"damage_taken":0.0,"cards_upgraded":["Defend_G","Defend_G","Defend_G","Defend_G","Strike_G","Strike_G"]},{"damage_healed":0.0,"max_hp_gain":0.0,"max_hp_loss":0.0,"gold_gain":275.0,"event_name":"Golden Shrine","player_choice":"Desecrate","floor":27.0,"gold_loss":0.0,"damage_taken":0.0,"cards_obtained":["Regret"]},{"damage_healed":0.0,"max_hp_gain":0.0,"max_hp_loss":0.0,"gold_gain":0.0,"event_name":"SensoryStone","player_choice":"Memory 1","floor":38.0,"gold_loss":0.0,"damage_taken":0.0},{"damage_healed":0.0,"max_hp_gain":0.0,"max_hp_loss":3.0,"gold_gain":0.0,"event_name":"Winding Halls","player_choice":"Max HP","floor":41.0,"gold_loss":0.0,"damage_taken":0.0}],"is_beta":true,"boss_relics":[{"not_picked":["Calling Bell","WristBlade"],"picked":"Replay:Drink Me"},{"not_picked":["Ring of the Serpent","Snecko Scales"],"picked":"Ring of Chaos"}],"items_purged_floors":[11,28,46],"is_endless":false,"potions_floor_spawned":[4,10,12,18,29,30,31,33,35,39,44,47],"ascension_level":20}