{"gold_per_floor":[17,17,34,44,56,56,68,97,124,124,185,32,44,44,44,120,120,140,155,165,65,165,165,165,177,202,216,141,141,141,161,161,161],"floor_reached":33,"playtime":1727,"items_purged":["Strike_R","Strike_R"],"score":486,"play_id":"88f83f39-1cde-410d-8116-3f1fbcd0cfc4","local_time":"20190215192859","is_ascension_mode":true,"campfire_choices":[{"data":"Immolate","floor":6.0,"key":"SMITH"},{"data":"Shockwave","floor":10.0,"key":"SMITH"},{"data":"True Grit","floor":15.0,"key":"SMITH"},{"data":"Entrench","floor":24.0,"key":"SMITH"},{"data":"Secret Technique","floor":30.0,"key":"SMITH"},{"data":"Pommel Strike","floor":32.0,"key":"SMITH"}],"neow_cost":"NO_GOLD","seed_source_timestamp":10922443068834,"circlet_count":0,"master_deck":["AscendersBane","Defend_R","Defend_R","Defend_R","Defend_R","Bash","Flash of Steel","Secret Technique+1","Pommel Strike+1","Immolate+1","Shockwave+1","Evolve","True Grit+1","Fiend Fire","Sentinel+1","Body Slam+1","Impervious+1","Thunderclap","Entrench+1","Juggernaut","Burning Pact+1"],"special_seed":0,"relics":["Burning Blood","Bronze Scales","Regal Pillow","Astrolabe","Bird Faced Urn","Meat on the Bone","Omamori"],"potions_floor_usage":[33,33],"damage_taken":[{"damage":4.0,"enemies":"Small Slimes","floor":1.0,"turns":3.0},{"damage":0.0,"enemies":"Cultist","floor":3.0,"turns":2.0},{"damage":14.0,"enemies":"Jaw Worm","floor":4.0,"turns":5.0},{"damage":0.0,"enemies":"Exordium Wildlife","floor":5.0,"turns":2.0},{"damage":0.0,"enemies":"3 Louse","floor":7.0,"turns":1.0},{"damage":25.0,"enemies":"3 Sentries","floor":8.0,"turns":5.0},{"damage":0.0,"enemies":"2 Fungi Beasts","floor":13.0,"turns":1.0},{"damage":47.0,"enemies":"Slime Boss","floor":16.0,"turns":8.0},{"damage":6.0,"enemies":"3 Byrds","floor":18.0,"turns":4.0},{"damage":19.0,"enemies":"Shell Parasite","floor":19.0,"turns":5.0},{"damage":18.0,"enemies":"Snake Plant","floor":20.0,"turns":3.0},{"damage":14.0,"enemies":"Colosseum Slavers","floor":22.0,"turns":2.0},{"damage":11.0,"enemies":"Colosseum Nobs","floor":22.0,"turns":4.0},{"damage":1.0,"enemies":"Cultist and Chosen","floor":25.0,"turns":6.0},{"damage":15.0,"enemies":"Centurion and Healer","floor":27.0,"turns":5.0},{"damage":8.0,"enemies":"Snecko","floor":31.0,"turns":6.0},{"damage":65,"enemies":"Automaton","floor":33,"turns":10}],"seed_played":"-5404488803448301092","potions_obtained":[{"floor":5.0,"key":"Regen Potion"},{"floor":7.0,"key":"Swift Potion"},{"floor":16.0,"key":"AttackPotion"},{"floor":22.0,"key":"Block Potion"}],"is_trial":false,"path_per_floor":["M","?","M","M","M","R","M","E","T","R","?","$","M","$","R","B",null,"M","M","M","$","?","?","R","M","T","M","?","?","R","M","R","B"],"character_chosen":"IRONCLAD","items_purchased":["Evolve"],"campfire_rested":0,"item_purchase_floors":[12],"current_hp_per_floor":[70,70,75,67,73,73,75,56,56,56,56,56,62,62,62,21,62,62,49,37,37,24,24,24,43,43,48,48,48,48,48,48,0],"gold":161,"neow_bonus":"RANDOM_COLORLESS_2","is_prod":false,"is_daily":false,"chose_seed":false,"campfire_upgraded":6,"win_rate":0,"timestamp":1550230139,"path_taken":["M","?","M","?","?","R","M","E","T","R","?","$","M","?","R","BOSS","M","M","M","$","?","?","R","M","T","M","?","?","R","M","R","BOSS"],"build_version":"2019-02-06","purchased_purges":2,"victory":false,"max_hp_per_floor":[75,75,75,75,75,75,75,75,75,75,75,75,75,75,75,75,75,75,75,75,75,75,75,75,75,75,75,75,75,75,75,75,75],"card_choices":[{"not_picked":["Anger","Flex"],"picked":"Pommel Strike","floor":1.0},{"not_picked":["Iron Wave","Heavy Blade","Flex"],"picked":"SKIP","floor":3.0},{"not_picked":["Thunderclap","Armaments"],"picked":"Immolate","floor":4.0},{"not_picked":["Rampage","Clothesline"],"picked":"Shockwave","floor":5.0},{"not_picked":["Metallicize","Sword Boomerang","Perfected Strike"],"picked":"SKIP","floor":7.0},{"not_picked":["Rupture","Reckless Charge","Intimidate"],"picked":"SKIP","floor":8.0},{"not_picked":["Uppercut","Headbutt"],"picked":"True Grit","floor":13.0},{"not_picked":["Bludgeon","Berserk"],"picked":"Fiend Fire","floor":16.0},{"not_picked":["Headbutt","Dual Wield","Clash+1"],"picked":"SKIP","floor":18.0},{"not_picked":["Heavy Blade","Wild Strike","Iron Wave"],"picked":"SKIP","floor":19.0},{"not_picked":["True Grit","Warcry"],"picked":"Thunderclap","floor":20.0},{"not_picked":["Uppercut","Wild Strike+1"],"picked":"Entrench","floor":22.0},{"not_picked":["Entrench","Warcry","Heavy Blade"],"picked":"SKIP","floor":25.0},{"not_picked":["Iron Wave","Carnage","Warcry"],"picked":"SKIP","floor":27.0},{"not_picked":["Hemokinesis","Blood for Blood"],"picked":"Burning Pact+1","floor":31.0}],"player_experience":794166,"relics_obtained":[{"floor":8.0,"key":"Bronze Scales"},{"floor":9.0,"key":"Regal Pillow"},{"floor":22.0,"key":"Bird Faced Urn"},{"floor":22.0,"key":"Meat on the Bone"},{"floor":26.0,"key":"Omamori"}],"event_choices":[{"damage_healed":0.0,"max_hp_gain":0.0,"max_hp_loss":0.0,"gold_gain":0.0,"event_name":"Match and Keep!","player_choice":"1 cards matched","floor":2.0,"gold_loss":0.0,"damage_taken":0.0,"cards_obtained":["Intimidate"]},{"damage_healed":0.0,"max_hp_gain":0.0,"max_hp_loss":0.0,"gold_gain":61.0,"event_name":"Golden Wing","player_choice":"Gained Gold","floor":11.0,"gold_loss":0.0,"damage_taken":0.0},{"damage_healed":0.0,"max_hp_gain":0.0,"max_hp_loss":0.0,"gold_gain":0.0,"event_name":"Colosseum","player_choice":"Fight","floor":22.0,"gold_loss":0.0,"damage_taken":0.0},{"damage_healed":0.0,"max_hp_gain":0.0,"max_hp_loss":0.0,"gold_gain":0.0,"event_name":"Colosseum","player_choice":"Fought Nobs","floor":22.0,"gold_loss":0.0,"damage_taken":0.0},{"damage_healed":0.0,"max_hp_gain":0.0,"max_hp_loss":0.0,"gold_gain":0.0,"event_name":"The Mausoleum","player_choice":"Ignored","floor":23.0,"gold_loss":0.0,"damage_taken":0.0},{"cards_removed":["Strike_R"],"damage_healed":0.0,"max_hp_gain":0.0,"max_hp_loss":0.0,"gold_gain":0.0,"event_name":"Beggar","player_choice":"Gave Gold","floor":28.0,"gold_loss":75.0,"damage_taken":0.0},{"damage_healed":0.0,"max_hp_gain":0.0,"max_hp_loss":0.0,"gold_gain":0.0,"event_name":"Match and Keep!","player_choice":"1 cards matched","floor":29.0,"gold_loss":0.0,"damage_taken":0.0,"cards_obtained":["Juggernaut"]}],"is_beta":true,"boss_relics":[{"not_picked":["White Beast Statue","Empty Cage"],"picked":"Astrolabe"}],"items_purged_floors":[12,21],"is_endless":false,"potions_floor_spawned":[5,7,13,16,18,19,22,27],"killed_by":"Automaton","ascension_level":19}