{"gold_per_floor":[111,122,132,142,142,142,169,169,169,181,27,37,63,63,63,63],"floor_reached":16,"playtime":1491,"items_purged":["Strike_G"],"score":112,"play_id":"cfc1b553-4d91-4b8b-9def-3b866de42c23","local_time":"20190809231203","is_ascension_mode":false,"campfire_choices":[{"data":"Flechettes","floor":6,"key":"SMITH"},{"data":"Neutralize","floor":8,"key":"SMITH"},{"floor":15,"key":"REST"}],"neow_cost":"TEN_PERCENT_HP_LOSS","seed_source_timestamp":1584865116502300,"circlet_count":0,"master_deck":["Strike_G","Strike_G","Strike_G","Strike_G","Defend_G","Defend_G","Defend_G","Defend_G","Defend_G","Survivor","Neutralize+1","Backflip","Escape Plan","Flechettes+1","Predator","Flechettes+1","Backflip","Blur","Well Laid Plans","Flying Knee+1","Outmaneuver"],"relics":["Ring of the Snake","Nunchaku","Molten Egg 2","Prayer Wheel","Paper Crane","Snake Skull"],"potions_floor_usage":[],"damage_taken":[{"damage":0,"enemies":"Cultist","floor":1,"turns":5},{"damage":0,"enemies":"Small Slimes","floor":2,"turns":5},{"damage":2,"enemies":"Jaw Worm","floor":3,"turns":6},{"damage":0,"enemies":"2 Fungi Beasts","floor":4,"turns":4},{"damage":16,"enemies":"Gremlin Nob","floor":7,"turns":4},{"damage":2,"enemies":"3 Louse","floor":10,"turns":3},{"damage":0,"enemies":"Large Slime","floor":12,"turns":6},{"damage":18,"enemies":"3 Sentries","floor":13,"turns":9},{"damage":48,"enemies":"Slime Boss","floor":16,"turns":8}],"seed_played":"6192363812091758361","potions_obtained":[{"floor":2,"key":"Block Potion"},{"floor":4,"key":"Block Potion"},{"floor":7,"key":"PowerPotion"},{"floor":10,"key":"EssenceOfSteel"}],"is_trial":false,"path_per_floor":["M","M","M","M","T","R","E","R","T","M","$","M","E","?","R","B"],"character_chosen":"THE_SILENT","items_purchased":["Well Laid Plans"],"campfire_rested":1,"item_purchase_floors":[11],"current_hp_per_floor":[63,63,61,61,61,61,45,45,45,43,43,43,25,25,43,0],"gold":63,"neow_bonus":"ONE_RARE_RELIC","is_prod":false,"is_daily":false,"chose_seed":false,"campfire_upgraded":2,"win_rate":0.0,"timestamp":1565385123,"path_taken":["M","?","M","M","?","R","E","R","T","M","$","?","E","?","R","BOSS"],"build_version":"2019-07-17","purchased_purges":1,"victory":false,"max_hp_per_floor":[63,63,63,63,63,63,63,63,63,63,63,63,63,63,63,63],"card_choices":[{"not_picked":["Sucker Punch","Masterful Stab"],"picked":"Backflip","floor":1},{"not_picked":["Sucker Punch","Backflip"],"picked":"Escape Plan","floor":2},{"not_picked":["Underhanded Strike","Blade Dance"],"picked":"Flechettes","floor":3},{"not_picked":["Backflip","Deflect"],"picked":"Predator","floor":4},{"not_picked":["Corpse Explosion","Heel Hook+1"],"picked":"Flechettes+1","floor":7},{"not_picked":["Dodge and Roll","Slice+1"],"picked":"Backflip","floor":10},{"not_picked":["Catalyst","Quick Slash+1"],"picked":"Blur","floor":10},{"not_picked":["Blade Dance","Poisoned Stab+1"],"picked":"Flying Knee+1","floor":12},{"not_picked":["Dodge and Roll","Dagger Spray+1","PiercingWail"],"picked":"SKIP","floor":12},{"not_picked":["Die Die Die+1","Poisoned Stab+1"],"picked":"Outmaneuver","floor":13}],"player_experience":367658,"relics_obtained":[{"floor":5,"key":"Molten Egg 2"},{"floor":7,"key":"Prayer Wheel"},{"floor":9,"key":"Paper Crane"},{"floor":13,"key":"Snake Skull"}],"event_choices":[{"damage_healed":0,"gold_gain":0,"player_choice":"Ignored","damage_taken":0,"max_hp_gain":0,"max_hp_loss":0,"event_name":"Liars Game","floor":14,"gold_loss":0}],"is_beta":false,"boss_relics":[],"items_purged_floors":[11],"is_endless":false,"potions_floor_spawned":[2,4,7,10],"killed_by":"Slime Boss","ascension_level":0}