{"gold_per_floor":[112,132,132,143,155,155,16,16,42,42,19,19,194,227,227,329,329,339,216,226,226,325,325,336,349,349,362,277,277,45,58,58,161,161,171,187,187,32,47,47,64,84,155,155,0,0,65,65,65,65],"floor_reached":51,"playtime":2417,"items_purged":["Writhe"],"score":1075,"play_id":"0856cf1c-4cb2-49a8-bfe3-58923d8cd9ac","local_time":"20180831104851","is_ascension_mode":true,"campfire_choices":[{"data":"Rainbow","floor":6.0,"key":"SMITH"},{"data":"Lockon","floor":10.0,"key":"SMITH"},{"data":"Tempest","floor":15.0,"key":"SMITH"},{"data":"Chaos","floor":23.0,"key":"SMITH"},{"floor":32.0,"key":"REST"},{"floor":40.0,"key":"REST"},{"floor":44.0,"key":"REST"},{"data":"Seek","floor":46.0,"key":"SMITH"},{"floor":49.0,"key":"REST"}],"neow_cost":"NONE","seed_source_timestamp":0,"circlet_count":0,"master_deck":["Strike_B+1","Strike_B+1","Defend_B+1","Defend_B+1","Defend_B+1","Defend_B+1","Zap+1","Dualcast","AscendersBane","Aggregate","Lockon+1","Tempest+1","Leap","Rainbow+1","Auto Shields","Steam","Barrage","Ball Lightning","Rip and Tear","Doubt","FTL","Seek+1","Skim","Stack","PanicButton","Chaos+1","Glacier","Electrodynamics","Coolheaded","Defragment","BootSequence","Turbo","Turbo","Echo Form","Conserve Battery+1","Go for the Eyes+1","Deep Breath","Consume","Reinforced Body","Self Repair+1","Redo+1","Stack+1","Hello World"],"special_seed":0,"relics":["Inserter","War Paint","Happy Flower","Sozu","Lantern","Gremlin Horn","Ancient Tea Set","Black Star","Mercury Hourglass","Red Mask","Oddly Smooth Stone","Tiny Chest"],"potions_floor_usage":[50],"damage_taken":[{"damage":5.0,"enemies":"2 Louse","floor":1.0,"turns":3.0},{"damage":5.0,"enemies":"Cultist","floor":2.0,"turns":5.0},{"damage":8.0,"enemies":"Small Slimes","floor":4.0,"turns":4.0},{"damage":7.0,"enemies":"Looter","floor":5.0,"turns":4.0},{"damage":24.0,"enemies":"3 Sentries","floor":14.0,"turns":7.0},{"damage":10.0,"enemies":"The Guardian","floor":16.0,"turns":8.0},{"damage":4.0,"enemies":"Spheric Guardian","floor":18.0,"turns":3.0},{"damage":6.0,"enemies":"Chosen","floor":20.0,"turns":3.0},{"damage":12.0,"enemies":"Centurion and Healer","floor":24.0,"turns":5.0},{"damage":0.0,"enemies":"Snecko","floor":25.0,"turns":4.0},{"damage":7.0,"enemies":"Snake Plant","floor":27.0,"turns":5.0},{"damage":1.0,"enemies":"Shelled Parasite and Fungi","floor":31.0,"turns":4.0},{"damage":48.0,"enemies":"Automaton","floor":33.0,"turns":12.0},{"damage":0.0,"enemies":"3 Shapes","floor":35.0,"turns":4.0},{"damage":4.0,"enemies":"Orb Walker","floor":36.0,"turns":5.0},{"damage":31.0,"enemies":"Maw","floor":39.0,"turns":12.0},{"damage":16.0,"enemies":"Reptomancer","floor":41.0,"turns":5.0},{"damage":11.0,"enemies":"Jaw Worm Horde","floor":42.0,"turns":5.0},{"damage":49.0,"enemies":"Nemesis","floor":47.0,"turns":7.0},{"damage":32,"enemies":"Time Eater","floor":50,"turns":14}],"seed_played":"7431895637201289583","potions_obtained":[{"floor":4.0,"key":"AttackPotion"},{"floor":5.0,"key":"Block Potion"},{"floor":16.0,"key":"SteroidPotion"}],"is_trial":false,"path_per_floor":["M","M","?","M","M","R","$","?","T","R","$","?","?","E","R","B",null,"M","$","M","?","?","R","M","M","T","M","?","?","$","M","R","B",null,"M","M","?","$","M","R","M","M","T","R","?","R","E","$","R","B"],"character_chosen":"DEFECT","items_purchased":["Auto Shields","Steam","Barrage","Ball Lightning","Stack","PanicButton","Defragment","BootSequence","Turbo","Consume","Reinforced Body"],"campfire_rested":4,"item_purchase_floors":[7,7,7,11,19,19,30,30,30,38,38],"current_hp_per_floor":[63,58,58,50,43,43,43,43,43,43,43,43,43,19,19,9,59,55,55,49,49,49,49,37,37,37,30,30,30,30,29,51,3,57,57,53,53,53,22,44,38,37,37,59,59,59,20,20,42,20],"gold":65,"neow_bonus":"BOSS_RELIC","is_prod":false,"is_daily":false,"chose_seed":false,"campfire_upgraded":5,"win_rate":0,"timestamp":1535683731,"path_taken":["M","M","?","?","M","R","$","?","T","R","$","?","?","E","R","BOSS","M","$","M","?","?","R","M","M","T","?","?","?","$","M","R","BOSS","M","M","?","$","M","R","M","M","T","R","?","R","E","?","R","BOSS"],"build_version":"2018-08-29","purchased_purges":1,"victory":true,"max_hp_per_floor":[75,75,75,75,75,75,75,75,75,75,75,75,75,75,75,75,75,75,75,75,75,75,75,75,75,75,75,75,75,75,75,75,75,75,75,75,75,75,75,75,75,75,75,75,75,75,75,75,75,75],"card_choices":[{"not_picked":["Beam Cell","Barrage"],"picked":"Aggregate","floor":1.0},{"not_picked":["Go for the Eyes","Cold Snap"],"picked":"Lockon","floor":2.0},{"not_picked":["Aggregate","Heatsinks"],"picked":"Leap","floor":4.0},{"not_picked":["BootSequence","White Noise"],"picked":"Rainbow","floor":5.0},{"not_picked":["Sweeping Beam","Genetic Algorithm"],"picked":"FTL","floor":14.0},{"not_picked":["Rainbow","Hyperbeam"],"picked":"Seek","floor":16.0},{"not_picked":["Steam+1","Beam Cell"],"picked":"Skim","floor":18.0},{"not_picked":["Barrage","Rip and Tear+1"],"picked":"Chaos","floor":20.0},{"not_picked":["Streamline","Coolheaded"],"picked":"Glacier","floor":24.0},{"not_picked":["Redo","Steam"],"picked":"Electrodynamics","floor":25.0},{"not_picked":["Scrape","Streamline"],"picked":"Coolheaded","floor":27.0},{"not_picked":["Turbo","Rip and Tear","Force Field"],"picked":"SKIP","floor":31.0},{"not_picked":["Rip and Tear","Force Field"],"picked":"Turbo","floor":31.0},{"not_picked":["Hyperbeam","Reboot"],"picked":"Echo Form","floor":33.0},{"not_picked":["Leap+1","Skim"],"picked":"Conserve Battery+1","floor":35.0},{"not_picked":["Skim","Redo"],"picked":"Go for the Eyes+1","floor":36.0},{"not_picked":["Mind Blast","Purity"],"picked":"Deep Breath","floor":37.0},{"not_picked":["Recycle","Tempest"],"picked":"Self Repair+1","floor":39.0},{"not_picked":["Scrape","Static Discharge"],"picked":"Redo+1","floor":41.0},{"not_picked":["Go for the Eyes+1","Coolheaded"],"picked":"Stack+1","floor":42.0},{"not_picked":["Scrape","Gash"],"picked":"Hello World","floor":47.0}],"player_experience":282459,"relics_obtained":[{"floor":9.0,"key":"War Paint"},{"floor":14.0,"key":"Happy Flower"},{"floor":26.0,"key":"Lantern"},{"floor":43.0,"key":"Mercury Hourglass"},{"floor":47.0,"key":"Oddly Smooth Stone"},{"floor":47.0,"key":"Tiny Chest"}],"event_choices":[{"event_name":"Transmorgrifier","player_choice":"Transform","floor":3.0,"damage_taken":0.0},{"event_name":"Golden Wing","player_choice":"Ignored","floor":8.0,"damage_taken":0.0},{"event_name":"Living Wall","player_choice":"Change","floor":12.0,"damage_taken":0.0},{"event_name":"Liars Game","player_choice":"agreed","floor":13.0,"damage_taken":0.0},{"event_name":"Back to Basics","player_choice":"Simplicity","floor":21.0,"damage_taken":0.0},{"event_name":"Nest","player_choice":"Stole From Cult","floor":22.0,"damage_taken":0.0},{"event_name":"Addict","player_choice":"Obtained Relic","floor":28.0,"damage_taken":0.0},{"event_name":"The Mausoleum","player_choice":"Yes","floor":29.0,"damage_taken":0.0},{"event_name":"SensoryStone","player_choice":"Memory 1","floor":37.0,"damage_taken":0.0},{"event_name":"Tomb of Lord Red Mask","player_choice":"Paid","floor":45.0,"damage_taken":0.0}],"is_beta":true,"boss_relics":[{"not_picked":["Cursed Key","Coffee Dripper"],"picked":"Sozu"},{"not_picked":["Velvet Choker","Fusion Hammer"],"picked":"Black Star"}],"items_purged_floors":[30],"is_endless":false,"potions_floor_spawned":[4,5,16,25,33,36,42],"ascension_level":12}