{"gold_per_floor":[119,119,135,55,55,89,99,117,117,117,144,144,144,164,164,269,269,269,269,269,269,269,269,269,269,269,269,269,269,269,269,269,269,269,269,269,269,269,269,269,269,269,269,269,43,43,43,43,43,43],"floor_reached":51,"playtime":2418,"items_purged":[],"score":1493,"play_id":"29db492e-c915-401c-897a-fac0da2294f1","local_time":"20181026201232","is_ascension_mode":true,"campfire_choices":[{"data":"Deadly Poison","floor":10.0,"key":"SMITH"},{"data":"Crippling Poison","floor":12.0,"key":"SMITH"},{"data":"Catalyst","floor":15.0,"key":"SMITH"},{"data":"Neutralize","floor":23.0,"key":"SMITH"},{"data":"Skewer","floor":25.0,"key":"SMITH"},{"data":"Deadly Poison","floor":27.0,"key":"SMITH"},{"data":"Bullet Time","floor":29.0,"key":"SMITH"},{"data":"Adrenaline","floor":32.0,"key":"SMITH"},{"floor":40.0,"key":"REST"},{"data":"Adrenaline","floor":42.0,"key":"SMITH"},{"data":"Doppelganger","floor":49,"key":"SMITH"}],"neow_cost":"NONE","seed_source_timestamp":303663786796,"circlet_count":0,"master_deck":["Defend_G+1","Defend_G","Defend_G","Defend_G","Strike_G","Strike_G","Survivor","Neutralize+1","AscendersBane","Dash+1","Crippling Poison+1","Catalyst+1","Deadly Poison+1","Bullet Time+1","PiercingWail","Adrenaline+1","Deadly Poison+1","Acrobatics+1","Skewer+1","Adrenaline+1","Doppelganger+1","Deadly Poison+1","Noxious Fumes+1","Night Terror","Dodge and Roll+1","Malaise","Escape Plan+1","Bane+1"],"special_seed":0,"relics":["Ring of the Snake","Bottled Flame","Ice Cream","The Specimen","Ectoplasm","Art of War","Happy Flower","Anchor","White Beast Statue","Letter Opener","Tingsha","Mercury Hourglass","Bag of Preparation"],"potions_floor_usage":[50,50,50,50],"damage_taken":[{"damage":8.0,"enemies":"2 Louse","floor":1.0,"turns":5.0},{"damage":0.0,"enemies":"Jaw Worm","floor":3.0,"turns":3.0},{"damage":25.0,"enemies":"Gremlin Nob","floor":6.0,"turns":5.0},{"damage":0.0,"enemies":"Cultist","floor":7.0,"turns":4.0},{"damage":0.0,"enemies":"2 Fungi Beasts","floor":8.0,"turns":4.0},{"damage":7.0,"enemies":"3 Sentries","floor":11.0,"turns":10.0},{"damage":5.0,"enemies":"Exordium Wildlife","floor":14.0,"turns":4.0},{"damage":0.0,"enemies":"Slime Boss","floor":16.0,"turns":3.0},{"damage":1.0,"enemies":"Shell Parasite","floor":18.0,"turns":3.0},{"damage":0.0,"enemies":"Spheric Guardian","floor":20.0,"turns":3.0},{"damage":0.0,"enemies":"Cultist and Chosen","floor":21.0,"turns":4.0},{"damage":0.0,"enemies":"Gremlin Leader","floor":24.0,"turns":5.0},{"damage":4.0,"enemies":"Slavers","floor":30.0,"turns":4.0},{"damage":0.0,"enemies":"Automaton","floor":33.0,"turns":6.0},{"damage":23.0,"enemies":"3 Darklings","floor":35.0,"turns":4.0},{"damage":0.0,"enemies":"3 Shapes","floor":36.0,"turns":3.0},{"damage":16.0,"enemies":"Writhing Mass","floor":37.0,"turns":3.0},{"damage":0.0,"enemies":"4 Shapes","floor":39.0,"turns":4.0},{"damage":16.0,"enemies":"Nemesis","floor":41.0,"turns":5.0},{"damage":0.0,"enemies":"Reptomancer","floor":44.0,"turns":3.0},{"damage":0,"enemies":"Giant Head","floor":46,"turns":5},{"damage":2,"enemies":"Jaw Worm Horde","floor":48,"turns":3},{"damage":11,"enemies":"Awakened One","floor":50,"turns":10}],"seed_played":"-8074502376020524644","potions_obtained":[{"floor":1.0,"key":"FearPotion"},{"floor":7.0,"key":"SkillPotion"},{"floor":11.0,"key":"Strength Potion"},{"floor":14.0,"key":"AttackPotion"},{"floor":16.0,"key":"Regen Potion"},{"floor":18.0,"key":"Regen Potion"},{"floor":31.0,"key":"Fruit Juice"},{"floor":31.0,"key":"SkillPotion"},{"floor":31.0,"key":"Regen Potion"},{"floor":35.0,"key":"SpeedPotion"},{"floor":36.0,"key":"EntropicBrew"},{"floor":41.0,"key":"SpeedPotion"},{"floor":44,"key":"EntropicBrew"}],"is_trial":false,"path_per_floor":["M","?","M","$","?","E","M","M","T","R","E","R","?","M","R","B",null,"M","?","M","M","?","R","E","R","T","R","$","R","E","?","R","B",null,"M","M","M","T","M","R","E","R","T","E","$","E","$","M","R","B"],"character_chosen":"THE_SILENT","items_purchased":["Catalyst","Malaise","GhostInAJar"],"campfire_rested":1,"item_purchase_floors":[4,45,45],"current_hp_per_floor":[55,41,41,41,64,39,39,39,39,39,32,32,32,27,27,27,59,58,58,58,58,45,45,45,45,45,45,45,45,41,46,46,46,72,49,49,33,33,33,57,41,41,41,41,41,41,41,39,39,28],"gold":43,"neow_bonus":"REMOVE_CARD","is_prod":false,"is_daily":false,"chose_seed":false,"campfire_upgraded":10,"win_rate":0,"timestamp":1540555952,"path_taken":["M","?","M","$","?","E","?","M","T","R","E","R","?","M","R","BOSS","M","?","M","M","?","R","E","R","T","R","$","R","E","?","R","BOSS","M","?","?","?","?","R","E","R","T","E","$","E","$","M","R","BOSS"],"build_version":"2018-10-25v2","purchased_purges":0,"victory":true,"max_hp_per_floor":[70,70,70,70,70,70,70,70,70,70,70,70,70,70,70,70,70,70,70,70,70,75,75,75,75,75,75,75,75,75,80,80,80,80,80,80,80,80,80,80,80,80,80,80,80,80,80,80,80,80],"card_choices":[{"not_picked":["Heel Hook","Escape Plan"],"picked":"Dash","floor":1.0},{"not_picked":["Prepared","Distraction"],"picked":"Crippling Poison","floor":3.0},{"not_picked":["Quick Slash","Dodge and Roll","Dagger Throw"],"picked":"SKIP","floor":6.0},{"not_picked":["Quick Slash","Flying Knee","Blade Dance"],"picked":"SKIP","floor":7.0},{"not_picked":["Tactician","Sucker Punch"],"picked":"Deadly Poison","floor":8.0},{"not_picked":["Crippling Poison","Infinite Blades","Deadly Poison"],"picked":"SKIP","floor":11.0},{"not_picked":["Dodge and Roll","Outmaneuver","Quick Slash"],"picked":"SKIP","floor":14.0},{"not_picked":["Phantasmal Killer","A Thousand Cuts"],"picked":"Bullet Time","floor":16.0},{"not_picked":["Deflect","Eviscerate"],"picked":"PiercingWail","floor":18.0},{"not_picked":["Eviscerate+1","Accuracy"],"picked":"Acrobatics+1","floor":20.0},{"not_picked":["Outmaneuver","Dagger Throw"],"picked":"Skewer","floor":21.0},{"not_picked":["Finisher","Deadly Poison","Eviscerate"],"picked":"SKIP","floor":24.0},{"not_picked":["Dagger Spray+1","Blade Dance"],"picked":"Adrenaline","floor":30.0},{"not_picked":["Unload","Bullet Time"],"picked":"Doppelganger","floor":33.0},{"not_picked":["Leg Sweep","Deflect"],"picked":"Deadly Poison+1","floor":35.0},{"not_picked":["Outmaneuver+1","PiercingWail","Terror"],"picked":"SKIP","floor":36.0},{"not_picked":["Tactician+1","Sucker Punch"],"picked":"Noxious Fumes+1","floor":37.0},{"not_picked":["Distraction+1","Underhanded Strike","PiercingWail"],"picked":"SKIP","floor":39.0},{"not_picked":["Cloak And Dagger+1","Poisoned Stab+1"],"picked":"Night Terror","floor":41.0},{"not_picked":["Crippling Poison","Underhanded Strike+1"],"picked":"Dodge and Roll+1","floor":44},{"not_picked":["Reflex","PiercingWail"],"picked":"Escape Plan+1","floor":46},{"not_picked":["Quick Slash+1","Prepared"],"picked":"Bane+1","floor":48}],"player_experience":458879,"relics_obtained":[{"floor":6.0,"key":"Bottled Flame"},{"floor":9.0,"key":"Ice Cream"},{"floor":11.0,"key":"The Specimen"},{"floor":24.0,"key":"Art of War"},{"floor":26.0,"key":"Happy Flower"},{"floor":30.0,"key":"Anchor"},{"floor":38.0,"key":"Letter Opener"},{"floor":41.0,"key":"Tingsha"},{"floor":43.0,"key":"Mercury Hourglass"},{"floor":46,"key":"Bag of Preparation"}],"event_choices":[{"damage_healed":0.0,"max_hp_gain":0.0,"max_hp_loss":0.0,"gold_gain":0.0,"event_name":"Shining Light","player_choice":"Entered Light","floor":2.0,"gold_loss":0.0,"damage_taken":14.0,"cards_upgraded":["Defend_G","Dash"]},{"damage_healed":23.0,"max_hp_gain":0.0,"max_hp_loss":0.0,"gold_gain":0.0,"event_name":"Big Fish","player_choice":"Banana","floor":5.0,"gold_loss":0.0,"damage_taken":0.0},{"cards_removed":["Strike_G"],"damage_healed":0.0,"max_hp_gain":0.0,"max_hp_loss":0.0,"gold_gain":0.0,"event_name":"Purifier","player_choice":"Purged","floor":13.0,"gold_loss":0.0,"damage_taken":0.0},{"damage_healed":0.0,"max_hp_gain":0.0,"max_hp_loss":0.0,"gold_gain":0.0,"cards_transformed":["Strike_G","Defend_G"],"event_name":"Drug Dealer","player_choice":"Became Test Subject","floor":19.0,"gold_loss":0.0,"damage_taken":0.0,"cards_obtained":["Adrenaline","Deadly Poison"]},{"damage_healed":0.0,"max_hp_gain":5.0,"max_hp_loss":0.0,"gold_gain":0.0,"event_name":"Forgotten Altar","player_choice":"Shed Blood","floor":22.0,"gold_loss":0.0,"damage_taken":18.0},{"damage_healed":0.0,"max_hp_gain":0.0,"max_hp_loss":0.0,"gold_gain":0.0,"event_name":"The Lab","player_choice":"Got Potions","floor":31.0,"gold_loss":0.0,"damage_taken":0.0}],"is_beta":true,"boss_relics":[{"not_picked":["Calling Bell","Philosopher\u0027s Stone"],"picked":"Ectoplasm"},{"not_picked":["Lizard Tail","Coffee Dripper"],"picked":"White Beast Statue"}],"items_purged_floors":[],"is_endless":false,"potions_floor_spawned":[1,7,11,14,16,18,21,35,36,37,39,41,44,46,48],"ascension_level":11}