{"gold_per_floor":[118,68,80,94,111,111,74,74,74,107,107,117,152,168,168,168],"floor_reached":16,"playtime":649,"items_purged":[],"score":204,"play_id":"d222bee3-30bd-4303-b725-23ee32902761","local_time":"20181223113428","is_ascension_mode":true,"campfire_choices":[{"data":"Feed","floor":6,"key":"SMITH"},{"data":"Uppercut","floor":8,"key":"SMITH"},{"data":"Whirlwind","floor":11,"key":"SMITH"},{"data":"True Grit","floor":15,"key":"SMITH"}],"neow_cost":"NONE","seed_source_timestamp":1268865625533,"circlet_count":0,"master_deck":["AscendersBane","Strike_R","Strike_R","Strike_R","Strike_R","Defend_R","Defend_R","Defend_R","Defend_R","Bash","Brutality","Bloodletting","Pommel Strike","Feed+1","Uppercut+1","Whirlwind+1","Thunderclap","True Grit+1"],"special_seed":0,"relics":["Burning Blood","Anchor","Self Forming Clay","Orichalcum"],"potions_floor_usage":[16,16],"damage_taken":[{"damage":10.0,"enemies":"2 Louse","floor":1.0,"turns":3.0},{"damage":10,"enemies":"Cultist","floor":3,"turns":5},{"damage":17,"enemies":"Jaw Worm","floor":4,"turns":5},{"damage":16,"enemies":"Looter","floor":5,"turns":4},{"damage":29,"enemies":"Gremlin Nob","floor":10,"turns":5},{"damage":0,"enemies":"Large Slime","floor":12,"turns":4},{"damage":20,"enemies":"3 Sentries","floor":13,"turns":7},{"damage":9,"enemies":"Gremlin Gang","floor":14,"turns":4},{"damage":28,"enemies":"Hexaghost","floor":16,"turns":11}],"seed_played":"-8253588517926416025","potions_obtained":[{"floor":12,"key":"Block Potion"},{"floor":13,"key":"SteroidPotion"}],"is_trial":false,"path_per_floor":["M","M","?","M","M","M","R","$","R","T","E","R","M","E","M","R","B"],"character_chosen":"IRONCLAD","items_purchased":["Uppercut"],"campfire_rested":0,"item_purchase_floors":[7],"current_hp_per_floor":[68,68,64,53,43,43,43,43,43,24,24,34,24,25,25,0],"gold":168,"neow_bonus":"ONE_RANDOM_RARE_CARD","is_prod":false,"is_daily":false,"chose_seed":false,"campfire_upgraded":4,"win_rate":0,"timestamp":1545536068,"path_taken":["M","?","M","M","M","R","$","R","T","E","R","M","E","M","R","BOSS"],"build_version":"2018-12-20","purchased_purges":0,"victory":false,"max_hp_per_floor":[80,80,80,80,80,80,80,80,80,84,84,88,92,96,96,96],"card_choices":[{"not_picked":["Havoc","Wild Strike","Feel No Pain"],"picked":"SKIP","floor":1},{"not_picked":["Sever Soul","True Grit"],"picked":"Bloodletting","floor":3},{"not_picked":["Clothesline","Warcry"],"picked":"Pommel Strike","floor":4},{"not_picked":["Thunderclap","Seeing Red"],"picked":"Feed","floor":5},{"not_picked":["Sword Boomerang","Metallicize"],"picked":"Whirlwind","floor":10},{"not_picked":["Headbutt","Clash","Wild Strike"],"picked":"SKIP","floor":12},{"not_picked":["Whirlwind","Clothesline"],"picked":"Thunderclap","floor":13},{"not_picked":["Havoc","Shrug It Off"],"picked":"True Grit","floor":14}],"player_experience":632326,"relics_obtained":[{"floor":9,"key":"Anchor"},{"floor":10,"key":"Self Forming Clay"},{"floor":13,"key":"Orichalcum"}],"event_choices":[{"cards_removed":["Strike_R"],"damage_healed":0,"gold_gain":0,"player_choice":"Card Removal","damage_taken":0,"max_hp_gain":0,"max_hp_loss":0,"event_name":"The Cleric","floor":2,"gold_loss":50}],"is_beta":true,"boss_relics":[],"items_purged_floors":[],"is_endless":false,"potions_floor_spawned":[12,13,14],"killed_by":"Hexaghost","ascension_level":12}