{"gold_per_floor":[109,109,129,129,146,146,165,185,233,233,264,283,283,318,318,390,390,410,410,24,34,34,34,46,46,46,46,62,75,95,113,113,189,189,209,209,209,219,219,251,270,100,148,148,163,178,178,22,22,22,22],"floor_reached":52,"playtime":2588,"items_purged":["Strike_B","Machine Learning+1","Chill+1"],"score":1917,"play_id":"f8c48ba8-2633-40f6-ad30-6a572509a0ce","local_time":"20190407123721","is_ascension_mode":true,"campfire_choices":[{"floor":10.0,"key":"REST"},{"data":"Dualcast","floor":13.0,"key":"SMITH"},{"data":"Turbo","floor":15.0,"key":"SMITH"},{"data":"Beam Cell","floor":23.0,"key":"SMITH"},{"data":"Coolheaded","floor":25.0,"key":"SMITH"},{"data":"White Noise","floor":27.0,"key":"SMITH"},{"data":"Heatsinks","floor":32.0,"key":"SMITH"},{"floor":44.0,"key":"RECALL"},{"floor":47.0,"key":"REST"},{"floor":49.0,"key":"REST"}],"neow_cost":"PERCENT_DAMAGE","seed_source_timestamp":0,"circlet_count":0,"master_deck":["AscendersBane","Strike_B+1","Defend_B+1","Defend_B+1","Zap+1","Dualcast+1","Sunder+1","Ball Lightning+1","Turbo+1","Leap+1","Cold Snap+1","Hello World+1","Capacitor+1","Beam Cell+1","White Noise+1","Auto Shields+1","Coolheaded+1","Heatsinks+1","Static Discharge+1","Mayhem+1","Mayhem+1","Panacea+1","Consume+1","Darkness+1","Skim","Defragment","Heatsinks","PanicButton"],"special_seed":0,"relics":["Cracked Core","Bronze Scales","Mummified Hand","Smiling Mask","Empty Cage","Lee\u0027s Waffle","Gremlin Horn","Fusion Hammer","Mark of the Bloom","Potion Belt"],"potions_floor_usage":[],"damage_taken":[{"damage":5.0,"enemies":"Small Slimes","floor":1.0,"turns":3.0},{"damage":0.0,"enemies":"2 Louse","floor":3.0,"turns":1.0},{"damage":7.0,"enemies":"Jaw Worm","floor":5.0,"turns":2.0},{"damage":4.0,"enemies":"2 Fungi Beasts","floor":7.0,"turns":2.0},{"damage":6.0,"enemies":"Lots of Slimes","floor":8.0,"turns":3.0},{"damage":3.0,"enemies":"3 Sentries","floor":11.0,"turns":4.0},{"damage":3.0,"enemies":"Looter","floor":12.0,"turns":3.0},{"damage":0.0,"enemies":"Gremlin Nob","floor":14.0,"turns":3.0},{"damage":18.0,"enemies":"Hexaghost","floor":16.0,"turns":8.0},{"damage":4.0,"enemies":"3 Byrds","floor":18.0,"turns":2.0},{"damage":30.0,"enemies":"2 Thieves","floor":21.0,"turns":4.0},{"damage":15.0,"enemies":"Snake Plant","floor":24.0,"turns":3.0},{"damage":28.0,"enemies":"Shelled Parasite and Fungi","floor":28.0,"turns":3.0},{"damage":0.0,"enemies":"3 Cultists","floor":29.0,"turns":4.0},{"damage":0.0,"enemies":"Centurion and Healer","floor":30.0,"turns":5.0},{"damage":12.0,"enemies":"Sentry and Sphere","floor":31.0,"turns":5.0},{"damage":26.0,"enemies":"Collector","floor":33.0,"turns":5.0},{"damage":0.0,"enemies":"3 Shapes","floor":35.0,"turns":5.0},{"damage":20.0,"enemies":"3 Darklings","floor":38.0,"turns":4.0},{"damage":0.0,"enemies":"Giant Head","floor":40.0,"turns":6.0},{"damage":0.0,"enemies":"Spire Growth","floor":41.0,"turns":4.0},{"damage":4.0,"enemies":"4 Shapes","floor":45.0,"turns":5.0},{"damage":30.0,"enemies":"Maw","floor":46.0,"turns":6.0},{"damage":9.0,"enemies":"Time Eater","floor":50.0,"turns":10.0},{"damage":1,"enemies":"Donu and Deca","floor":51,"turns":9}],"seed_played":"5520685273069288781","potions_obtained":[{"floor":1.0,"key":"Fruit Juice"},{"floor":7.0,"key":"AttackPotion"},{"floor":11.0,"key":"SkillPotion"},{"floor":18.0,"key":"Dexterity Potion"},{"floor":24.0,"key":"FocusPotion"},{"floor":30.0,"key":"GamblersBrew"},{"floor":35.0,"key":"Poison Potion"}],"is_trial":false,"path_per_floor":["M","?","M","?","M","?","M","M","T","R","E","M","R","E","R","B",null,"M","?","$","M","?","R","M","R","T","R","M","M","M","M","R","B",null,"M","?","?","M","?","E","M","$","T","R","M","M","R","$","R","B","B",null],"character_chosen":"DEFECT","items_purchased":["Lee\u0027s Waffle","Beam Cell","White Noise","Defragment","Ancient Potion","PanicButton"],"campfire_rested":3,"item_purchase_floors":[20,20,20,42,42,48],"current_hp_per_floor":[46,46,46,46,39,16,12,6,6,28,25,22,22,22,22,4,58,54,32,88,58,98,98,83,83,83,83,55,55,55,43,43,17,78,78,68,68,48,48,48,48,48,48,48,44,14,14,14,14,5,4],"gold":22,"neow_bonus":"REMOVE_TWO","is_prod":false,"is_daily":false,"chose_seed":false,"campfire_upgraded":6,"win_rate":0,"timestamp":1554611841,"path_taken":["M","?","M","?","M","?","M","M","T","R","E","M","R","E","R","BOSS","M","?","$","M","?","R","M","R","T","R","M","?","M","M","R","BOSS","M","?","?","M","?","E","M","$","T","R","M","?","R","?","R","BOSS","BOSS"],"build_version":"2019-01-23","purchased_purges":3,"victory":true,"max_hp_per_floor":[76,76,76,76,76,76,76,76,76,76,76,76,76,76,76,76,76,76,81,88,88,98,98,98,98,98,98,98,98,98,98,98,98,98,98,98,98,98,98,98,98,98,98,98,98,98,98,98,98,98,98],"card_choices":[{"not_picked":["Ball Lightning","Turbo"],"picked":"Sunder","floor":1.0},{"not_picked":["Go for the Eyes","Rebound"],"picked":"Ball Lightning","floor":3.0},{"not_picked":["Doom and Gloom","Ball Lightning"],"picked":"Turbo","floor":5.0},{"not_picked":["Cold Snap","Turbo","Redo"],"picked":"SKIP","floor":7.0},{"not_picked":["Cold Snap","Turbo","Redo"],"picked":"SKIP","floor":7.0},{"not_picked":["BootSequence","Streamline"],"picked":"Leap","floor":8.0},{"not_picked":["Steam","Sweeping Beam","Cold Snap"],"picked":"SKIP","floor":11.0},{"not_picked":["Steam","Sweeping Beam"],"picked":"Cold Snap","floor":11.0},{"not_picked":["Reprogram","Leap"],"picked":"Hello World","floor":12.0},{"not_picked":["Leap","Static Discharge","Sweeping Beam"],"picked":"SKIP","floor":14.0},{"not_picked":["Machine Learning","Meteor Strike"],"picked":"Amplify","floor":16.0},{"not_picked":["Static Discharge","Storm+1"],"picked":"Capacitor","floor":18.0},{"not_picked":["Blizzard","Recycle"],"picked":"Auto Shields","floor":21.0},{"not_picked":["Streamline","Leap","Coolheaded"],"picked":"SKIP","floor":24.0},{"not_picked":["Streamline","Leap"],"picked":"Coolheaded","floor":24.0},{"not_picked":["Recycle","Auto Shields"],"picked":"Heatsinks","floor":28.0},{"not_picked":["Skim","Hologram"],"picked":"Chill","floor":29.0},{"not_picked":["Barrage","Genetic Algorithm","Leap"],"picked":"SKIP","floor":30.0},{"not_picked":["Ball Lightning+1","Barrage"],"picked":"Static Discharge+1","floor":31.0},{"not_picked":["All For One","Rainbow"],"picked":"Machine Learning","floor":33.0},{"not_picked":["Coolheaded","Sweeping Beam","Fusion"],"picked":"SKIP","floor":35.0},{"not_picked":["Impatience","Panache"],"picked":"Mayhem","floor":36.0},{"not_picked":["Impatience","Dramatic Entrance"],"picked":"Mayhem","floor":36.0},{"not_picked":["Deep Breath","Blind"],"picked":"Panacea","floor":36.0},{"not_picked":["Self Repair+1","Redo+1"],"picked":"Consume","floor":38.0},{"not_picked":["Ball Lightning","Leap+1"],"picked":"Darkness+1","floor":40.0},{"not_picked":["Hologram","Compile Driver"],"picked":"Skim","floor":41.0},{"not_picked":["Hologram","Self Repair","Storm+1"],"picked":"SKIP","floor":45.0},{"not_picked":["Steam+1","Conserve Battery"],"picked":"Heatsinks","floor":46.0}],"player_experience":922186,"relics_obtained":[{"floor":9.0,"key":"Bronze Scales"},{"floor":11.0,"key":"Mummified Hand"},{"floor":14.0,"key":"Smiling Mask"},{"floor":26.0,"key":"Gremlin Horn"},{"floor":40.0,"key":"Potion Belt"}],"event_choices":[{"damage_healed":0.0,"max_hp_gain":0.0,"max_hp_loss":0.0,"gold_gain":0.0,"event_name":"Living Wall","player_choice":"Grow","floor":2.0,"gold_loss":0.0,"damage_taken":0.0,"cards_upgraded":["Sunder"]},{"damage_healed":0.0,"max_hp_gain":0.0,"max_hp_loss":0.0,"gold_gain":0.0,"event_name":"Liars Game","player_choice":"Ignored","floor":4.0,"gold_loss":0.0,"damage_taken":0.0},{"damage_healed":0.0,"max_hp_gain":0.0,"max_hp_loss":0.0,"gold_gain":0.0,"event_name":"Shining Light","player_choice":"Entered Light","floor":6.0,"gold_loss":0.0,"damage_taken":23.0,"cards_upgraded":["Defend_B","Zap"]},{"damage_healed":0.0,"max_hp_gain":5.0,"max_hp_loss":0.0,"gold_gain":0.0,"event_name":"Forgotten Altar","player_choice":"Shed Blood","floor":19.0,"gold_loss":0.0,"damage_taken":27.0},{"cards_removed":["Amplify"],"damage_healed":30.0,"max_hp_gain":10.0,"max_hp_loss":0.0,"gold_gain":0.0,"event_name":"Bonfire Elementals","player_choice":"Offered Rare","floor":22.0,"gold_loss":0.0,"damage_taken":0.0},{"damage_healed":0.0,"max_hp_gain":0.0,"max_hp_loss":0.0,"gold_gain":0.0,"event_name":"SensoryStone","player_choice":"Memory 3","floor":36.0,"gold_loss":0.0,"damage_taken":10.0},{"damage_healed":0.0,"max_hp_gain":0.0,"max_hp_loss":0.0,"gold_gain":0.0,"event_name":"MindBloom","player_choice":"Upgrade","floor":37.0,"gold_loss":0.0,"damage_taken":0.0,"cards_upgraded":["Strike_B","Defend_B","Ball Lightning","Leap","Cold Snap","Hello World","Capacitor","Auto Shields","Chill","Machine Learning","Mayhem","Mayhem","Panacea"],"relics_obtained":["Mark of the Bloom"]},{"damage_healed":0.0,"max_hp_gain":0.0,"max_hp_loss":0.0,"gold_gain":0.0,"event_name":"Accursed Blacksmith","player_choice":"Forge","floor":39.0,"gold_loss":0.0,"damage_taken":0.0,"cards_upgraded":["Consume"]}],"is_beta":false,"boss_relics":[{"not_picked":["FrozenCore","Philosopher\u0027s Stone"],"picked":"Empty Cage"},{"not_picked":["Lizard Tail","Calling Bell"],"picked":"Fusion Hammer"}],"items_purged_floors":[20,42,48],"is_endless":false,"potions_floor_spawned":[1,7,11,18,24,29,30,31,35],"ascension_level":20}