{"gold_per_floor":[109,109,123,4,17,17,32,47,102,102],"floor_reached":10,"playtime":351,"items_purged":["Pain"],"score":120,"play_id":"92f24b5e-8945-4892-a75f-595325f4f16b","local_time":"20190104200951","is_ascension_mode":true,"campfire_choices":[{"data":"Zap","floor":6.0,"key":"SMITH"}],"neow_cost":"NONE","seed_source_timestamp":1748048711058,"circlet_count":0,"master_deck":["AscendersBane","Strike_B","Strike_B","Strike_B","Strike_B","Defend_B","Defend_B","Defend_B","Defend_B","Zap+1","Dualcast","Impatience","Capacitor","Recycle","Genetic Algorithm","Leap","Cold Snap","Glacier"],"special_seed":0,"relics":["Cracked Core","WarpedTongs","Bag of Preparation"],"potions_floor_usage":[],"damage_taken":[{"damage":2.0,"enemies":"Jaw Worm","floor":1.0,"turns":3.0},{"damage":11.0,"enemies":"Cultist","floor":3.0,"turns":4.0},{"damage":4.0,"enemies":"Small Slimes","floor":5.0,"turns":4.0},{"damage":9.0,"enemies":"Blue Slaver","floor":7.0,"turns":4.0},{"damage":0.0,"enemies":"Exordium Wildlife","floor":8.0,"turns":4.0},{"damage":35,"enemies":"Gremlin Nob","floor":10,"turns":4}],"seed_played":"942927375714820403","potions_obtained":[{"floor":7.0,"key":"AttackPotion"}],"is_trial":false,"path_per_floor":["M","?","M","$","M","R","M","M","T","E"],"character_chosen":"DEFECT","items_purchased":["Genetic Algorithm"],"campfire_rested":0,"item_purchase_floors":[4],"current_hp_per_floor":[62,62,51,51,47,47,38,38,38,3],"gold":102,"neow_bonus":"RANDOM_COLORLESS","is_prod":false,"is_daily":false,"chose_seed":false,"campfire_upgraded":1,"win_rate":0,"timestamp":1546603791,"path_taken":["M","?","?","$","?","R","M","M","T","E"],"build_version":"2019-01-03v3","purchased_purges":1,"victory":false,"max_hp_per_floor":[71,71,71,71,71,71,71,71,71,71],"card_choices":[{"not_picked":["Conserve Battery","Compile Driver"],"picked":"Capacitor","floor":1.0},{"not_picked":["Redo","Steam"],"picked":"Recycle","floor":3.0},{"not_picked":["Turbo","Coolheaded"],"picked":"Leap","floor":5.0},{"not_picked":["Hologram","Scrape"],"picked":"Cold Snap","floor":7.0},{"not_picked":["Leap","Steam Power"],"picked":"Glacier","floor":8.0}],"player_experience":667352,"relics_obtained":[{"floor":9.0,"key":"Bag of Preparation"}],"event_choices":[{"damage_healed":0.0,"max_hp_gain":0.0,"max_hp_loss":0.0,"gold_gain":0.0,"event_name":"Accursed Blacksmith","player_choice":"Rummage","floor":2.0,"gold_loss":0.0,"damage_taken":0.0,"relics_obtained":["WarpedTongs"],"cards_obtained":["Pain"]}],"is_beta":true,"boss_relics":[],"items_purged_floors":[4],"is_endless":false,"potions_floor_spawned":[7],"killed_by":"Gremlin Nob","ascension_level":20}