{"gold_per_floor":[210,226,242,259,42,71,71,106,176,176,0,0,0,10,10,89,89,106,106,116,127,146,181,181,91,143,143,198,29,42,58,58,58],"floor_reached":33,"playtime":1536,"items_purged":["Strike_B","Strike_B"],"score":554,"play_id":"ebd234fd-9293-41ba-b435-42c7e312fe93","local_time":"20190615214659","is_ascension_mode":true,"campfire_choices":[{"floor":7.0,"key":"REST"},{"data":"Defragment","floor":10.0,"key":"SMITH"},{"data":"Hologram","floor":15.0,"key":"SMITH"},{"floor":24.0,"key":"REST"},{"data":"Seek","floor":27,"key":"SMITH"},{"data":"Turbo","floor":32,"key":"SMITH"}],"neow_cost":"NONE","seed_source_timestamp":3442424663140,"circlet_count":0,"master_deck":["AscendersBane","Strike_B+1","Defend_B+1","Defend_B+1","Defend_B+1","Defend_B+1","Zap+1","Dualcast+1","Ball Lightning","Hologram+1","Defragment+1","Self Repair","Seek+1","Rainbow","Barrage+1","Biased Cognition+1","Recycle+1","Core Surge","Undo","Turbo+1","Double Energy+1"],"special_seed":0,"relics":["Cracked Core","Potion Belt","Du-Vu Doll","Shuriken","Astrolabe","Orichalcum","theJungle:ParSnip","Bag of Preparation","Art of War"],"potions_floor_usage":[33,33,33,33,33,33,33],"damage_taken":[{"damage":7.0,"enemies":"2 Louse","floor":1.0,"turns":3.0},{"damage":14.0,"enemies":"Jaw Worm","floor":2.0,"turns":4.0},{"damage":1.0,"enemies":"Cultist","floor":3.0,"turns":3.0},{"damage":0.0,"enemies":"3 Louse","floor":4.0,"turns":1.0},{"damage":32.0,"enemies":"3 Sentries","floor":6.0,"turns":6.0},{"damage":12.0,"enemies":"Lagavulin","floor":8.0,"turns":6.0},{"damage":15.0,"enemies":"Blue Slaver","floor":14.0,"turns":4.0},{"damage":1.0,"enemies":"Hexaghost","floor":16.0,"turns":7.0},{"damage":10.0,"enemies":"theJungle:GiantWrat","floor":18.0,"turns":4.0},{"damage":29.0,"enemies":"Shell Parasite","floor":20.0,"turns":5.0},{"damage":23.0,"enemies":"theJungle:2_Flameangoes","floor":21.0,"turns":5.0},{"damage":2.0,"enemies":"Snake Plant","floor":22.0,"turns":3.0},{"damage":10.0,"enemies":"theJungle:2_Phrogs","floor":23.0,"turns":6.0},{"damage":0,"enemies":"theJungle:Lyon","floor":30,"turns":3},{"damage":18,"enemies":"theJungle:2_Snecko_Cultists","floor":31,"turns":3},{"damage":44,"enemies":"theJungle:TotemBoss","floor":33,"turns":8}],"seed_played":"5988062913104801382","potions_obtained":[{"floor":3.0,"key":"Explosive Potion"},{"floor":4.0,"key":"LiquidBronze"},{"floor":6.0,"key":"EntropicBrew"},{"floor":16.0,"key":"Energy Potion"},{"floor":18.0,"key":"GamblersBrew"},{"floor":21.0,"key":"Block Potion"},{"floor":31,"key":"Poison Potion"}],"is_trial":false,"path_per_floor":["M","M","M","M","$","E","R","E","T","R","$","?","?","M","R","B",null,"M","?","M","M","M","E","R","?","T","R","T","$","M","M","R","B"],"character_chosen":"DEFECT","items_purchased":["Doom and Gloom","PowerPotion","Self Repair","Art of War"],"campfire_rested":2,"item_purchase_floors":[5,5,11,29],"current_hp_per_floor":[57,43,42,42,42,10,31,19,19,19,19,19,19,11,11,17,58,55,55,33,17,15,12,33,33,33,33,33,33,40,29,29,0],"gold":58,"neow_bonus":"HUNDRED_GOLD","is_prod":false,"is_daily":false,"chose_seed":false,"campfire_upgraded":4,"win_rate":0,"timestamp":1560606419,"path_taken":["M","M","M","M","$","E","R","E","T","R","$","?","?","M","R","BOSS","M","?","M","?","M","E","R","?","T","R","?","$","?","M","R","BOSS"],"build_version":"2019-01-23","purchased_purges":2,"victory":false,"max_hp_per_floor":[71,71,71,71,71,71,71,71,71,71,71,71,71,71,71,71,71,71,71,71,71,71,71,71,71,71,71,71,71,71,71,71,71],"card_choices":[{"not_picked":["Coolheaded","Heatsinks","Sweeping Beam"],"picked":"SKIP","floor":1.0},{"not_picked":["Redo","Chaos"],"picked":"Ball Lightning","floor":2.0},{"not_picked":["Amplify","Heatsinks"],"picked":"Hologram","floor":3.0},{"not_picked":["Compile Driver","FTL"],"picked":"Go for the Eyes","floor":4.0},{"not_picked":["Streamline","Leap","Hello World"],"picked":"SKIP","floor":6.0},{"not_picked":["Auto Shields","Lockon"],"picked":"Defragment","floor":8.0},{"not_picked":["Sweeping Beam","Auto Shields"],"picked":"Seek","floor":14.0},{"not_picked":["Seek","Core Surge"],"picked":"Rainbow","floor":16.0},{"not_picked":["Ball Lightning","Hologram","Streamline"],"picked":"SKIP","floor":18.0},{"not_picked":["Redo","Steam","Rebound"],"picked":"SKIP","floor":20.0},{"not_picked":["Compile Driver","Cold Snap+1"],"picked":"Core Surge","floor":21.0},{"not_picked":["Redo","Ball Lightning","Gash"],"picked":"SKIP","floor":22.0},{"not_picked":["Sunder","Sweeping Beam"],"picked":"Undo","floor":23.0},{"not_picked":["Hologram","Static Discharge"],"picked":"Turbo","floor":30},{"not_picked":["Rip and Tear","Aggregate"],"picked":"Double Energy+1","floor":31}],"player_experience":987631,"relics_obtained":[{"floor":6.0,"key":"Potion Belt"},{"floor":8.0,"key":"Du-Vu Doll"},{"floor":9.0,"key":"Shuriken"},{"floor":23.0,"key":"Orichalcum"},{"floor":26,"key":"Bag of Preparation"}],"event_choices":[{"damage_healed":0.0,"max_hp_gain":0.0,"max_hp_loss":0.0,"gold_gain":0.0,"event_name":"Liars Game","player_choice":"Ignored","floor":12.0,"gold_loss":0.0,"damage_taken":0.0},{"damage_healed":0.0,"max_hp_gain":0.0,"max_hp_loss":0.0,"gold_gain":0.0,"event_name":"The Cleric","player_choice":"Leave","floor":13.0,"gold_loss":0.0,"damage_taken":0.0},{"damage_healed":0.0,"max_hp_gain":0.0,"max_hp_loss":0.0,"gold_gain":0.0,"event_name":"Match and Keep!","player_choice":"0 cards matched","floor":19.0,"gold_loss":0.0,"damage_taken":0.0,"cards_obtained":[]}],"is_beta":false,"boss_relics":[{"not_picked":["Tiny House","Nuclear Battery"],"picked":"Astrolabe"}],"items_purged_floors":[5,11],"is_endless":false,"potions_floor_spawned":[3,4,6,16,18,21,31],"killed_by":"theJungle:TotemBoss","ascension_level":20}