{"gold_per_floor":[117,127,137,149,159,159,174,185,211,223,335,374,386,410,422,434],"floor_reached":16,"playtime":1437,"items_purged":[],"score":106,"play_id":"75572a58-415c-4ab5-83e2-99bb16a8f283","local_time":"20190805212546","is_ascension_mode":false,"campfire_choices":[{"data":"Zap","floor":6,"key":"SMITH"},{"floor":13,"key":"REST"},{"floor":15,"key":"REST"}],"neow_cost":"NONE","seed_source_timestamp":0,"circlet_count":0,"master_deck":["Strike_B","Strike_B","Strike_B","Defend_B","Defend_B","Defend_B","Defend_B","Zap+1","Dualcast","Force Field","Fusion","Steam","Sweeping Beam","Skim","Skim","BootSequence","Hologram","Sweeping Beam"],"special_seed":0,"relics":["Cracked Core","MawBank","Potion Belt"],"potions_floor_usage":[12],"damage_taken":[{"damage":0.0,"enemies":"Cultist","floor":1.0,"turns":3.0},{"damage":5.0,"enemies":"Small Slimes","floor":2.0,"turns":5.0},{"damage":5.0,"enemies":"2 Louse","floor":3.0,"turns":4.0},{"damage":5.0,"enemies":"Looter","floor":4.0,"turns":3.0},{"damage":13.0,"enemies":"Lots of Slimes","floor":5.0,"turns":5.0},{"damage":21,"enemies":"Large Slime","floor":7,"turns":6},{"damage":10,"enemies":"Looter","floor":8,"turns":4},{"damage":28,"enemies":"Lagavulin","floor":12,"turns":8},{"damage":10,"enemies":"Gremlin Gang","floor":14,"turns":3},{"damage":48,"enemies":"Slime Boss","floor":16,"turns":6}],"seed_played":"1012025786991400090","potions_obtained":[{"floor":1.0,"key":"AttackPotion"},{"floor":4.0,"key":"FocusPotion"},{"floor":8,"key":"Block Potion"},{"floor":12,"key":"EntropicBrew"}],"is_trial":false,"path_per_floor":["M","M","M","M","M","R","M","M","T","?","?","E","R","M","R","B"],"character_chosen":"DEFECT","items_purchased":[],"campfire_rested":2,"item_purchase_floors":[],"current_hp_per_floor":[75,70,65,60,47,47,26,16,16,41,41,13,35,25,47,0],"gold":434,"neow_bonus":"TRANSFORM_CARD","is_prod":false,"is_daily":false,"chose_seed":false,"campfire_upgraded":1,"win_rate":0.0,"timestamp":1565033146,"path_taken":["M","M","M","M","?","R","M","?","T","?","?","E","R","M","R","BOSS"],"build_version":"2019-07-17","purchased_purges":0,"victory":false,"max_hp_per_floor":[75,75,75,75,75,75,75,75,75,75,75,75,75,75,75,75],"card_choices":[{"not_picked":["Coolheaded","Steam"],"picked":"Fusion","floor":1.0},{"not_picked":["Chaos","Consume"],"picked":"Steam","floor":2.0},{"not_picked":["Barrage","Leap"],"picked":"Sweeping Beam","floor":3.0},{"not_picked":["Rebound","Doom and Gloom"],"picked":"Skim","floor":4.0},{"not_picked":["Steam","Go for the Eyes"],"picked":"Skim","floor":5},{"not_picked":["Gash","Conserve Battery","Leap"],"picked":"SKIP","floor":7},{"not_picked":["Buffer","Doom and Gloom"],"picked":"BootSequence","floor":8},{"not_picked":["Darkness","Melter"],"picked":"Hologram","floor":12},{"not_picked":["Cold Snap","Hello World"],"picked":"Sweeping Beam","floor":14}],"player_experience":12061,"relics_obtained":[{"floor":9,"key":"MawBank"},{"floor":12,"key":"Potion Belt"}],"event_choices":[{"damage_healed":25,"gold_gain":0,"player_choice":"Banana","damage_taken":0,"max_hp_gain":0,"max_hp_loss":0,"event_name":"Big Fish","floor":10,"gold_loss":0},{"damage_healed":0,"gold_gain":100,"player_choice":"Gold","damage_taken":0,"max_hp_gain":0,"max_hp_loss":0,"event_name":"Wheel of Change","floor":11,"gold_loss":0}],"is_beta":false,"boss_relics":[],"items_purged_floors":[],"is_endless":false,"potions_floor_spawned":[1,4,8,12],"killed_by":"Slime Boss","ascension_level":0}