{"gold_per_floor":[114,114,134,144,164,164,175,175,199,211,234,234,264,277,277,379,379,390,390,390,390,400,400,429,448,448,187,187,201,33,43,43,148,148,161,161,78,78,93,93,126,126,177,177,177,197,210,33,33,33],"floor_reached":50,"playtime":4265,"items_purged":["Combust"],"score":517,"play_id":"595dc989-ef8d-4948-af15-3e2eb79f8db3","local_time":"20190805185757","is_ascension_mode":false,"campfire_choices":[{"data":"Infernal Blade","floor":6,"key":"SMITH"},{"data":"Anger","floor":12,"key":"SMITH"},{"data":"Juggernaut","floor":15,"key":"SMITH"},{"data":"Anger","floor":23,"key":"SMITH"},{"data":"Bash","floor":32,"key":"SMITH"},{"floor":40,"key":"REST"},{"floor":45,"key":"REST"},{"floor":49,"key":"REST"}],"neow_cost":"","seed_source_timestamp":1794692169923309,"circlet_count":0,"master_deck":["Strike_R","Strike_R","Strike_R","Strike_R","Strike_R","Defend_R","Defend_R","Bash+1","Ghostly Armor","Infernal Blade","Iron Wave","Infernal Blade+1","Rampage","Anger+1","Rage","Juggernaut+1","Anger+1","Reaper","Iron Wave","Blood for Blood","RitualDagger","Cleave","Rampage+1","Pommel Strike","Master of Strategy","Chrysalis","Impervious","Perfected Strike+1","Whirlwind","Shrug It Off","Mayhem","Trip","Perfected Strike","Headbutt+1","Panache"],"relics":["Burning Blood","Strawberry","Odd Mushroom","Orichalcum","Busted Crown","Bag of Preparation","Regal Pillow","Lizard Tail","Boot","Lantern"],"potions_floor_usage":[31],"damage_taken":[{"damage":8,"enemies":"Jaw Worm","floor":1,"turns":4},{"damage":4,"enemies":"Small Slimes","floor":3,"turns":4},{"damage":0,"enemies":"2 Louse","floor":4,"turns":2},{"damage":23,"enemies":"Large Slime","floor":5,"turns":9},{"damage":12,"enemies":"3 Louse","floor":7,"turns":4},{"damage":5,"enemies":"Exordium Wildlife","floor":10,"turns":5},{"damage":0,"enemies":"The Mushroom Lair","floor":11,"turns":3},{"damage":12,"enemies":"Gremlin Nob","floor":13,"turns":4},{"damage":6,"enemies":"2 Fungi Beasts","floor":14,"turns":4},{"damage":42,"enemies":"The Guardian","floor":16,"turns":8},{"damage":5,"enemies":"Spheric Guardian","floor":18,"turns":3},{"damage":16,"enemies":"Shell Parasite","floor":22,"turns":5},{"damage":35,"enemies":"Gremlin Leader","floor":24,"turns":6},{"damage":22,"enemies":"Centurion and Healer","floor":25,"turns":6},{"damage":12,"enemies":"Snecko","floor":29,"turns":5},{"damage":12,"enemies":"Chosen and Byrds","floor":31,"turns":5},{"damage":64,"enemies":"Champ","floor":33,"turns":10},{"damage":65,"enemies":"3 Darklings","floor":35,"turns":6},{"damage":12,"enemies":"3 Shapes","floor":39,"turns":2},{"damage":95,"enemies":"Giant Head","floor":41,"turns":9},{"damage":20,"enemies":"Jaw Worm Horde","floor":46,"turns":5},{"damage":31,"enemies":"Maw","floor":47,"turns":7},{"damage":105,"enemies":"Awakened One","floor":50,"turns":9}],"seed_played":"7132346200841563245","potions_obtained":[{"floor":1,"key":"AttackPotion"},{"floor":4,"key":"SpeedPotion"},{"floor":7,"key":"PowerPotion"},{"floor":33,"key":"SkillPotion"},{"floor":47,"key":"Ancient Potion"}],"is_trial":false,"path_per_floor":["M","$","M","M","M","R","M","?","T","M","?","R","E","M","R","B",null,"M","?","?","?","M","R","E","M","T","$","?","M","$","M","R","B",null,"M","?","$","?","M","R","E","?","T","$","R","M","M","$","R","B"],"character_chosen":"IRONCLAD","items_purchased":["Master of Strategy","Chrysalis","Whirlwind","Shrug It Off","Panache"],"campfire_rested":3,"item_purchase_floors":[27,30,37,37,48],"current_hp_per_floor":[78,78,80,80,63,63,57,80,87,87,87,87,81,81,81,45,87,87,87,87,81,75,75,59,49,49,49,78,76,76,76,76,18,87,38,76,76,66,60,76,37,37,37,37,74,60,41,41,76,0],"gold":33,"neow_bonus":"","is_prod":false,"is_daily":false,"chose_seed":false,"campfire_upgraded":5,"win_rate":0.0,"timestamp":1565045877,"path_taken":["M","$","M","M","M","R","M","?","T","M","?","R","E","M","R","BOSS","M","?","?","?","M","R","E","M","T","$","?","M","$","M","R","BOSS","M","?","$","?","M","R","E","?","T","?","R","?","M","$","R","BOSS"],"build_version":"2019-07-17","purchased_purges":1,"victory":false,"max_hp_per_floor":[80,80,80,80,80,80,80,80,87,87,87,87,87,87,87,87,87,87,87,87,87,87,87,87,87,87,87,87,87,87,87,87,87,87,87,76,76,76,76,76,76,76,76,76,76,76,76,76,76,76],"card_choices":[{"not_picked":["Rage","Armaments"],"picked":"Ghostly Armor","floor":1},{"not_picked":["Sever Soul","Hemokinesis"],"picked":"Infernal Blade","floor":3},{"not_picked":["Uppercut","Flex"],"picked":"Iron Wave","floor":4},{"not_picked":["Twin Strike","Iron Wave"],"picked":"Infernal Blade","floor":5},{"not_picked":["Rupture","Flex"],"picked":"Rampage","floor":7},{"not_picked":["Rampage","Armaments"],"picked":"Anger","floor":10},{"not_picked":["Warcry","Fiend Fire"],"picked":"Rage","floor":11},{"not_picked":["Whirlwind","Perfected Strike"],"picked":"Juggernaut","floor":13},{"not_picked":["Warcry","Bloodletting"],"picked":"Anger","floor":14},{"not_picked":["Feed","Double Tap"],"picked":"Reaper","floor":16},{"not_picked":[],"picked":"Iron Wave","floor":18},{"not_picked":[],"picked":"Cleave","floor":22},{"not_picked":[],"picked":"Rampage+1","floor":24},{"not_picked":[],"picked":"Pommel Strike","floor":25},{"not_picked":["Pummel"],"picked":"SKIP","floor":29},{"not_picked":["Sword Boomerang"],"picked":"SKIP","floor":31},{"not_picked":[],"picked":"Impervious","floor":33},{"not_picked":[],"picked":"Perfected Strike+1","floor":35},{"not_picked":[],"picked":"Mayhem","floor":38},{"not_picked":[],"picked":"Enlightenment","floor":38},{"not_picked":[],"picked":"Trip","floor":38},{"not_picked":[],"picked":"Perfected Strike","floor":39},{"not_picked":["Anger+1"],"picked":"SKIP","floor":41},{"not_picked":["Sword Boomerang"],"picked":"SKIP","floor":46},{"not_picked":[],"picked":"Headbutt+1","floor":47}],"player_experience":0,"relics_obtained":[{"floor":9,"key":"Strawberry"},{"floor":11,"key":"Odd Mushroom"},{"floor":13,"key":"Orichalcum"},{"floor":24,"key":"Bag of Preparation"},{"floor":26,"key":"Regal Pillow"},{"floor":41,"key":"Boot"},{"floor":43,"key":"Lantern"}],"event_choices":[{"damage_healed":26,"gold_gain":0,"player_choice":"Banana","damage_taken":0,"max_hp_gain":0,"max_hp_loss":0,"event_name":"Big Fish","floor":8,"gold_loss":0},{"damage_healed":0,"gold_gain":0,"player_choice":"Fought Mushrooms","damage_taken":0,"max_hp_gain":0,"max_hp_loss":0,"event_name":"Mushrooms","floor":11,"gold_loss":0},{"damage_healed":0,"gold_gain":0,"cards_transformed":["Defend_R","Defend_R"],"player_choice":"Became Test Subject","damage_taken":0,"max_hp_gain":0,"max_hp_loss":0,"event_name":"Drug Dealer","floor":19,"gold_loss":0,"cards_obtained":["Combust","Blood for Blood"]},{"damage_healed":0,"gold_gain":0,"player_choice":"Ignored","damage_taken":0,"max_hp_gain":0,"max_hp_loss":0,"event_name":"The Mausoleum","floor":20,"gold_loss":0},{"damage_healed":0,"gold_gain":0,"player_choice":"Joined the Cult","damage_taken":6,"max_hp_gain":0,"max_hp_loss":0,"event_name":"Nest","floor":21,"gold_loss":0,"cards_obtained":["RitualDagger"]},{"damage_healed":29,"gold_gain":0,"player_choice":"Heal","damage_taken":0,"max_hp_gain":0,"max_hp_loss":0,"event_name":"The Library","floor":28,"gold_loss":0},{"damage_healed":76,"gold_gain":0,"player_choice":"Heal","damage_taken":0,"max_hp_gain":0,"max_hp_loss":11,"event_name":"The Moai Head","floor":36,"gold_loss":0},{"damage_healed":0,"gold_gain":0,"player_choice":"Memory 3","damage_taken":10,"max_hp_gain":0,"max_hp_loss":0,"event_name":"SensoryStone","floor":38,"gold_loss":0},{"cards_removed":["Enlightenment"],"damage_healed":0,"gold_gain":0,"player_choice":"Removed Skill","damage_taken":0,"max_hp_gain":0,"max_hp_loss":0,"event_name":"Falling","floor":42,"gold_loss":0}],"is_beta":false,"boss_relics":[{"not_picked":["Tiny House","White Beast Statue"],"picked":"Busted Crown"},{"not_picked":["Snecko Eye","Eternal Feather"],"picked":"Lizard Tail"}],"items_purged_floors":[27],"is_endless":false,"potions_floor_spawned":[1,4,7,11,13,24,25,29,33,46,47],"killed_by":"Awakened One","ascension_level":0}