{"gold_per_floor":[217,135,153,103,120,120,149,149,175,192,192,202,202,202,202,304,304,319,330,19,31,43,43,53,70,139,172,172,205,221,234,234,333,333,353,353,217,217,217,217,248,248,301,301,314,190,190,155,155,155],"floor_reached":50,"playtime":2932,"items_purged":["Regret","Strike_R","Defend_R"],"score":535,"play_id":"09bf79f1-9d24-4b1c-884a-e140356b1e8d","local_time":"20190809231314","is_ascension_mode":false,"campfire_choices":[{"data":"Shockwave","floor":6,"key":"SMITH"},{"data":"Combust","floor":8,"key":"SMITH"},{"data":"Clothesline","floor":11,"key":"SMITH"},{"data":"Metallicize","floor":13,"key":"SMITH"},{"data":"Sword Boomerang","floor":15,"key":"SMITH"},{"data":"Inflame","floor":23,"key":"SMITH"},{"floor":28,"key":"REST"},{"floor":32,"key":"REST"},{"data":"Battle Trance","floor":40,"key":"SMITH"},{"floor":42,"key":"REST"},{"floor":47,"key":"REST"},{"data":"Madness","floor":49,"key":"SMITH"}],"neow_cost":"NONE","seed_source_timestamp":183036674115723,"circlet_count":0,"master_deck":["Strike_R","Strike_R","Defend_R","Defend_R","Defend_R","Bash","Shockwave+1","Combust+1","Inflame+1","Ghostly Armor","Clothesline+1","Sword Boomerang+1","Metallicize+1","Reaper+1","Flame Barrier+1","Battle Trance+1","Thunderclap+1","Shrug It Off+1","Seeing Red+1","Inflame+1","Spot Weakness","Rampage+1","Heavy Blade+1","Anger+1","Pommel Strike+1","Impervious","Dual Wield+1","Inflame+1","Panache+1","Madness+1","Madness","Whirlwind+1","Inflame+1"],"relics":["Black Blood","Orichalcum","Smiling Mask","Molten Egg 2","Eternal Feather","Chemical X","Dodecahedron","Frozen Egg 2","Shuriken","Bottled Tornado","Bag of Preparation"],"potions_floor_usage":[7,12,18,22,27,27,30,33,33,41,50,50,50],"damage_taken":[{"damage":5,"enemies":"Cultist","floor":1,"turns":4},{"damage":2,"enemies":"Small Slimes","floor":3,"turns":3},{"damage":3,"enemies":"Jaw Worm","floor":5,"turns":4},{"damage":20,"enemies":"3 Sentries","floor":7,"turns":8},{"damage":12,"enemies":"Large Slime","floor":10,"turns":9},{"damage":2,"enemies":"2 Fungi Beasts","floor":12,"turns":3},{"damage":35,"enemies":"Hexaghost","floor":16,"turns":11},{"damage":13,"enemies":"Spheric Guardian","floor":18,"turns":4},{"damage":13,"enemies":"Shell Parasite","floor":19,"turns":7},{"damage":2,"enemies":"Snecko","floor":21,"turns":6},{"damage":25,"enemies":"3 Cultists","floor":22,"turns":7},{"damage":23,"enemies":"Shelled Parasite and Fungi","floor":24,"turns":5},{"damage":19,"enemies":"Snecko","floor":25,"turns":7},{"damage":31,"enemies":"Slavers","floor":27,"turns":5},{"damage":35,"enemies":"Gremlin Leader","floor":29,"turns":7},{"damage":5,"enemies":"Chosen and Byrds","floor":30,"turns":6},{"damage":14,"enemies":"Snake Plant","floor":31,"turns":3},{"damage":81,"enemies":"Automaton","floor":33,"turns":9},{"damage":2,"enemies":"3 Darklings","floor":35,"turns":5},{"damage":22,"enemies":"Reptomancer","floor":41,"turns":4},{"damage":24,"enemies":"Orb Walker","floor":45,"turns":6},{"damage":101,"enemies":"Awakened One","floor":50,"turns":15}],"seed_played":"-3131430741373244092","potions_obtained":[{"floor":5,"key":"Regen Potion"},{"floor":7,"key":"SkillPotion"},{"floor":12,"key":"Swift Potion"},{"floor":16,"key":"Poison Potion"},{"floor":18,"key":"Ancient Potion"},{"floor":22,"key":"Dexterity Potion"},{"floor":24,"key":"SkillPotion"},{"floor":27,"key":"SteroidPotion"},{"floor":30,"key":"Weak Potion"},{"floor":33,"key":"Poison Potion"},{"floor":35,"key":"Explosive Potion"},{"floor":45,"key":"GamblersBrew"}],"is_trial":false,"path_per_floor":["M","$","M","?","M","R","E","R","T","M","R","M","R","?","R","B",null,"M","M","$","M","M","R","M","M","T","E","R","E","M","M","R","B",null,"M","?","$","?","?","R","E","R","T","?","M","$","R","$","R","B"],"character_chosen":"IRONCLAD","items_purchased":["Combust","Thunderclap+1","Chemical X","PowerPotion","Inflame+1","Whirlwind+1","Inflame+1"],"campfire_rested":4,"item_purchase_floors":[2,20,20,37,37,46,48],"current_hp_per_floor":[80,80,80,80,80,80,80,80,80,74,74,78,78,78,78,49,80,73,66,66,77,71,80,74,72,72,47,80,51,70,62,80,31,80,80,80,80,80,80,80,68,80,80,70,61,61,80,80,80,0],"gold":155,"neow_bonus":"HUNDRED_GOLD","is_prod":false,"is_daily":false,"chose_seed":false,"campfire_upgraded":8,"win_rate":0,"timestamp":1565406794,"path_taken":["M","$","M","?","M","R","E","R","T","M","R","M","R","?","R","BOSS","M","M","$","M","M","R","M","M","T","E","R","E","M","M","R","BOSS","M","?","$","?","?","R","E","R","T","?","M","$","R","?","R","BOSS"],"build_version":"2019-07-17","purchased_purges":3,"victory":false,"max_hp_per_floor":[80,80,80,80,80,80,80,80,80,80,80,80,80,80,80,80,80,80,80,80,80,80,80,80,80,80,80,80,80,80,80,80,80,80,80,80,80,80,80,80,80,80,80,80,80,80,80,80,80,80],"card_choices":[{"not_picked":["Pommel Strike","Perfected Strike"],"picked":"Shockwave","floor":1},{"not_picked":["Disarm","Sword Boomerang"],"picked":"Inflame","floor":3},{"not_picked":["Armaments","Twin Strike"],"picked":"Ghostly Armor","floor":5},{"not_picked":["Reckless Charge","Twin Strike"],"picked":"Clothesline","floor":7},{"not_picked":["Headbutt","Blood for Blood"],"picked":"Sword Boomerang","floor":10},{"not_picked":["Pommel Strike","Dual Wield"],"picked":"Metallicize","floor":12},{"not_picked":["Brutality","Double Tap"],"picked":"Reaper+1","floor":16},{"not_picked":["True Grit","Flex"],"picked":"Flame Barrier+1","floor":18},{"not_picked":["Anger+1","Thunderclap+1"],"picked":"Battle Trance","floor":19},{"not_picked":["Shockwave","Clothesline+1"],"picked":"Shrug It Off+1","floor":21},{"not_picked":["Fire Breathing","Twin Strike+1"],"picked":"Seeing Red+1","floor":22},{"not_picked":["Dual Wield+1","Feel No Pain+1"],"picked":"Inflame+1","floor":24},{"not_picked":["Reckless Charge+1","Cleave+1"],"picked":"Spot Weakness","floor":25},{"not_picked":["Inflame","Shockwave"],"picked":"Rampage+1","floor":27},{"not_picked":["Anger+1","Juggernaut+1"],"picked":"Heavy Blade+1","floor":29},{"not_picked":["Seeing Red","Perfected Strike+1"],"picked":"Anger+1","floor":30},{"not_picked":["True Grit","Carnage+1"],"picked":"Pommel Strike+1","floor":31},{"not_picked":["Dark Embrace+1","Brutality+1"],"picked":"Impervious","floor":33},{"not_picked":["Headbutt+1","Feel No Pain+1"],"picked":"Dual Wield+1","floor":35},{"not_picked":["Deep Breath","Flash of Steel+1"],"picked":"Panache+1","floor":38},{"not_picked":["Sword Boomerang+1","Thunderclap+1","Twin Strike+1"],"picked":"SKIP","floor":41},{"not_picked":["Armaments","Pommel Strike+1","Headbutt+1"],"picked":"SKIP","floor":45}],"player_experience":41713,"relics_obtained":[{"floor":7,"key":"Orichalcum"},{"floor":9,"key":"Smiling Mask"},{"floor":26,"key":"Dodecahedron"},{"floor":27,"key":"Frozen Egg 2"},{"floor":29,"key":"Shuriken"},{"floor":41,"key":"Bottled Tornado"},{"floor":43,"key":"Bag of Preparation"}],"event_choices":[{"cards_removed":["Strike_R"],"damage_healed":0,"gold_gain":0,"player_choice":"Card Removal","damage_taken":0,"max_hp_gain":0,"max_hp_loss":0,"event_name":"The Cleric","floor":4,"gold_loss":50},{"damage_healed":0,"gold_gain":0,"player_choice":"Box","damage_taken":0,"relics_obtained":["Molten Egg 2"],"max_hp_gain":0,"max_hp_loss":0,"event_name":"Big Fish","floor":14,"gold_loss":0,"cards_obtained":["Regret"]},{"cards_removed":["Strike_R"],"damage_healed":0,"gold_gain":0,"player_choice":"Removed Attack","damage_taken":0,"max_hp_gain":0,"max_hp_loss":0,"event_name":"Falling","floor":36,"gold_loss":0},{"damage_healed":0,"gold_gain":0,"player_choice":"Memory 1","damage_taken":0,"max_hp_gain":0,"max_hp_loss":0,"event_name":"SensoryStone","floor":38,"gold_loss":0},{"damage_healed":0,"gold_gain":0,"player_choice":"Ignored","damage_taken":0,"max_hp_gain":0,"max_hp_loss":0,"event_name":"Mysterious Sphere","floor":39,"gold_loss":0},{"damage_healed":0,"gold_gain":0,"player_choice":"Embrace Madness","damage_taken":10,"max_hp_gain":0,"max_hp_loss":0,"event_name":"Winding Halls","floor":44,"gold_loss":0,"cards_obtained":["Madness","Madness"]}],"is_beta":false,"boss_relics":[{"not_picked":["Tiny House","Snecko Eye"],"picked":"Eternal Feather"},{"not_picked":["Fusion Hammer","Runic Pyramid"],"picked":"Black Blood"}],"items_purged_floors":[20,37,46],"is_endless":false,"potions_floor_spawned":[5,7,12,16,18,22,24,27,30,33,35,45],"killed_by":"Awakened One","ascension_level":0}