{"gold_per_floor":[110,124,124,136,56,56,71,71,96,96,39,59,59,76,76,175,175,175],"floor_reached":18,"playtime":578,"items_purged":[],"score":243,"play_id":"9ad429e7-564c-44c7-a2dc-78ef4857b834","local_time":"20180830134542","is_ascension_mode":true,"campfire_choices":[{"data":"Tempest","floor":6,"key":"SMITH"},{"data":"Dualcast","floor":8,"key":"SMITH"},{"data":"Zap","floor":10,"key":"SMITH"},{"data":"Hologram","floor":13,"key":"SMITH"},{"data":"Conserve Battery","floor":15,"key":"SMITH"}],"neow_cost":"","seed_source_timestamp":0,"circlet_count":0,"master_deck":["Strike_B","Strike_B","Strike_B","Defend_B","Defend_B","Defend_B","Defend_B","Zap+1","Dualcast+1","AscendersBane","BootSequence","Tempest+1","Scrape","Ball Lightning","Capacitor","Hologram+1","Conserve Battery+1","Creative AI"],"special_seed":0,"relics":["Cracked Core","Ancient Tea Set","DataDisk","Eternal Feather"],"potions_floor_usage":[],"damage_taken":[{"damage":1.0,"enemies":"Cultist","floor":1.0,"turns":3.0},{"damage":4.0,"enemies":"Jaw Worm","floor":2.0,"turns":3.0},{"damage":4,"enemies":"2 Louse","floor":4,"turns":3},{"damage":11,"enemies":"Exordium Wildlife","floor":7,"turns":4},{"damage":2,"enemies":"3 Louse","floor":12,"turns":3},{"damage":1,"enemies":"Exordium Thugs","floor":14,"turns":3},{"damage":21,"enemies":"Hexaghost","floor":16,"turns":9},{"damage":30,"enemies":"Shell Parasite","floor":18,"turns":4}],"seed_played":"-6118681138422719702","potions_obtained":[{"floor":1.0,"key":"Energy Potion"},{"floor":4,"key":"Poison Potion"},{"floor":7,"key":"Fire Potion"}],"is_trial":false,"path_per_floor":["M","M","?","M","$","R","M","R","T","R","?","M","R","M","R","B",null],"character_chosen":"DEFECT","items_purchased":["Capacitor"],"campfire_rested":0,"item_purchase_floors":[5],"current_hp_per_floor":[67,63,63,59,59,59,48,48,48,48,48,46,46,45,45,24,62,32],"gold":175,"neow_bonus":"","is_prod":false,"is_daily":false,"chose_seed":false,"campfire_upgraded":5,"win_rate":0,"timestamp":1535607942,"path_taken":["M","?","?","M","$","R","M","R","T","R","?","M","R","M","R","BOSS","M"],"build_version":"2018-08-28","purchased_purges":0,"victory":false,"max_hp_per_floor":[75,75,75,75,75,75,75,75,75,75,75,75,75,75,75,75,75,75],"card_choices":[{"not_picked":["Scrape","Steam"],"picked":"BootSequence","floor":1.0},{"not_picked":["Compile Driver","Conserve Battery"],"picked":"Tempest","floor":2.0},{"not_picked":["Steam","Scrape"],"picked":"Ball Lightning","floor":4},{"not_picked":["Double Energy","Multi-Cast","Conserve Battery"],"picked":"SKIP","floor":7},{"not_picked":["Streamline","Storm"],"picked":"Hologram","floor":12},{"not_picked":["Tempest","Compile Driver"],"picked":"Conserve Battery","floor":14},{"not_picked":["Meteor Strike","All For One"],"picked":"Creative AI","floor":16}],"player_experience":276725,"relics_obtained":[{"floor":9,"key":"Ancient Tea Set"}],"event_choices":[{"event_name":"Living Wall","player_choice":"Change","floor":3,"damage_taken":0},{"event_name":"WeMeetAgain","player_choice":"Gold","floor":11,"damage_taken":0}],"is_beta":true,"boss_relics":[{"not_picked":["Runic Pyramid","Philosopher\u0027s Stone"],"picked":"Eternal Feather"}],"items_purged_floors":[],"is_endless":false,"potions_floor_spawned":[1,4,7,12],"killed_by":"Shell Parasite","ascension_level":12}