{"gold_per_floor":[117,23,23,23,35,35,54,54,54,89,101,121,121,133,133,206,206,226,226,36,0,11,11,11,23,23,41,41,72,72,90,90,90],"floor_reached":33,"playtime":1287,"items_purged":["Strike_B"],"score":584,"play_id":"7c29f877-c41c-4651-a85f-282ec7fc157b","local_time":"20181230122126","is_ascension_mode":true,"campfire_choices":[{"data":"Loop","floor":6.0,"key":"SMITH"},{"data":"Redo","floor":8.0,"key":"SMITH"},{"data":"Reinforced Body","floor":13.0,"key":"SMITH"},{"data":"Zap","floor":15.0,"key":"SMITH"},{"data":"Coolheaded","floor":23.0,"key":"SMITH"},{"data":"Defragment","floor":28.0,"key":"SMITH"},{"data":"Chaos","floor":30.0,"key":"SMITH"},{"data":"Lockon","floor":32.0,"key":"SMITH"}],"neow_cost":"NONE","seed_source_timestamp":0,"circlet_count":0,"master_deck":["AscendersBane","Strike_B","Strike_B","Strike_B","Defend_B","Defend_B","Defend_B","Defend_B","Zap+1","Dualcast","Thunder Strike","Cold Snap","Redo+1","Loop+1","Coolheaded+1","Doom and Gloom","Undo","Reinforced Body+1","Biased Cognition","Glacier","Ball Lightning","Self Repair","Defragment+1","Lockon+1","Chaos+1"],"special_seed":0,"relics":["Cracked Core","Potion Belt","Ancient Tea Set","Runic Pyramid","Bottled Flame","Pear"],"potions_floor_usage":[],"damage_taken":[{"damage":4.0,"enemies":"Small Slimes","floor":1.0,"turns":3.0},{"damage":0.0,"enemies":"2 Louse","floor":5.0,"turns":2.0},{"damage":0.0,"enemies":"Cultist","floor":7.0,"turns":3.0},{"damage":24.0,"enemies":"Gremlin Nob","floor":10.0,"turns":4.0},{"damage":4.0,"enemies":"Gremlin Gang","floor":11.0,"turns":3.0},{"damage":4.0,"enemies":"2 Fungi Beasts","floor":12.0,"turns":2.0},{"damage":7.0,"enemies":"3 Louse","floor":14.0,"turns":4.0},{"damage":4.0,"enemies":"The Guardian","floor":16.0,"turns":8.0},{"damage":27.0,"enemies":"3 Byrds","floor":18.0,"turns":5.0},{"damage":5.0,"enemies":"Spheric Guardian","floor":22.0,"turns":4.0},{"damage":10.0,"enemies":"Centurion and Healer","floor":25.0,"turns":8.0},{"damage":8.0,"enemies":"Chosen and Byrds","floor":27.0,"turns":6.0},{"damage":7.0,"enemies":"Book of Stabbing","floor":29.0,"turns":4.0},{"damage":9.0,"enemies":"Snake Plant","floor":31.0,"turns":5.0},{"damage":35,"enemies":"Automaton","floor":33,"turns":8}],"seed_played":"5719945863718093251","potions_obtained":[{"floor":7.0,"key":"EssenceOfSteel"},{"floor":10.0,"key":"AttackPotion"},{"floor":14.0,"key":"Strength Potion"},{"floor":16.0,"key":"AttackPotion"},{"floor":22.0,"key":"GamblersBrew"},{"floor":25.0,"key":"EssenceOfSteel"},{"floor":27.0,"key":"Regen Potion"}],"is_trial":false,"path_per_floor":["M","$","?","M","R","M","R","T","E","M","M","R","M","R",null,"M","?","$","?","M","R","?","M","T","M","R","R","M","R"],"character_chosen":"DEFECT","items_purchased":["Redo","Loop","Ball Lightning","Self Repair"],"campfire_rested":0,"item_purchase_floors":[2,2,20,20],"current_hp_per_floor":[60,60,60,60,60,60,60,60,60,36,32,28,28,21,21,17,58,31,31,31,31,33,33,33,30,30,29,29,44,44,35,35,0],"gold":90,"neow_bonus":"ONE_RANDOM_RARE_CARD","is_prod":false,"is_daily":false,"chose_seed":false,"campfire_upgraded":8,"win_rate":0,"timestamp":1546143686,"path_taken":["M","$","?","?","M","R","?","R","T","E","?","M","R","M","R","BOSS","M","?","$","?","M","R","?","M","T","?","R","E","R","M","R","BOSS"],"build_version":"2018-12-25","purchased_purges":1,"victory":false,"max_hp_per_floor":[71,71,71,71,71,71,71,71,71,71,71,71,71,71,71,71,71,71,71,71,71,71,71,71,71,71,71,71,81,81,81,81,81],"card_choices":[{"not_picked":["Leap","Chill"],"picked":"Cold Snap","floor":1.0},{"not_picked":["Conserve Battery","Gash"],"picked":"Coolheaded","floor":5.0},{"not_picked":["Turbo","Beam Cell"],"picked":"Doom and Gloom","floor":7.0},{"not_picked":["Compile Driver","Creative AI"],"picked":"Undo","floor":10.0},{"not_picked":["Force Field","Turbo","Genetic Algorithm"],"picked":"SKIP","floor":11.0},{"not_picked":["Fusion","Conserve Battery"],"picked":"Reinforced Body","floor":12.0},{"not_picked":["Turbo","Redo","Compile Driver"],"picked":"SKIP","floor":14.0},{"not_picked":["Reboot","Hyperbeam"],"picked":"Biased Cognition","floor":16.0},{"not_picked":["Conserve Battery","Beam Cell"],"picked":"Glacier","floor":18.0},{"not_picked":["Go for the Eyes","Steam","Blizzard"],"picked":"SKIP","floor":22.0},{"not_picked":["Hello World","Rebound"],"picked":"Defragment","floor":25.0},{"not_picked":["Gash+1","Rebound"],"picked":"Lockon","floor":27.0},{"not_picked":["Hologram","Cold Snap"],"picked":"Chaos","floor":29.0},{"not_picked":["Turbo","Go for the Eyes","Barrage+1"],"picked":"SKIP","floor":31.0}],"player_experience":643305,"relics_obtained":[{"floor":9.0,"key":"Potion Belt"},{"floor":10.0,"key":"Ancient Tea Set"},{"floor":26.0,"key":"Bottled Flame"},{"floor":29.0,"key":"Pear"}],"event_choices":[{"damage_healed":0.0,"max_hp_gain":0.0,"max_hp_loss":0.0,"gold_gain":0.0,"event_name":"The Cleric","player_choice":"Leave","floor":3.0,"gold_loss":0.0,"damage_taken":0.0},{"damage_healed":0.0,"max_hp_gain":0.0,"max_hp_loss":0.0,"gold_gain":0.0,"event_name":"WeMeetAgain","player_choice":"Ignored","floor":4.0,"gold_loss":0.0,"damage_taken":0.0},{"damage_healed":0.0,"max_hp_gain":0.0,"max_hp_loss":0.0,"gold_gain":0.0,"event_name":"Vampires","player_choice":"Ignored","floor":19.0,"gold_loss":0.0,"damage_taken":0.0},{"damage_healed":0.0,"max_hp_gain":0.0,"max_hp_loss":0.0,"gold_gain":0.0,"event_name":"Masked Bandits","player_choice":"Paid Fearfully","floor":21.0,"gold_loss":36.0,"damage_taken":0.0},{"damage_healed":0.0,"max_hp_gain":0.0,"max_hp_loss":0.0,"gold_gain":0.0,"event_name":"Beggar","player_choice":"Ignored","floor":24.0,"gold_loss":0.0,"damage_taken":0.0}],"is_beta":true,"boss_relics":[{"not_picked":["Busted Crown","Fusion Hammer"],"picked":"Runic Pyramid"}],"items_purged_floors":[20],"is_endless":false,"potions_floor_spawned":[7,10,14,16,22,25,27],"killed_by":"Automaton","ascension_level":20}