{"gold_per_floor":[115,130,142,152,4,4,16,34,114,114,14,14,25,100,100,197,197,217,217,92,112,123,123,123,139,162,193,193,193,208,6,6,106,106,117,130,130,140,140,140,140,140,164,177,177,177,194,207,207,207],"floor_reached":50,"playtime":6111,"items_purged":["Strike_G","Strike_G","Strike_G"],"score":506,"play_id":"1e565151-78ca-4f86-83bb-d2d2c8285ff7","local_time":"20190802133933","is_ascension_mode":false,"campfire_choices":[{"data":"Noxious Fumes","floor":6,"key":"SMITH"},{"data":"Neutralize","floor":10,"key":"SMITH"},{"data":"Survivor","floor":15,"key":"SMITH"},{"data":"After Image","floor":23,"key":"SMITH"},{"data":"Defend_G","floor":29,"key":"SMITH"},{"data":"Defend_G","floor":32,"key":"SMITH"},{"data":"Defend_G","floor":40,"key":"SMITH"},{"data":"Defend_G","floor":42,"key":"SMITH"},{"data":"Defend_G","floor":46,"key":"SMITH"},{"data":"Envenom","floor":49,"key":"SMITH"}],"neow_cost":"NONE","seed_source_timestamp":12041043694662,"circlet_count":0,"master_deck":["Defend_G+1","Defend_G+1","Defend_G+1","Defend_G+1","Defend_G+1","Survivor+1","Neutralize+1","Deadly Poison","Deadly Poison","Poisoned Stab","Noxious Fumes+1","Poisoned Stab","Well Laid Plans","Envenom+1","After Image+1","Deadly Poison","Poisoned Stab","Blur+1"],"relics":["Coffee Dripper","Matryoshka","Eternal Feather","Juzu Bracelet","Bag of Marbles","Ginger","PreservedInsect","Dodecahedron","TheAbacus","Snecko Eye","Bag of Preparation","Sundial"],"potions_floor_usage":[33,33,50,50,50],"damage_taken":[{"damage":0,"enemies":"Small Slimes","floor":1,"turns":4},{"damage":0,"enemies":"Jaw Worm","floor":2,"turns":4},{"damage":4,"enemies":"Cultist","floor":3,"turns":4},{"damage":13,"enemies":"Large Slime","floor":4,"turns":8},{"damage":6,"enemies":"Exordium Wildlife","floor":7,"turns":4},{"damage":6,"enemies":"3 Louse","floor":8,"turns":3},{"damage":4,"enemies":"Red Slaver","floor":13,"turns":4},{"damage":1,"enemies":"Hexaghost","floor":16,"turns":7},{"damage":11,"enemies":"Spheric Guardian","floor":18,"turns":4},{"damage":2,"enemies":"3 Byrds","floor":21,"turns":7},{"damage":8,"enemies":"Snake Plant","floor":22,"turns":5},{"damage":10,"enemies":"Sentry and Sphere","floor":25,"turns":5},{"damage":31,"enemies":"Book of Stabbing","floor":27,"turns":7},{"damage":28,"enemies":"Cultist and Chosen","floor":30,"turns":8},{"damage":0,"enemies":"Automaton","floor":33,"turns":9},{"damage":10,"enemies":"Orb Walker","floor":35,"turns":4},{"damage":6,"enemies":"3 Darklings","floor":36,"turns":8},{"damage":25,"enemies":"Transient","floor":38,"turns":5},{"damage":0,"enemies":"4 Shapes","floor":44,"turns":6},{"damage":11,"enemies":"Sphere and 2 Shapes","floor":47,"turns":6},{"damage":0,"enemies":"Spire Growth","floor":48,"turns":5},{"damage":68,"enemies":"Time Eater","floor":50,"turns":11}],"seed_played":"-2304912889383988748","potions_obtained":[{"floor":2,"key":"Poison Potion"},{"floor":3,"key":"EssenceOfSteel"},{"floor":4,"key":"Block Potion"},{"floor":16,"key":"SpeedPotion"},{"floor":22,"key":"GhostInAJar"},{"floor":33,"key":"GamblersBrew"},{"floor":36,"key":"Poison Potion"}],"is_trial":false,"path_per_floor":["M","M","M","M","$","R","M","M","T","R","$","?","M","?","R","B",null,"M","?","$","M","M","R","?","M","T","E","T","R","M","$","R","B",null,"M","M","$","M","?","R","?","R","T","M","T","R","M","M","R","B"],"character_chosen":"THE_SILENT","items_purchased":["Noxious Fumes","TheAbacus"],"campfire_rested":0,"item_purchase_floors":[5,31],"current_hp_per_floor":[70,70,66,53,53,53,47,41,41,41,41,41,37,26,26,25,70,59,59,59,57,49,58,70,60,60,29,29,38,10,10,19,19,70,60,54,54,29,61,61,61,61,61,61,61,61,50,50,59,0],"gold":207,"neow_bonus":"BOSS_RELIC","is_prod":false,"is_daily":false,"chose_seed":false,"campfire_upgraded":10,"win_rate":0.0,"timestamp":1564742373,"path_taken":["M","M","M","M","$","R","M","M","T","R","$","?","M","?","R","BOSS","M","?","$","M","M","R","?","M","T","E","?","R","M","$","R","BOSS","M","M","$","M","?","R","?","R","T","M","?","R","M","M","R","BOSS"],"build_version":"2019-07-17","purchased_purges":3,"victory":false,"max_hp_per_floor":[70,70,70,70,70,70,70,70,70,70,70,70,70,70,70,70,70,70,70,70,70,70,70,70,70,70,70,70,70,70,70,70,70,70,70,70,70,70,61,61,61,61,61,61,61,61,61,61,61,61],"card_choices":[{"not_picked":["Crippling Poison","Slice"],"picked":"Deadly Poison","floor":1},{"not_picked":["Calculated Gamble","Dagger Spray","PiercingWail"],"picked":"SKIP","floor":2},{"not_picked":["Backflip","Terror"],"picked":"Deadly Poison","floor":3},{"not_picked":["PiercingWail","Deflect"],"picked":"Poisoned Stab","floor":4},{"not_picked":["Flying Knee","Expertise","Sucker Punch"],"picked":"SKIP","floor":7},{"not_picked":["Underhanded Strike","Tactician"],"picked":"Poisoned Stab","floor":8},{"not_picked":["Acrobatics","Outmaneuver"],"picked":"Unload","floor":13},{"not_picked":["Finisher","Caltrops"],"picked":"Well Laid Plans","floor":18},{"not_picked":["Acrobatics","Choke","Backstab"],"picked":"SKIP","floor":21},{"not_picked":["PiercingWail","Quick Slash","Dodge and Roll+1"],"picked":"SKIP","floor":22},{"not_picked":["Distraction+1","Dash+1","Crippling Poison"],"picked":"SKIP","floor":25},{"not_picked":["Sucker Punch","Terror"],"picked":"Deadly Poison","floor":27},{"not_picked":["Acrobatics","Prepared"],"picked":"Poisoned Stab","floor":30},{"not_picked":["Blade Dance","Dagger Throw","PiercingWail"],"picked":"SKIP","floor":35},{"not_picked":["Caltrops+1","Acrobatics","Backstab+1"],"picked":"SKIP","floor":36},{"not_picked":["Footwork+1","Dagger Spray"],"picked":"Blur+1","floor":38},{"not_picked":["Blade Dance+1","Acrobatics","Flechettes"],"picked":"SKIP","floor":44},{"not_picked":["Reflex+1","Dagger Throw","Quick Slash"],"picked":"SKIP","floor":47},{"not_picked":["Sucker Punch+1","Endless Agony","Well Laid Plans+1"],"picked":"SKIP","floor":48}],"player_experience":22021,"relics_obtained":[{"floor":9,"key":"Matryoshka"},{"floor":26,"key":"Juzu Bracelet"},{"floor":26,"key":"Bag of Marbles"},{"floor":27,"key":"Ginger"},{"floor":28,"key":"PreservedInsect"},{"floor":28,"key":"Dodecahedron"},{"floor":43,"key":"Bag of Preparation"},{"floor":45,"key":"Sundial"}],"event_choices":[{"damage_healed":0,"gold_gain":0,"player_choice":"Ignored","damage_taken":0,"max_hp_gain":0,"max_hp_loss":0,"event_name":"Shining Light","floor":12,"gold_loss":0},{"damage_healed":0,"gold_gain":75,"player_choice":"Gather Gold","damage_taken":11,"max_hp_gain":0,"max_hp_loss":0,"event_name":"World of Goop","floor":14,"gold_loss":0},{"damage_healed":0,"gold_gain":0,"cards_transformed":["Strike_G","Strike_G"],"player_choice":"Became Test Subject","damage_taken":0,"max_hp_gain":0,"max_hp_loss":0,"event_name":"Drug Dealer","floor":19,"gold_loss":0,"cards_obtained":["Envenom","After Image"]},{"damage_healed":23,"gold_gain":0,"player_choice":"Heal","damage_taken":0,"max_hp_gain":0,"max_hp_loss":0,"event_name":"The Library","floor":24,"gold_loss":0},{"damage_healed":61,"gold_gain":0,"player_choice":"Heal","damage_taken":0,"max_hp_gain":0,"max_hp_loss":9,"event_name":"The Moai Head","floor":39,"gold_loss":0},{"cards_removed":["Unload"],"damage_healed":0,"gold_gain":0,"player_choice":"Removed Attack","damage_taken":0,"max_hp_gain":0,"max_hp_loss":0,"event_name":"Falling","floor":41,"gold_loss":0}],"is_beta":false,"boss_relics":[{"not_picked":["WristBlade","Cursed Key"],"picked":"Eternal Feather"},{"not_picked":["Busted Crown","Calling Bell"],"picked":"Snecko Eye"}],"items_purged_floors":[5,11,20],"is_endless":false,"potions_floor_spawned":[2,3,4,16,22,25,30,33,36,48],"killed_by":"Time Eater","ascension_level":0}