{"gold_per_floor":[117,117,117,129,0,0,31,31,31,64,75,87,87,87,87,178,178,202,202,127,49,69,69,104,124,150,18,42,42,66,82,82,176,176,201,201,201,201,201,236,252,93,93,93,116,156,156,489,489,489,489,489,489,83,83],"floor_reached":55,"playtime":2941,"items_purged":["Auto Shields"],"score":1952,"play_id":"e7daf16e-fb89-4a61-ba10-e2923f992579","local_time":"20181230170709","is_ascension_mode":true,"campfire_choices":[{"data":"Zap","floor":6.0,"key":"SMITH"},{"data":"Darkness","floor":8.0,"key":"SMITH"},{"data":"Loop","floor":13.0,"key":"SMITH"},{"data":"Dualcast","floor":15.0,"key":"SMITH"},{"data":"Defragment","floor":23.0,"key":"SMITH"},{"floor":29.0,"key":"REST"},{"data":"Multi-Cast","floor":32.0,"key":"SMITH"},{"data":"Fission","floor":44.0,"key":"SMITH"},{"data":"Loop","floor":47.0,"key":"SMITH"},{"floor":49.0,"key":"RECALL"},{"data":"Reinforced Body","floor":53,"key":"SMITH"}],"neow_cost":"NONE","seed_source_timestamp":0,"circlet_count":0,"master_deck":["AscendersBane","Dualcast+1","Leap","BootSequence","Loop+1","Darkness+1","White Noise","Electrodynamics","Echo Form","Redo","Defragment+1","Multi-Cast+1","Reinforced Body+1","Glacier","Fission+1","Loop+1","Double Energy","PanicButton"],"special_seed":0,"relics":["Cracked Core","NeowsBlessing","Regal Pillow","Lantern","Pantograph","Vajra","Pandora\u0027s Box","MutagenicStrength","Darkstone Periapt","Whetstone","Busted Crown","Du-Vu Doll","Mango","Bag of Preparation"],"potions_floor_usage":[51],"damage_taken":[{"damage":0.0,"enemies":"Jaw Worm","floor":1.0,"turns":1.0},{"damage":0.0,"enemies":"2 Louse","floor":4.0,"turns":1.0},{"damage":0.0,"enemies":"Gremlin Nob","floor":7.0,"turns":1.0},{"damage":28.0,"enemies":"3 Sentries","floor":10.0,"turns":11.0},{"damage":2.0,"enemies":"Small Slimes","floor":11.0,"turns":2.0},{"damage":3.0,"enemies":"3 Louse","floor":12.0,"turns":4.0},{"damage":17.0,"enemies":"Slime Boss","floor":16.0,"turns":5.0},{"damage":11.0,"enemies":"Chosen","floor":18.0,"turns":4.0},{"damage":8.0,"enemies":"Spheric Guardian","floor":22.0,"turns":4.0},{"damage":24.0,"enemies":"Slavers","floor":24.0,"turns":3.0},{"damage":0.0,"enemies":"Snake Plant","floor":25.0,"turns":2.0},{"damage":12.0,"enemies":"Centurion and Healer","floor":28.0,"turns":4.0},{"damage":12.0,"enemies":"Cultist and Chosen","floor":30.0,"turns":7.0},{"damage":0.0,"enemies":"Chosen and Byrds","floor":31.0,"turns":5.0},{"damage":32.0,"enemies":"Champ","floor":33.0,"turns":7.0},{"damage":1.0,"enemies":"3 Shapes","floor":35.0,"turns":2.0},{"damage":0.0,"enemies":"Giant Head","floor":40.0,"turns":6.0},{"damage":0.0,"enemies":"Orb Walker","floor":41.0,"turns":7.0},{"damage":26.0,"enemies":"Spire Growth","floor":45.0,"turns":5.0},{"damage":17.0,"enemies":"Reptomancer","floor":46.0,"turns":6.0},{"damage":36.0,"enemies":"Donu and Deca","floor":50.0,"turns":8.0},{"damage":33,"enemies":"Time Eater","floor":51,"turns":10},{"damage":2,"enemies":"Shield and Spear","floor":55,"turns":2}],"seed_played":"-2253706971518936214","potions_obtained":[{"floor":11.0,"key":"PowerPotion"},{"floor":16.0,"key":"EssenceOfSteel"},{"floor":28.0,"key":"FearPotion"},{"floor":31.0,"key":"FocusPotion"},{"floor":41.0,"key":"Weak Potion"},{"floor":46.0,"key":"Dexterity Potion"}],"is_trial":false,"path_per_floor":["M","?","?","M","$","R","E","R","T","E","M","M","R","?","R","B","M","?","$","M","R","E","T","$","R","M","M","R",null,"M","?","?","?","M","$","T","R","M","R","?","R","B",null,"R","$","E"],"character_chosen":"DEFECT","items_purchased":["BootSequence","Loop","Defragment","Reinforced Body","Weak Potion","Loop","Ancient Potion","Dexterity Potion","Bag of Preparation","PanicButton"],"campfire_rested":1,"item_purchase_floors":[5,5,21,27,27,42,54,54,54,54],"current_hp_per_floor":[64,59,59,59,59,59,59,59,59,31,29,26,26,26,26,34,57,46,46,46,46,38,38,14,14,14,14,2,36,24,24,24,17,52,51,51,51,51,51,51,51,51,51,51,25,22,22,22,22,11,3,57,57,57,55],"gold":83,"neow_bonus":"THREE_ENEMY_KILL","is_prod":false,"is_daily":false,"chose_seed":false,"campfire_upgraded":9,"win_rate":0,"timestamp":1546160829,"path_taken":["M","?","?","?","$","R","E","R","T","E","M","M","R","?","R","BOSS","M","?","?","$","M","R","E","?","T","$","M","R","M","M","R","BOSS","M","?","?","?","?","E","M","?","T","R","?","E","R","?","R","BOSS","BOSS","R","$","E"],"build_version":"2018-12-25","purchased_purges":1,"victory":false,"max_hp_per_floor":[71,71,71,71,71,71,71,71,71,71,71,71,71,64,64,64,64,64,64,64,64,64,64,64,64,64,64,64,64,64,64,64,64,64,64,64,64,61,61,61,61,61,61,61,61,75,75,75,75,75,75,75,75,75,75],"card_choices":[{"not_picked":["Sweeping Beam","Redo"],"picked":"Auto Shields","floor":1.0},{"not_picked":["Streamline","Double Energy"],"picked":"Leap","floor":4.0},{"not_picked":["Rebound","Sunder"],"picked":"Darkness","floor":7.0},{"not_picked":["Chaos","Recycle"],"picked":"White Noise","floor":10.0},{"not_picked":["Heatsinks","Reprogram","Recycle"],"picked":"SKIP","floor":11.0},{"not_picked":["Streamline","Go for the Eyes"],"picked":"Electrodynamics","floor":12.0},{"not_picked":["Seek","Reboot"],"picked":"Echo Form","floor":16.0},{"not_picked":["Scrape","Ball Lightning"],"picked":"Redo","floor":18.0},{"not_picked":["Heatsinks","Ball Lightning","Steam"],"picked":"SKIP","floor":22.0},{"not_picked":["Redo","Beam Cell"],"picked":"Multi-Cast","floor":24.0},{"not_picked":["Stack","Tempest","Streamline+1"],"picked":"SKIP","floor":25.0},{"not_picked":["Cold Snap","Steam Power"],"picked":"Glacier","floor":28.0},{"not_picked":["Aggregate","Cold Snap","Doom and Gloom"],"picked":"SKIP","floor":30.0},{"not_picked":["Coolheaded","Rebound","Sunder"],"picked":"SKIP","floor":31.0},{"not_picked":["Thunder Strike","Rainbow"],"picked":"Fission","floor":33.0},{"not_picked":["Redo"],"picked":"SKIP","floor":35.0},{"not_picked":["Rebound"],"picked":"SKIP","floor":40.0},{"not_picked":["Blizzard"],"picked":"SKIP","floor":41.0},{"not_picked":[],"picked":"Double Energy","floor":45.0},{"not_picked":["Turbo"],"picked":"SKIP","floor":46.0},{"not_picked":["Turbo"],"picked":"SKIP","floor":46.0}],"player_experience":645301,"relics_obtained":[{"floor":7.0,"key":"Lantern"},{"floor":9.0,"key":"Pantograph"},{"floor":10.0,"key":"Vajra"},{"floor":24.0,"key":"Darkstone Periapt"},{"floor":26.0,"key":"Whetstone"},{"floor":40.0,"key":"Du-Vu Doll"},{"floor":46.0,"key":"Mango"}],"event_choices":[{"damage_healed":0.0,"max_hp_gain":0.0,"max_hp_loss":0.0,"gold_gain":0.0,"event_name":"Scrap Ooze","player_choice":"Success","floor":2.0,"gold_loss":0.0,"damage_taken":5.0,"relics_obtained":["Regal Pillow"]},{"damage_healed":0.0,"max_hp_gain":0.0,"max_hp_loss":0.0,"gold_gain":0.0,"cards_transformed":["Strike_B"],"event_name":"Living Wall","player_choice":"Change","floor":3.0,"gold_loss":0.0,"damage_taken":0.0,"cards_obtained":["Cold Snap"]},{"damage_healed":0.0,"max_hp_gain":0.0,"max_hp_loss":7.0,"gold_gain":0.0,"event_name":"Golden Idol","player_choice":"Lose Max HP","floor":14.0,"gold_loss":0.0,"damage_taken":0.0,"relics_obtained":["Golden Idol"]},{"damage_healed":0.0,"max_hp_gain":0.0,"max_hp_loss":0.0,"gold_gain":0.0,"event_name":"Drug Dealer","player_choice":"Inject Mutagens","floor":19.0,"gold_loss":0.0,"damage_taken":0.0,"relics_obtained":["MutagenicStrength"]},{"cards_removed":["Zap"],"damage_healed":0.0,"max_hp_gain":0.0,"max_hp_loss":0.0,"gold_gain":0.0,"event_name":"Beggar","player_choice":"Gave Gold","floor":20.0,"gold_loss":75.0,"damage_taken":0.0},{"cards_removed":["Cold Snap"],"damage_healed":0.0,"max_hp_gain":0.0,"max_hp_loss":0.0,"gold_gain":0.0,"event_name":"Falling","player_choice":"Removed Attack","floor":36.0,"gold_loss":0.0,"damage_taken":0.0},{"damage_healed":0.0,"max_hp_gain":0.0,"max_hp_loss":0.0,"gold_gain":0.0,"event_name":"Mysterious Sphere","player_choice":"Ignored","floor":37.0,"gold_loss":0.0,"damage_taken":0.0},{"damage_healed":0.0,"max_hp_gain":0.0,"max_hp_loss":3.0,"gold_gain":0.0,"event_name":"Winding Halls","player_choice":"Max HP","floor":38.0,"gold_loss":0.0,"damage_taken":0.0},{"damage_healed":0.0,"max_hp_gain":0.0,"max_hp_loss":0.0,"gold_gain":0.0,"event_name":"Tomb of Lord Red Mask","player_choice":"Ignored","floor":39.0,"gold_loss":0.0,"damage_taken":0.0},{"damage_healed":0.0,"max_hp_gain":0.0,"max_hp_loss":0.0,"gold_gain":333.0,"event_name":"The Moai Head","player_choice":"Gave Idol","floor":48.0,"relics_lost":["Golden Idol"],"gold_loss":0.0,"damage_taken":0.0}],"is_beta":true,"boss_relics":[{"not_picked":["Nuclear Battery","Calling Bell"],"picked":"Pandora\u0027s Box"},{"not_picked":["Runic Dome","Empty Cage"],"picked":"Busted Crown"}],"items_purged_floors":[42],"is_endless":false,"potions_floor_spawned":[11,16,18,24,28,31,40,41,46],"killed_by":"Shield and Spear","ascension_level":20}