{"gold_per_floor":[360,370,237,237,247,282,308,335,347,359,391,403,434,479,491,580,592,622,257,257,276,276,276,287,618,664,402,431,281,281,291,291,368,368,385,385,398,119,138,138,168,37,37,37,53,53,68,82,82,82],"floor_reached":50,"playtime":4579,"items_purged":["Strike_B","Strike_B","Strike_B","Defend_B"],"score":994,"play_id":"ed30ca73-55bd-4cf9-a62a-506b3948ca0f","local_time":"20180909171548","is_ascension_mode":true,"campfire_choices":[{"floor":10.0,"key":"REST"},{"data":"Zap","floor":12.0,"key":"SMITH"},{"floor":15.0,"key":"REST"},{"data":"Sunder","floor":23.0,"key":"SMITH"},{"data":"Redo","floor":30.0,"key":"SMITH"},{"data":"Seek","floor":32.0,"key":"SMITH"},{"data":"White Noise","floor":40.0,"key":"SMITH"},{"data":"Darkness","floor":44.0,"key":"SMITH"},{"data":"Chill","floor":49.0,"key":"SMITH"}],"neow_cost":"TEN_PERCENT_HP_LOSS","seed_source_timestamp":0,"circlet_count":0,"master_deck":["Strike_B","Defend_B","Defend_B","Defend_B","Zap+1","Dualcast","AscendersBane","Leap","Sunder+1","Streamline","BootSequence","Cold Snap","Redo+1","Ball Lightning","Self Repair+1","Rainbow","Doom and Gloom","Static Discharge+1","Seek+1","Chill+1","Defragment+1","White Noise+1","Coolheaded","Buffer+1","Darkness+1","Glacier+1","Capacitor+1","Darkness+1","Purity+1","Enlightenment+1","Consume+1","White Noise+1"],"special_seed":0,"relics":["Cracked Core","MawBank","Frozen Egg 2","Juzu Bracelet","Coffee Dripper","Meat on the Bone","Old Coin","Omamori","PreservedInsect","Lizard Tail","Toxic Egg 2","Bronze Scales","Calipers"],"potions_floor_usage":[],"damage_taken":[{"damage":3.0,"enemies":"2 Louse","floor":1.0,"turns":2.0},{"damage":1.0,"enemies":"Cultist","floor":2.0,"turns":3.0},{"damage":11.0,"enemies":"Small Slimes","floor":5.0,"turns":3.0},{"damage":26.0,"enemies":"3 Sentries","floor":6.0,"turns":7.0},{"damage":0.0,"enemies":"Looter","floor":7.0,"turns":3.0},{"damage":2.0,"enemies":"Red Slaver","floor":8.0,"turns":3.0},{"damage":21.0,"enemies":"Exordium Wildlife","floor":11.0,"turns":5.0},{"damage":0.0,"enemies":"3 Louse","floor":13.0,"turns":2.0},{"damage":14.0,"enemies":"Lagavulin","floor":14.0,"turns":7.0},{"damage":28.0,"enemies":"The Guardian","floor":16.0,"turns":11.0},{"damage":24.0,"enemies":"Shell Parasite","floor":18.0,"turns":6.0},{"damage":16.0,"enemies":"3 Byrds","floor":21.0,"turns":3.0},{"damage":5.0,"enemies":"3 Cultists","floor":24.0,"turns":4.0},{"damage":33.0,"enemies":"Gremlin Leader","floor":25.0,"turns":6.0},{"damage":37.0,"enemies":"Slavers","floor":28.0,"turns":5.0},{"damage":21.0,"enemies":"Chosen and Byrds","floor":31.0,"turns":4.0},{"damage":14.0,"enemies":"Automaton","floor":33.0,"turns":9.0},{"damage":4.0,"enemies":"3 Darklings","floor":35.0,"turns":6.0},{"damage":0.0,"enemies":"3 Shapes","floor":37.0,"turns":4.0},{"damage":6.0,"enemies":"3 Darklings","floor":39.0,"turns":6.0},{"damage":30.0,"enemies":"2 Orb Walkers","floor":41.0,"turns":4.0},{"damage":13.0,"enemies":"Transient","floor":45.0,"turns":6.0},{"damage":22.0,"enemies":"Maw","floor":47.0,"turns":7.0},{"damage":29.0,"enemies":"Jaw Worm Horde","floor":48.0,"turns":6.0},{"damage":91,"enemies":"Donu and Deca","floor":50,"turns":8}],"seed_played":"7328987177336564551","potions_obtained":[{"floor":1.0,"key":"Poison Potion"},{"floor":2.0,"key":"EssenceOfSteel"},{"floor":14.0,"key":"GamblersBrew"},{"floor":20.0,"key":"FocusPotion"},{"floor":33.0,"key":"Block Potion"},{"floor":41.0,"key":"FearPotion"},{"floor":45.0,"key":"SteroidPotion"},{"floor":48.0,"key":"Weak Potion"}],"is_trial":false,"path_per_floor":["M","M","$","?","M","E","M","M","T","R","M","R","M","E","R","B",null,"M","$","?","M","?","R","M","E","T","$","E","$","R","M","R","B",null,"M","?","M","$","M","R","E","$","T","R","M","?","M","M","R"],"character_chosen":"DEFECT","items_purchased":["Streamline","Meat on the Bone","Defragment+1","White Noise","Toxic Egg 2","Capacitor+1","Darkness+1"],"campfire_rested":2,"item_purchase_floors":[3,19,27,27,38,42,42],"current_hp_per_floor":[61,60,60,65,54,28,28,26,26,46,25,25,25,11,31,13,55,41,41,41,47,47,47,52,41,41,41,26,26,26,17,17,25,58,64,64,69,69,69,69,49,49,49,49,46,41,41,34,34,0],"gold":82,"neow_bonus":"TWO_FIFTY_GOLD","is_prod":false,"is_daily":false,"chose_seed":false,"campfire_upgraded":7,"win_rate":0,"timestamp":1536484548,"path_taken":["M","M","$","?","?","E","?","M","T","R","M","R","M","E","R","BOSS","M","$","?","M","?","R","M","E","T","$","E","?","R","M","R","BOSS","M","?","M","$","M","R","E","$","T","R","M","?","M","M","R","BOSS"],"build_version":"2018-09-06","purchased_purges":4,"victory":false,"max_hp_per_floor":[64,64,64,69,69,69,69,69,69,69,69,69,69,69,69,69,69,69,69,69,69,69,69,69,69,69,69,69,69,69,69,69,69,69,69,69,69,69,69,69,69,69,69,69,69,69,69,69,69,69],"card_choices":[{"not_picked":["Consume","Turbo"],"picked":"Leap","floor":1.0},{"not_picked":["Steam Power","Compile Driver"],"picked":"Sunder","floor":2.0},{"not_picked":["Streamline","Hologram"],"picked":"BootSequence","floor":5.0},{"not_picked":["Lockon","Amplify"],"picked":"Cold Snap","floor":6.0},{"not_picked":["Double Energy","Gash","Turbo"],"picked":"SKIP","floor":7.0},{"not_picked":["Blizzard","Turbo"],"picked":"Redo","floor":8.0},{"not_picked":["Turbo","Lockon","Conserve Battery"],"picked":"SKIP","floor":11.0},{"not_picked":["Steam","Compile Driver"],"picked":"Ball Lightning","floor":13.0},{"not_picked":["Melter","Conserve Battery"],"picked":"Self Repair+1","floor":14.0},{"not_picked":["Machine Learning+1","Meteor Strike"],"picked":"Rainbow","floor":16.0},{"not_picked":["Steam","Sweeping Beam"],"picked":"Doom and Gloom","floor":18.0},{"not_picked":["Aggregate","Darkness"],"picked":"Static Discharge+1","floor":21.0},{"not_picked":["Redo","Gash"],"picked":"Chill","floor":24.0},{"not_picked":["Chill","Hello World+1","Sunder"],"picked":"SKIP","floor":25.0},{"not_picked":["Reprogram","Go for the Eyes","Scrape"],"picked":"SKIP","floor":28.0},{"not_picked":["Hello World+1","Gash"],"picked":"Coolheaded","floor":31.0},{"not_picked":["Creative AI+1","Machine Learning+1"],"picked":"Buffer+1","floor":33.0},{"not_picked":["Ball Lightning","Coolheaded","Conserve Battery"],"picked":"SKIP","floor":35.0},{"not_picked":["Sweeping Beam","Hologram"],"picked":"Darkness","floor":37.0},{"not_picked":["Steam+1","Streamline"],"picked":"Glacier+1","floor":39.0},{"not_picked":["Leap+1","Melter","Rebound"],"picked":"SKIP","floor":41.0},{"not_picked":["Coolheaded+1","Recycle+1","Go for the Eyes+1"],"picked":"SKIP","floor":45.0},{"not_picked":["Thinking Ahead+1","Trip+1"],"picked":"Purity+1","floor":46.0},{"not_picked":["Secret Technique+1","Violence+1"],"picked":"Enlightenment+1","floor":46.0},{"not_picked":["Aggregate+1","Hologram+1"],"picked":"Consume+1","floor":47.0},{"not_picked":["Steam+1","Reprogram+1"],"picked":"White Noise+1","floor":48.0}],"player_experience":320658,"relics_obtained":[{"floor":6.0,"key":"MawBank"},{"floor":9.0,"key":"Frozen Egg 2"},{"floor":14.0,"key":"Juzu Bracelet"},{"floor":25.0,"key":"Old Coin"},{"floor":26.0,"key":"Omamori"},{"floor":28.0,"key":"PreservedInsect"},{"floor":41.0,"key":"Bronze Scales"},{"floor":43.0,"key":"Calipers"}],"event_choices":[{"event_name":"Big Fish","player_choice":"Donut","floor":4.0,"damage_taken":0.0},{"event_name":"The Lab","player_choice":"Got Potions","floor":20.0,"damage_taken":0.0},{"event_name":"Match and Keep!","player_choice":"1 cards matched","floor":22.0,"damage_taken":0.0},{"event_name":"Tomb of Lord Red Mask","player_choice":"Ignored","floor":36.0,"damage_taken":0.0},{"event_name":"SensoryStone","player_choice":"Memory 2","floor":46.0,"damage_taken":0.0}],"is_beta":true,"boss_relics":[{"not_picked":["Eternal Feather","Astrolabe"],"picked":"Coffee Dripper"},{"not_picked":["Calling Bell","Empty Cage"],"picked":"Lizard Tail"}],"items_purged_floors":[3,19,27,29],"is_endless":false,"potions_floor_spawned":[1,2,7,14,21,31,33,41,45,47,48],"killed_by":"Donu and Deca","ascension_level":17}