{"gold_per_floor":[115,115,115,129,144,144,182,182,182,198,198],"floor_reached":11,"playtime":500,"items_purged":[],"score":91,"play_id":"cfeb8422-bc5b-4723-931d-77af738575cf","local_time":"20180721123638","is_ascension_mode":true,"campfire_choices":[{"data":"Darkness","floor":6,"key":"SMITH"},{"data":"Coolheaded","floor":8,"key":"SMITH"}],"neow_cost":"NONE","seed_source_timestamp":14276942777030,"circlet_count":0,"master_deck":["Strike_B","Strike_B","Strike_B","Strike_B","Defend_B","Defend_B","Defend_B","Defend_B","Zap","Dualcast","Coolheaded+1","White Noise","Darkness+1","Streamline","Heatsinks"],"relics":["Cracked Core","Strawberry","Golden Idol","Kunai","Art of War"],"potions_floor_usage":[],"damage_taken":[{"damage":2,"enemies":"Jaw Worm","floor":1,"turns":3},{"damage":0,"enemies":"Cultist","floor":4,"turns":4},{"damage":9,"enemies":"Small Slimes","floor":5,"turns":3},{"damage":16,"enemies":"3 Sentries","floor":7,"turns":7},{"damage":27,"enemies":"3 Louse","floor":10,"turns":3},{"damage":12,"enemies":"Exordium Wildlife","floor":11,"turns":1}],"seed_played":"-7828845320204449733","potions_obtained":[{"floor":4,"key":"GamblersBrew"},{"floor":5,"key":"SkillPotion"},{"floor":7,"key":"SteroidPotion"}],"is_trial":false,"path_per_floor":["M","?","?","M","M","R","E","R","T","M"],"character_chosen":"DEFECT","items_purchased":[],"campfire_rested":0,"item_purchase_floors":[],"current_hp_per_floor":[80,85,64,64,55,55,39,39,39,12,0],"gold":198,"neow_bonus":"RANDOM_COMMON_RELIC","is_prod":false,"is_daily":false,"chose_seed":false,"campfire_upgraded":2,"win_rate":0,"timestamp":1532147798,"path_taken":["M","?","?","M","M","R","E","R","T","M","M"],"build_version":"2018-07-19v2","purchased_purges":0,"victory":false,"max_hp_per_floor":[82,87,87,87,87,87,87,87,87,87,87],"card_choices":[{"not_picked":["Rebound","Heatsinks"],"picked":"Coolheaded","floor":1},{"not_picked":["Consume","Ball Lightning"],"picked":"White Noise","floor":4},{"not_picked":["Steam","Hello World"],"picked":"Darkness","floor":5},{"not_picked":["Gash","Recycle"],"picked":"Streamline","floor":7},{"not_picked":["Rebound","Stack"],"picked":"Heatsinks","floor":10}],"player_experience":137416,"relics_obtained":[{"floor":7,"key":"Kunai"},{"floor":9,"key":"Art of War"}],"event_choices":[{"event_name":"Big Fish","player_choice":"Donut","floor":2,"damage_taken":0},{"event_name":"Golden Idol","player_choice":"Take Damage","floor":3,"damage_taken":0}],"is_beta":false,"boss_relics":[],"items_purged_floors":[],"is_endless":false,"potions_floor_spawned":[4,5,7],"killed_by":"Exordium Wildlife","ascension_level":5}