{"gold_per_floor":[18,37,37,48,66,66,91,16,16,30,30,30,46,71,71,146,146,159,209,220,64,14,14,42,58,58,58],"floor_reached":27,"playtime":979,"items_purged":["Static Discharge","Beam Cell"],"score":486,"play_id":"1de403b2-09e9-4382-8207-11d7c725b5a4","local_time":"20190101095054","is_ascension_mode":true,"campfire_choices":[{"data":"Sunder","floor":6.0,"key":"SMITH"},{"data":"Redo","floor":15.0,"key":"SMITH"},{"data":"Chaos","floor":23.0,"key":"SMITH"}],"neow_cost":"NO_GOLD","seed_source_timestamp":571486697576,"circlet_count":0,"master_deck":["AscendersBane","Strike_B","Strike_B","Strike_B","Defend_B","Defend_B","Defend_B","Zap","Dualcast","Self Repair","Multi-Cast","Sunder+1","Chaos+1","Conserve Battery","Undo","Redo+1","Echo Form","Beam Cell+1","Leap","Hologram","Reboot"],"special_seed":0,"relics":["Cracked Core","FaceOfCleric","Question Card","Unceasing Top","Incense Burner","Ancient Tea Set","Coffee Dripper","Girya","The Courier"],"potions_floor_usage":[27],"damage_taken":[{"damage":6.0,"enemies":"Cultist","floor":1.0,"turns":3.0},{"damage":20.0,"enemies":"Small Slimes","floor":2.0,"turns":3.0},{"damage":7.0,"enemies":"Jaw Worm","floor":4.0,"turns":3.0},{"damage":4.0,"enemies":"Large Slime","floor":5.0,"turns":5.0},{"damage":25.0,"enemies":"Lagavulin","floor":7.0,"turns":6.0},{"damage":5.0,"enemies":"Lots of Slimes","floor":10.0,"turns":5.0},{"damage":11.0,"enemies":"Blue Slaver","floor":13.0,"turns":4.0},{"damage":1.0,"enemies":"Gremlin Nob","floor":14.0,"turns":3.0},{"damage":33.0,"enemies":"Slime Boss","floor":16.0,"turns":5.0},{"damage":11.0,"enemies":"3 Byrds","floor":18.0,"turns":2.0},{"damage":22.0,"enemies":"Shell Parasite","floor":20.0,"turns":3.0},{"damage":1,"enemies":"Slavers","floor":24,"turns":5},{"damage":27,"enemies":"Centurion and Healer","floor":25,"turns":9},{"damage":26,"enemies":"Snecko","floor":27,"turns":4}],"seed_played":"1043381228165066943","potions_obtained":[{"floor":4.0,"key":"Poison Potion"},{"floor":10.0,"key":"FearPotion"},{"floor":13.0,"key":"LiquidBronze"},{"floor":16.0,"key":"Energy Potion"},{"floor":24,"key":"Weak Potion"},{"floor":25,"key":"FocusPotion"}],"is_trial":false,"path_per_floor":["M","M","?","M","R","E","$","T","M","$","?","M","E","R","B",null,"M","?","M","$","?","R","M","T","M"],"character_chosen":"DEFECT","items_purchased":["Leap"],"campfire_rested":0,"item_purchase_floors":[21],"current_hp_per_floor":[58,45,45,46,50,50,33,33,33,36,36,36,33,40,40,15,62,59,59,38,38,38,38,45,26,26,0],"gold":58,"neow_bonus":"REMOVE_TWO","is_prod":false,"is_daily":false,"chose_seed":false,"campfire_upgraded":3,"win_rate":0,"timestamp":1546307454,"path_taken":["M","?","?","M","M","R","E","$","T","M","?","?","M","E","R","BOSS","M","?","M","$","?","R","E","M","T","?"],"build_version":"2018-12-25","purchased_purges":2,"victory":false,"max_hp_per_floor":[71,71,71,72,73,73,74,74,74,75,75,75,76,77,77,78,78,79,79,80,80,80,80,81,82,82,82],"card_choices":[{"not_picked":["Gash","Streamline"],"picked":"Self Repair","floor":1.0},{"not_picked":["Steam","Recycle"],"picked":"Static Discharge","floor":2.0},{"not_picked":["Reprogram","Turbo"],"picked":"Multi-Cast","floor":4.0},{"not_picked":["Cold Snap","Turbo"],"picked":"Sunder","floor":5.0},{"not_picked":["Sweeping Beam","Fusion"],"picked":"Chaos","floor":7.0},{"not_picked":["Coolheaded","Cold Snap","Genetic Algorithm"],"picked":"Conserve Battery","floor":10.0},{"not_picked":["Conserve Battery","Steam","Rebound"],"picked":"Undo","floor":13.0},{"not_picked":["Hyperbeam","Beam Cell","Compile Driver"],"picked":"Redo","floor":14.0},{"not_picked":["Multi-Cast","Hyperbeam","Core Surge"],"picked":"Echo Form","floor":16.0},{"not_picked":["Hello World","Turbo","Cold Snap"],"picked":"Beam Cell","floor":18.0},{"not_picked":["Sweeping Beam","Leap","Streamline"],"picked":"Beam Cell+1","floor":20.0},{"not_picked":["Leap","Melter","Stack"],"picked":"Hologram","floor":24},{"not_picked":["Stack+1","Ball Lightning","Barrage"],"picked":"Reboot","floor":25}],"player_experience":662921,"relics_obtained":[{"floor":7.0,"key":"Question Card"},{"floor":9.0,"key":"Unceasing Top"},{"floor":14.0,"key":"Ancient Tea Set"},{"floor":24,"key":"Girya"},{"floor":26,"key":"The Courier"}],"event_choices":[{"damage_healed":0.0,"max_hp_gain":0.0,"max_hp_loss":0.0,"gold_gain":0.0,"event_name":"FaceTrader","player_choice":"Trade","floor":3.0,"gold_loss":0.0,"damage_taken":0.0,"relics_obtained":["FaceOfCleric"]},{"damage_healed":0.0,"max_hp_gain":0.0,"max_hp_loss":0.0,"gold_gain":0.0,"event_name":"Dead Adventurer","player_choice":"Searched \u00272\u0027 times","floor":12.0,"gold_loss":0.0,"damage_taken":0.0,"relics_obtained":["Incense Burner"]},{"damage_healed":0.0,"max_hp_gain":0.0,"max_hp_loss":0.0,"gold_gain":50.0,"event_name":"Nest","player_choice":"Stole From Cult","floor":19.0,"gold_loss":0.0,"damage_taken":0.0},{"damage_healed":0.0,"max_hp_gain":0.0,"max_hp_loss":0.0,"gold_gain":0.0,"event_name":"The Joust","player_choice":"Bet on Murderer","floor":22.0,"gold_loss":50.0,"damage_taken":0.0}],"is_beta":true,"boss_relics":[{"not_picked":["Lizard Tail","Empty Cage"],"picked":"Coffee Dripper"}],"items_purged_floors":[8,21],"is_endless":false,"potions_floor_spawned":[4,10,13,16,24,25],"killed_by":"Snecko","ascension_level":20}