{"gold_per_floor":[113,14,0,18,18,47,47,61,61,26,26],"floor_reached":11,"playtime":577,"items_purged":[],"score":142,"play_id":"88d2c718-7cc0-45d1-9c93-41280c0a6290","local_time":"20190308220201","is_ascension_mode":true,"campfire_choices":[{"floor":7.0,"key":"REST"}],"neow_cost":"NONE","seed_source_timestamp":12595233773770,"circlet_count":0,"master_deck":["AscendersBane","Defend_G","Defend_G","Defend_G","Defend_G","Defend_G","Strike_G","Strike_G","Strike_G","Strike_G","Strike_G","Survivor","Neutralize","Envenom","Catalyst","Deadly Poison","Masterful Stab","Blur","Draining Mist"],"special_seed":0,"relics":["Ring of the Snake","Durian","Art of War","Vampiric Spirits"],"potions_floor_usage":[11,11],"damage_taken":[{"damage":7.0,"enemies":"Small Slimes","floor":1.0,"turns":4.0},{"damage":0.0,"enemies":"2 Louse","floor":4.0,"turns":3.0},{"damage":36.0,"enemies":"Erikyupuro","floor":6.0,"turns":15.0},{"damage":5.0,"enemies":"Jaw Worm","floor":8.0,"turns":4.0},{"damage":80,"enemies":"Gremlin Nob","floor":11,"turns":4}],"seed_played":"-949761544848836916","potions_obtained":[{"floor":6.0,"key":"Energy Potion"},{"floor":8.0,"key":"Explosive Potion"}],"is_trial":false,"path_per_floor":["M","$","?","M","?","E","R","M","T","?","E"],"character_chosen":"THE_SILENT","items_purchased":["Deadly Poison","Masterful Stab"],"campfire_rested":1,"item_purchase_floors":[2,2],"current_hp_per_floor":[52,52,52,52,39,3,24,19,19,36,0],"gold":26,"neow_bonus":"ONE_RANDOM_RARE_CARD","is_prod":false,"is_daily":false,"chose_seed":false,"campfire_upgraded":0,"win_rate":0,"timestamp":1552053721,"path_taken":["M","$","?","M","?","E","R","M","T","?","E"],"build_version":"2019-02-06","purchased_purges":0,"victory":false,"max_hp_per_floor":[66,66,66,66,71,71,71,71,71,71,71],"card_choices":[{"not_picked":["Underhanded Strike","Deflect"],"picked":"Catalyst","floor":1.0},{"not_picked":["Cloak And Dagger","Outmaneuver","Prepared"],"picked":"SKIP","floor":4.0},{"not_picked":["Dagger Spray","Deflect"],"picked":"Blur","floor":6.0},{"not_picked":["Cloak And Dagger","Blade Dance"],"picked":"Draining Mist","floor":8.0}],"player_experience":832118,"relics_obtained":[{"floor":6.0,"key":"Art of War"},{"floor":9.0,"key":"Vampiric Spirits"}],"event_choices":[{"damage_healed":0.0,"max_hp_gain":0.0,"max_hp_loss":0.0,"gold_gain":0.0,"event_name":"World of Goop","player_choice":"Left Gold","floor":3.0,"gold_loss":14.0,"damage_taken":0.0},{"damage_healed":0.0,"max_hp_gain":0.0,"max_hp_loss":0.0,"gold_gain":0.0,"event_name":"Scrap Ooze","player_choice":"Success","floor":5.0,"gold_loss":0.0,"damage_taken":18.0,"relics_obtained":["Durian"]},{"damage_healed":17.0,"max_hp_gain":0.0,"max_hp_loss":0.0,"gold_gain":0.0,"event_name":"The Cleric","player_choice":"Healed","floor":10.0,"gold_loss":35.0,"damage_taken":0.0}],"is_beta":true,"boss_relics":[],"items_purged_floors":[],"is_endless":false,"potions_floor_spawned":[6,8],"killed_by":"Gremlin Nob","ascension_level":20}