{"gold_per_floor":[362,122,142,156,172,202,67,95,95,129,140,140,159,234,234,339,339,353,163,181,197,208,208,208],"floor_reached":24,"playtime":1040,"items_purged":[],"score":242,"play_id":"0e8ee1ec-f820-4e33-962f-c90e9a059051","local_time":"20190808130816","is_ascension_mode":true,"campfire_choices":[{"floor":12,"key":"REST"},{"floor":15,"key":"REST"},{"floor":23,"key":"REST"}],"neow_cost":"PERCENT_DAMAGE","seed_source_timestamp":1397693253616610,"circlet_count":0,"master_deck":["Strike_R","Strike_R","Strike_R","Defend_R","Defend_R","Defend_R","Defend_R","Bash","Clash","Rampage","Flex","Infernal Blade","Impervious","Uppercut","Impervious","Cleave","Battle Trance","Double Tap","Whirlwind+1","Dropkick+1","Feel No Pain+1","Havoc+1","Panache","Spot Weakness"],"relics":["Burning Blood","Pantograph","Vajra","Regal Pillow","Red Skull","Kunai","Astrolabe"],"potions_floor_usage":[6,6,16,18],"damage_taken":[{"damage":10,"enemies":"Cultist","floor":1,"turns":5},{"damage":2,"enemies":"Jaw Worm","floor":3,"turns":3},{"damage":0,"enemies":"Small Slimes","floor":4,"turns":2},{"damage":0,"enemies":"2 Fungi Beasts","floor":5,"turns":4},{"damage":17,"enemies":"Gremlin Nob","floor":6,"turns":4},{"damage":21,"enemies":"Lagavulin","floor":8,"turns":6},{"damage":7,"enemies":"Gremlin Nob","floor":10,"turns":4},{"damage":30,"enemies":"Gremlin Gang","floor":11,"turns":5},{"damage":11,"enemies":"Looter","floor":13,"turns":3},{"damage":45,"enemies":"The Guardian","floor":16,"turns":11},{"damage":18,"enemies":"Chosen","floor":18,"turns":5},{"damage":24,"enemies":"2 Thieves","floor":20,"turns":4},{"damage":27,"enemies":"Sentry and Sphere","floor":21,"turns":6},{"damage":10,"enemies":"Centurion and Healer","floor":22,"turns":5},{"damage":81,"enemies":"Book of Stabbing","floor":24,"turns":6}],"seed_played":"3561284875297218801","potions_obtained":[{"floor":1,"key":"PowerPotion"},{"floor":5,"key":"AttackPotion"},{"floor":10,"key":"FearPotion"},{"floor":16,"key":"SteroidPotion"}],"is_trial":false,"path_per_floor":["M","$","M","M","M","E","$","E","T","E","M","R","M","?","R","B",null,"M","$","M","M","M","R","E"],"character_chosen":"IRONCLAD","items_purchased":["Pantograph","Impervious","Panache"],"campfire_rested":3,"item_purchase_floors":[2,7,19],"current_hp_per_floor":[52,52,56,62,68,57,57,42,42,41,17,56,51,43,80,41,80,68,68,50,29,25,64,0],"gold":208,"neow_bonus":"TWO_FIFTY_GOLD","is_prod":false,"is_daily":false,"chose_seed":false,"campfire_upgraded":0,"win_rate":0,"timestamp":1565284096,"path_taken":["M","$","?","M","M","E","$","E","T","E","M","R","M","?","R","BOSS","M","$","M","M","M","R","E"],"build_version":"2019-06-28","purchased_purges":0,"victory":false,"max_hp_per_floor":[80,80,80,80,80,80,80,80,80,80,80,80,80,80,80,80,80,80,80,80,80,80,80,80],"card_choices":[{"not_picked":["Inflame","Blood for Blood"],"picked":"Clash","floor":1},{"not_picked":["Rupture","Headbutt"],"picked":"Perfected Strike","floor":3},{"not_picked":["Reckless Charge","Warcry"],"picked":"Rampage","floor":4},{"not_picked":["Corruption","Headbutt"],"picked":"Flex","floor":5},{"not_picked":["Shockwave","Armaments"],"picked":"Infernal Blade","floor":6},{"not_picked":["Barricade","Limit Break"],"picked":"Uppercut","floor":8},{"not_picked":["Sever Soul","Searing Blow"],"picked":"Impervious","floor":10},{"not_picked":["Inflame","Burning Pact"],"picked":"Cleave","floor":11},{"not_picked":["Cleave","Pummel"],"picked":"Battle Trance","floor":13},{"not_picked":["Fiend Fire","Limit Break"],"picked":"Double Tap","floor":16},{"not_picked":["Armaments","Bloodletting"],"picked":"Havoc+1","floor":18},{"not_picked":["Twin Strike","Bloodletting+1"],"picked":"Spot Weakness","floor":20},{"not_picked":["Feel No Pain","Searing Blow","Shockwave"],"picked":"SKIP","floor":21},{"not_picked":["Thunderclap","Perfected Strike","True Grit"],"picked":"SKIP","floor":22}],"player_experience":55615,"relics_obtained":[{"floor":6,"key":"Vajra"},{"floor":8,"key":"Regal Pillow"},{"floor":9,"key":"Red Skull"},{"floor":10,"key":"Kunai"}],"event_choices":[{"damage_healed":0,"gold_gain":75,"player_choice":"Touch","damage_taken":8,"max_hp_gain":0,"max_hp_loss":0,"event_name":"FaceTrader","floor":14,"gold_loss":0}],"is_beta":true,"boss_relics":[{"not_picked":["Empty Cage","Ectoplasm"],"picked":"Astrolabe"}],"items_purged_floors":[],"is_endless":false,"potions_floor_spawned":[1,5,10,16],"killed_by":"Book of Stabbing","ascension_level":2}