{"gold_per_floor":[115,190,202,127,138,164,164,190,190,209,209,228,238,252,252,252],"floor_reached":16,"playtime":1608,"items_purged":["Strike_G"],"score":131,"play_id":"9e8da563-dedd-4414-862e-1516a9efbf67","local_time":"20180923183657","is_ascension_mode":true,"campfire_choices":[{"data":"Neutralize","floor":7,"key":"SMITH"},{"floor":15,"key":"REST"}],"neow_cost":"TEN_PERCENT_HP_LOSS","seed_source_timestamp":8118637471770,"circlet_count":0,"master_deck":["Defend_G","Defend_G","Defend_G","Defend_G","Defend_G","Strike_G","Strike_G","Survivor","Neutralize+1","Well Laid Plans","Flechettes","Grand Finale+1","Tactician+1","Escape Plan+1"],"special_seed":0,"relics":["Ring of the Snake","Mummified Hand","Bottled Tornado","Toxic Egg 2"],"potions_floor_usage":[6,8,16,16],"damage_taken":[{"damage":0.0,"enemies":"Small Slimes","floor":1.0,"turns":6.0},{"damage":1.0,"enemies":"2 Louse","floor":3.0,"turns":4.0},{"damage":0.0,"enemies":"Cultist","floor":5.0,"turns":3.0},{"damage":34,"enemies":"Lagavulin","floor":6,"turns":9},{"damage":7,"enemies":"Gremlin Nob","floor":8,"turns":5},{"damage":0,"enemies":"Exordium Thugs","floor":10,"turns":2},{"damage":4,"enemies":"Lots of Slimes","floor":12,"turns":2},{"damage":1,"enemies":"2 Fungi Beasts","floor":13,"turns":5},{"damage":3,"enemies":"Looter","floor":14,"turns":4},{"damage":21,"enemies":"The Guardian","floor":16,"turns":14}],"seed_played":"-4836352309550001619","potions_obtained":[{"floor":1.0,"key":"Poison Potion"},{"floor":6,"key":"Swift Potion"},{"floor":12,"key":"Swift Potion"},{"floor":14,"key":"Swift Potion"}],"is_trial":false,"path_per_floor":["M","?","M","$","M","E","R","E","T","M","?","M","M","M","R"],"character_chosen":"THE_SILENT","items_purchased":[],"campfire_rested":1,"item_purchase_floors":[],"current_hp_per_floor":[63,52,51,51,51,17,17,10,10,10,10,6,5,2,20,0],"gold":252,"neow_bonus":"REMOVE_TWO","is_prod":false,"is_daily":false,"chose_seed":false,"campfire_upgraded":1,"win_rate":0,"timestamp":1537699017,"path_taken":["M","?","M","$","M","E","R","E","T","M","?","M","M","?","R","BOSS"],"build_version":"2018-09-20","purchased_purges":1,"victory":false,"max_hp_per_floor":[63,63,63,63,63,63,63,63,63,63,63,63,63,63,63,63],"card_choices":[{"not_picked":["Acrobatics","PiercingWail"],"picked":"Well Laid Plans","floor":1.0},{"not_picked":["Outmaneuver","Quick Slash"],"picked":"Flechettes","floor":3.0},{"not_picked":["Skewer","Deflect","Dodge and Roll"],"picked":"SKIP","floor":5.0},{"not_picked":["Skewer","Deflect","Dodge and Roll"],"picked":"SKIP","floor":5.0},{"not_picked":["Outmaneuver","Deflect","Infinite Blades"],"picked":"SKIP","floor":6},{"not_picked":["Flechettes","Heel Hook"],"picked":"Grand Finale","floor":8},{"not_picked":["Leg Sweep+1","Slice","Bane"],"picked":"SKIP","floor":10},{"not_picked":["Tactician+1","Distraction+1","Bane"],"picked":"SKIP","floor":12},{"not_picked":["Distraction+1","Bane"],"picked":"Tactician+1","floor":12},{"not_picked":["Outmaneuver+1","Choke"],"picked":"Escape Plan+1","floor":13},{"not_picked":["Bane","Quick Slash","Dagger Throw"],"picked":"SKIP","floor":14}],"player_experience":391403,"relics_obtained":[{"floor":6,"key":"Mummified Hand"},{"floor":8,"key":"Bottled Tornado"},{"floor":9,"key":"Toxic Egg 2"}],"event_choices":[{"event_name":"World of Goop","player_choice":"Gather Gold","floor":2.0,"damage_taken":0.0},{"event_name":"Accursed Blacksmith","player_choice":"Forge","floor":11,"damage_taken":0}],"is_beta":true,"boss_relics":[],"items_purged_floors":[4],"is_endless":false,"potions_floor_spawned":[1,6,12,14],"killed_by":"The Guardian","ascension_level":3}