{"gold_per_floor":[113,113,130,149,161,161,171,190,268,268,286,298,314,329,329,432,432,448,448,413,394,409,409],"floor_reached":23,"playtime":2574,"items_purged":[],"score":191,"play_id":"8172277c-93ab-4cfc-a30d-a4868c5e2019","local_time":"20180702232404","is_ascension_mode":false,"campfire_choices":[{"data":"Barricade","floor":6,"key":"SMITH"},{"floor":15,"key":"REST"}],"neow_cost":"NONE","seed_source_timestamp":6353878694340,"circlet_count":0,"master_deck":["Strike_R","Strike_R","Strike_R","Strike_R","Strike_R","Defend_R","Defend_R","Defend_R","Defend_R","Bash","Dark Embrace","Shrug It Off","Rampage","Blood for Blood","Barricade+1","Inflame","Clothesline","Twin Strike","Demon Form","Rage","Second Wind","Impervious","Headbutt","Metallicize","Rupture","Anger+1"],"relics":["Burning Blood","Bottled Flame"],"potions_floor_usage":[7,13,13,13,16,21,22,23],"damage_taken":[{"damage":5,"enemies":"2 Louse","floor":1,"turns":4},{"damage":7,"enemies":"Small Slimes","floor":3,"turns":5},{"damage":2,"enemies":"Cultist","floor":4,"turns":5},{"damage":15,"enemies":"Large Slime","floor":5,"turns":10},{"damage":18,"enemies":"Exordium Thugs","floor":7,"turns":7},{"damage":20,"enemies":"Gremlin Gang","floor":8,"turns":7},{"damage":12,"enemies":"Exordium Wildlife","floor":11,"turns":7},{"damage":7,"enemies":"Looter","floor":12,"turns":4},{"damage":7,"enemies":"Gremlin Gang","floor":13,"turns":5},{"damage":9,"enemies":"3 Louse","floor":14,"turns":4},{"damage":44,"enemies":"Hexaghost","floor":16,"turns":9},{"damage":54,"enemies":"Chosen","floor":18,"turns":7},{"damage":29,"enemies":"2 Thieves","floor":21,"turns":4},{"damage":30,"enemies":"Snake Plant","floor":22,"turns":8},{"damage":11,"enemies":"Book of Stabbing","floor":23,"turns":2}],"seed_played":"6389118025551521172","potions_obtained":[{"floor":3,"key":"Poison Potion"},{"floor":4,"key":"Explosive Potion"},{"floor":5,"key":"EntropicBrew"},{"floor":13,"key":"LiquidBronze"},{"floor":18,"key":"PowerPotion"}],"is_trial":false,"path_per_floor":["M","?","M","M","M","R","M","M","T","$","M","M","M","M","R","B",null,"M","?","$","M","M"],"character_chosen":"IRONCLAD","items_purchased":["Metallicize"],"campfire_rested":1,"item_purchase_floors":[20],"current_hp_per_floor":[80,80,79,80,71,71,59,45,45,45,39,38,37,34,58,20,80,32,58,58,35,11,0],"gold":409,"neow_bonus":"ONE_RANDOM_RARE_CARD","is_prod":false,"is_daily":false,"chose_seed":false,"campfire_upgraded":1,"win_rate":0.0,"timestamp":1530545044,"path_taken":["M","?","M","M","M","R","M","M","T","$","M","M","M","M","R","BOSS","M","?","$","M","?","E"],"build_version":"2018-06-28","purchased_purges":0,"victory":false,"max_hp_per_floor":[80,80,80,80,80,80,80,80,80,80,80,80,80,80,80,80,80,80,80,80,80,80,80],"card_choices":[{"not_picked":["Warcry","Pummel"],"picked":"Shrug It Off","floor":1},{"not_picked":["True Grit","Perfected Strike"],"picked":"Rampage","floor":3},{"not_picked":["Twin Strike","True Grit"],"picked":"Blood for Blood","floor":4},{"not_picked":["Fire Breathing","Shrug It Off"],"picked":"Barricade","floor":5},{"not_picked":["Cleave","Ghostly Armor"],"picked":"Inflame","floor":7},{"not_picked":["Whirlwind","Pommel Strike"],"picked":"Clothesline","floor":8},{"not_picked":["Armaments","Fire Breathing"],"picked":"Twin Strike","floor":11},{"not_picked":["Twin Strike","Power Through"],"picked":"Demon Form","floor":12},{"not_picked":["Disarm","Iron Wave"],"picked":"Rage","floor":13},{"not_picked":["Cleave","Sword Boomerang"],"picked":"Second Wind","floor":14},{"not_picked":["Demon Form","Barricade"],"picked":"Impervious","floor":16},{"not_picked":["Uppercut","Pommel Strike"],"picked":"Headbutt","floor":18},{"not_picked":["Dropkick","Perfected Strike"],"picked":"Rupture","floor":21},{"not_picked":["Shockwave","Pommel Strike"],"picked":"Anger+1","floor":22}],"player_experience":1266,"relics_obtained":[{"floor":9,"key":"Bottled Flame"}],"event_choices":[{"event_name":"Golden Wing","player_choice":"Ignored","floor":2,"damage_taken":0},{"event_name":"The Library","player_choice":"Heal","floor":19,"damage_taken":0}],"boss_relics":[{"not_picked":["Ectoplasm","Busted Crown","Cursed Key"]}],"items_purged_floors":[],"is_endless":false,"potions_floor_spawned":[3,4,5,13,14,18],"killed_by":"Book of Stabbing","ascension_level":0}