{"gold_per_floor":[114,130,6,6,26,64,64,108,108,108,108,124,162,59,59,185,185,200,180,180,199,224,224,243,243,243,243,267,75,94,107,107,107],"floor_reached":33,"playtime":1546,"items_purged":[],"score":373,"play_id":"f84807a8-93ac-45c3-a7e3-22ac08d4f836","local_time":"20180802224521","is_ascension_mode":true,"campfire_choices":[{"floor":7.0,"key":"REST"},{"data":"Defragment","floor":11.0,"key":"SMITH"},{"floor":15.0,"key":"REST"},{"data":"Creative AI","floor":23.0,"key":"SMITH"},{"data":"Storm","floor":25.0,"key":"SMITH"},{"floor":27.0,"key":"REST"},{"floor":32,"key":"REST"}],"neow_cost":"NONE","seed_source_timestamp":0,"circlet_count":0,"master_deck":["Strike_B","Strike_B","Defend_B+1","Defend_B","Defend_B","Zap","Dualcast+1","Leap","Turbo","Defragment+1","Hologram","Stack","Sunder","Coolheaded","Cold Snap","Reboot","Reinforced Body","Aggregate","Creative AI+1","Sweeping Beam+1","Sunder+1","Streamline+1","Storm+1","Glacier","Conserve Battery+1","Undo","Defragment","Apotheosis","Ball Lightning"],"special_seed":0,"relics":["Cracked Core","NeowsBlessing","Golden Idol","Mercury Hourglass","Anchor","Smiling Mask","War Paint","Odd Mushroom","Astrolabe","Pear"],"potions_floor_usage":[30,33],"damage_taken":[{"damage":0.0,"enemies":"2 Louse","floor":1.0,"turns":1.0},{"damage":0.0,"enemies":"Cultist","floor":2.0,"turns":1.0},{"damage":0.0,"enemies":"Jaw Worm","floor":5.0,"turns":1.0},{"damage":31.0,"enemies":"Gremlin Nob","floor":6.0,"turns":5.0},{"damage":18.0,"enemies":"Lagavulin","floor":8.0,"turns":5.0},{"damage":0.0,"enemies":"3 Louse","floor":12.0,"turns":3.0},{"damage":4.0,"floor":13.0,"turns":3.0},{"damage":20.0,"enemies":"Slime Boss","floor":16.0,"turns":13.0},{"damage":5.0,"enemies":"Shell Parasite","floor":18.0,"turns":6.0},{"damage":9.0,"enemies":"2 Thieves","floor":21.0,"turns":4.0},{"damage":0.0,"enemies":"Snecko","floor":22.0,"turns":4.0},{"damage":0.0,"enemies":"Chosen and Byrds","floor":24.0,"turns":4.0},{"damage":22.0,"enemies":"Cultist and Chosen","floor":28.0,"turns":6.0},{"damage":0,"enemies":"Centurion and Healer","floor":30,"turns":4},{"damage":16,"enemies":"Snake Plant","floor":31,"turns":4},{"damage":69,"enemies":"Champ","floor":33,"turns":9}],"seed_played":"-8669130966926056334","potions_obtained":[{"floor":2.0,"key":"SkillPotion"},{"floor":5.0,"key":"PowerPotion"},{"floor":6.0,"key":"LiquidBronze"},{"floor":12.0,"key":"Ancient Potion"},{"floor":18.0,"key":"Fire Potion"},{"floor":19.0,"key":"Fire Potion"}],"is_trial":false,"path_per_floor":["M","M","$","?","M","E","R","E","T","?","R","M","?","$","R","B",null,"M","?","?","M","M","R","M","R","T","R","M","$","M","M","R"],"character_chosen":"DEFECT","items_purchased":["Defragment","Hologram","Reinforced Body","Aggregate","Apotheosis"],"campfire_rested":4,"item_purchase_floors":[3,3,14,14,29],"current_hp_per_floor":[68,68,68,50,50,19,41,23,23,16,16,16,12,12,34,14,60,55,55,55,46,46,46,46,46,56,81,59,59,59,43,68,0],"gold":107,"neow_bonus":"THREE_ENEMY_KILL","is_prod":false,"is_daily":false,"chose_seed":false,"campfire_upgraded":3,"win_rate":0,"timestamp":1533221121,"path_taken":["M","M","$","?","M","E","R","E","T","?","R","?","?","$","R","BOSS","M","?","?","?","M","R","M","R","T","R","?","?","M","M","R","BOSS"],"build_version":"2018-07-26","purchased_purges":0,"victory":false,"max_hp_per_floor":[75,75,75,75,75,75,75,75,75,75,75,75,75,75,75,75,75,75,75,75,75,75,75,75,75,85,85,85,85,85,85,85,85],"card_choices":[{"not_picked":["Barrage","Lockon"],"picked":"Leap","floor":1.0},{"not_picked":["Compile Driver","Hello World"],"picked":"Turbo","floor":2.0},{"not_picked":["Blizzard","Turbo"],"picked":"Stack","floor":5.0},{"not_picked":["Ball Lightning","Recycle"],"picked":"Sunder","floor":6.0},{"not_picked":["Gash","Beam Cell"],"picked":"Coolheaded","floor":8.0},{"not_picked":["Coolheaded","Redo"],"picked":"Cold Snap","floor":12.0},{"not_picked":["Beam Cell","Force Field"],"picked":"Reboot","floor":13.0},{"not_picked":["All For One","Multi-Cast"],"picked":"Creative AI","floor":16.0},{"not_picked":["Streamline","Lockon"],"picked":"Storm","floor":18.0},{"not_picked":["Turbo","Steam"],"picked":"Conserve Battery+1","floor":21.0},{"not_picked":["Steam","Scrape","Streamline+1"],"picked":"SKIP","floor":22.0},{"not_picked":["Rebound","Redo"],"picked":"Undo","floor":24.0},{"not_picked":["Loop","Reprogram"],"picked":"Defragment","floor":28.0},{"not_picked":["Self Repair","Steam+1","Leap"],"picked":"SKIP","floor":30},{"not_picked":["Blizzard","Reinforced Body"],"picked":"Ball Lightning","floor":31}],"player_experience":204114,"relics_obtained":[{"floor":6.0,"key":"Mercury Hourglass"},{"floor":8.0,"key":"Anchor"},{"floor":9.0,"key":"Smiling Mask"},{"floor":13.0,"key":"Odd Mushroom"},{"floor":26.0,"key":"Pear"}],"event_choices":[{"event_name":"Golden Idol","player_choice":"Take Damage","floor":4.0,"damage_taken":0.0},{"event_name":"Scrap Ooze","player_choice":"success","floor":10.0,"damage_taken":7.0},{"event_name":"Mushrooms","player_choice":"Fought Mushrooms","floor":13.0,"damage_taken":0.0},{"event_name":"The Woman in Blue","player_choice":"Bought 1 Potion","floor":19.0,"damage_taken":0.0},{"event_name":"The Library","player_choice":"Read","floor":20.0,"damage_taken":0.0}],"is_beta":false,"boss_relics":[{"not_picked":["Busted Crown","Lizard Tail"],"picked":"Astrolabe"}],"items_purged_floors":[],"is_endless":false,"potions_floor_spawned":[2,5,6,12,18,24],"killed_by":"Champ","ascension_level":9}