{"gold_per_floor":[136,11,86,11,62,62,8,8,8,73,73,109,109,36,36,132,132,170,207,271,171,171],"floor_reached":22,"playtime":907,"items_purged":["Strike_R","Strike_R"],"score":319,"play_id":"efbf406f-08ab-48f1-b193-c2e6169f95b3","local_time":"20190213171821","is_ascension_mode":true,"campfire_choices":[{"data":"True Grit","floor":6.0,"key":"SMITH"},{"data":"Body Slam","floor":8.0,"key":"SMITH"},{"data":"HandOfGreed","floor":11,"key":"SMITH"},{"data":"Trip","floor":13,"key":"SMITH"},{"data":"Shockwave","floor":15,"key":"SMITH"}],"neow_cost":"PERCENT_DAMAGE","seed_source_timestamp":3157835727453,"circlet_count":0,"master_deck":["AscendersBane","Strike_R","Strike_R","Defend_R","Defend_R","Defend_R","Defend_R","Bash","HandOfGreed+1","Trip+1","Shrug It Off","True Grit+1","Body Slam+1","Shockwave+1","Feel No Pain","Impervious"],"special_seed":0,"relics":["Burning Blood","Ornamental Fan","Blood Vial","Cursed Key"],"potions_floor_usage":[10,19],"damage_taken":[{"damage":1.0,"enemies":"Cultist","floor":1.0,"turns":3.0},{"damage":0.0,"enemies":"2 Louse","floor":5.0,"turns":6.0},{"damage":22,"enemies":"3 Sentries","floor":10,"turns":11},{"damage":0,"enemies":"Small Slimes","floor":12,"turns":3},{"damage":30,"enemies":"The Guardian","floor":16,"turns":14},{"damage":33,"enemies":"Spheric Guardian","floor":18,"turns":8},{"damage":11,"enemies":"2 Thieves","floor":19,"turns":2},{"damage":0,"enemies":"Centurion and Healer","floor":20,"turns":7},{"damage":28,"enemies":"Cultist and Chosen","floor":22,"turns":10}],"seed_played":"1421666303083385093","potions_obtained":[{"floor":1.0,"key":"SkillPotion"},{"floor":16,"key":"SteroidPotion"},{"floor":18,"key":"FearPotion"}],"is_trial":false,"path_per_floor":["M","$","?","?","M","R","$","R","T","E","R","M","R","$","R","B",null,"M","M","M","$","M"],"character_chosen":"IRONCLAD","items_purchased":["True Grit","Body Slam","Feel No Pain"],"campfire_rested":0,"item_purchase_floors":[2,7,14],"current_hp_per_floor":[55,55,44,44,50,50,50,50,50,34,34,42,42,42,42,20,61,36,33,41,41,15],"gold":171,"neow_bonus":"RANDOM_COLORLESS_2","is_prod":false,"is_daily":false,"chose_seed":false,"campfire_upgraded":5,"win_rate":0,"timestamp":1550049501,"path_taken":["M","?","?","?","M","R","$","R","T","E","R","M","R","$","R","BOSS","M","M","M","$","M"],"build_version":"2019-02-06","purchased_purges":2,"victory":false,"max_hp_per_floor":[75,75,75,75,75,75,75,75,75,75,75,75,75,75,75,75,75,75,75,75,75,75],"card_choices":[{"not_picked":["Spot Weakness","Twin Strike"],"picked":"Shrug It Off","floor":1.0},{"not_picked":["Cleave","Shrug It Off","True Grit"],"picked":"SKIP","floor":5.0},{"not_picked":["Searing Blow","Wild Strike","Heavy Blade"],"picked":"SKIP","floor":10},{"not_picked":["Heavy Blade","Rampage"],"picked":"Shockwave","floor":12},{"not_picked":["Double Tap","Barricade"],"picked":"Impervious","floor":16},{"not_picked":["Shrug It Off","Heavy Blade+1","Iron Wave+1"],"picked":"SKIP","floor":18},{"not_picked":["Twin Strike","Sever Soul","Wild Strike"],"picked":"SKIP","floor":19},{"not_picked":["Combust","Cleave","Fire Breathing"],"picked":"SKIP","floor":20}],"player_experience":782093,"relics_obtained":[{"floor":9.0,"key":"Ornamental Fan"},{"floor":10,"key":"Blood Vial"}],"event_choices":[{"damage_healed":0.0,"max_hp_gain":0.0,"max_hp_loss":0.0,"gold_gain":75.0,"event_name":"World of Goop","player_choice":"Gather Gold","floor":3.0,"gold_loss":0.0,"damage_taken":11.0},{"cards_removed":["Strike_R"],"damage_healed":0.0,"max_hp_gain":0.0,"max_hp_loss":0.0,"gold_gain":0.0,"event_name":"The Cleric","player_choice":"Card Removal","floor":4.0,"gold_loss":75.0,"damage_taken":0.0}],"is_beta":true,"boss_relics":[{"not_picked":["Tiny House","Snecko Eye"],"picked":"Cursed Key"}],"items_purged_floors":[2,21],"is_endless":false,"potions_floor_spawned":[1,16,18],"killed_by":"Cultist and Chosen","ascension_level":15}