{"gold_per_floor":[116,126,126,137,149,149,149,149,229,229,258,281,291,310,310,409,409,424,424,424,440,440,470,489,489,544,254,254,265,335,128,128,128],"floor_reached":33,"playtime":1682,"items_purged":[],"score":278,"play_id":"a831e8d8-754e-44c6-ac12-1102e7318da7","local_time":"20180710181047","is_ascension_mode":true,"campfire_choices":[{"data":"Catalyst","floor":6.0,"key":"SMITH"},{"data":"Flechettes","floor":8.0,"key":"SMITH"},{"floor":15,"key":"REST"},{"data":"Bouncing Flask","floor":28,"key":"SMITH"},{"floor":32,"key":"REST"}],"neow_cost":"","seed_source_timestamp":288175518410,"circlet_count":0,"master_deck":["Defend_G","Defend_G","Defend_G","Defend_G","Defend_G","Strike_G+1","Strike_G+1","Strike_G","Strike_G","Survivor","Neutralize","Acrobatics","Flechettes+1","Venomology","Catalyst+1","Poisoned Stab","Prepared","Quick Slash","Corpse Explosion","Deflect+1","Deadly Poison","Poisoned Stab","Noxious Fumes+1","Dagger Throw","Bouncing Flask+1","Noxious Fumes+1","Magnetism+1","Footwork+1","Master of Strategy","Underhanded Strike"],"special_seed":0,"relics":["Ring of the Snake","Bottled Flame","GremlinMask","Whetstone","Omamori","Philosopher\u0027s Stone","Meat on the Bone","Frozen Egg 2","Snake Skull","Smiling Mask"],"potions_floor_usage":[13,13,14,16,16,21,21,21,23,23,24,24,29,33],"damage_taken":[{"damage":8.0,"enemies":"Cultist","floor":1.0,"turns":5.0},{"damage":0.0,"enemies":"2 Louse","floor":2.0,"turns":3.0},{"damage":7.0,"enemies":"Small Slimes","floor":4.0,"turns":4.0},{"damage":0.0,"enemies":"Gremlin Gang","floor":5.0,"turns":3.0},{"damage":14.0,"enemies":"Lagavulin","floor":11.0,"turns":8.0},{"damage":0,"enemies":"3 Louse","floor":13,"turns":4},{"damage":2,"enemies":"2 Fungi Beasts","floor":14,"turns":3},{"damage":34,"enemies":"The Guardian","floor":16,"turns":10},{"damage":6,"enemies":"Shell Parasite","floor":18,"turns":4},{"damage":7,"enemies":"Spheric Guardian","floor":21,"turns":5},{"damage":45,"enemies":"Book of Stabbing","floor":23,"turns":5},{"damage":15,"enemies":"Snake Plant","floor":24,"turns":3},{"damage":16,"enemies":"Chosen and Byrds","floor":29,"turns":4},{"damage":39,"enemies":"Collector","floor":33,"turns":3}],"seed_played":"-2825886769807513148","potions_obtained":[{"floor":1.0,"key":"Poison Potion"},{"floor":4.0,"key":"Energy Potion"},{"floor":11,"key":"Energy Potion"},{"floor":14,"key":"Block Potion"},{"floor":16,"key":"Swift Potion"},{"floor":23,"key":"SkillPotion"},{"floor":24,"key":"GamblersBrew"}],"is_trial":false,"path_per_floor":["M","M","?","M","M","R","?","R","T","?","E","T","M","M","R","B",null,"M","?","?","M","?","E","M","?","T","$","R","M","T","$","R"],"character_chosen":"THE_SILENT","items_purchased":["Noxious Fumes+1","Magnetism+1","Fire Potion","Master of Strategy","Underhanded Strike"],"campfire_rested":2,"item_purchase_floors":[27,27,27,31,31],"current_hp_per_floor":[62,62,62,55,55,55,55,55,55,55,41,41,41,39,60,26,70,64,64,64,57,57,24,21,21,21,21,21,17,17,17,38,0],"gold":128,"neow_bonus":"","is_prod":false,"is_daily":false,"chose_seed":false,"campfire_upgraded":3,"win_rate":0,"timestamp":1531217447,"path_taken":["M","?","?","M","?","R","?","R","T","?","E","?","M","M","R","BOSS","M","?","?","?","?","E","?","?","T","$","R","M","?","?","R","BOSS"],"build_version":"2018-07-05","purchased_purges":0,"victory":false,"max_hp_per_floor":[70,70,70,70,70,70,70,70,70,70,70,70,70,70,70,70,70,70,70,70,70,70,70,70,70,70,70,70,70,70,70,70,70],"card_choices":[{"not_picked":["Deflect","Slice"],"picked":"Acrobatics","floor":1.0},{"not_picked":["Accuracy","Expertise"],"picked":"Flechettes","floor":2.0},{"not_picked":["Accuracy","Underhanded Strike"],"picked":"Catalyst","floor":4.0},{"not_picked":["Terror","Blur"],"picked":"Poisoned Stab","floor":5.0},{"not_picked":["Slice","Eviscerate"],"picked":"Prepared","floor":11},{"not_picked":["Caltrops","Unload"],"picked":"Quick Slash","floor":13},{"not_picked":["Deflect","Sucker Punch","Reflex"],"picked":"SKIP","floor":14},{"not_picked":["Bullet Time","Wraith Form v2"],"picked":"Corpse Explosion","floor":16},{"not_picked":["Dodge and Roll","Slice"],"picked":"Deflect+1","floor":18},{"not_picked":["Underhanded Strike","Masterful Stab"],"picked":"Deadly Poison","floor":21},{"not_picked":["Flechettes","Quick Slash"],"picked":"Noxious Fumes","floor":23},{"not_picked":["Backstab","Acrobatics+1"],"picked":"Dagger Throw","floor":24},{"not_picked":["PiercingWail","Slice"],"picked":"Footwork+1","floor":29}],"player_experience":84144,"relics_obtained":[{"floor":9.0,"key":"Bottled Flame"},{"floor":11,"key":"Whetstone"},{"floor":12,"key":"Omamori"},{"floor":23,"key":"Frozen Egg 2"},{"floor":26,"key":"Snake Skull"},{"floor":30,"key":"Smiling Mask"}],"event_choices":[{"event_name":"Transmorgrifier","player_choice":"Transform","floor":3.0,"damage_taken":0.0},{"event_name":"Golden Wing","player_choice":"Ignored","floor":7.0,"damage_taken":0.0},{"event_name":"FaceTrader","player_choice":"Trade","floor":10.0,"damage_taken":0.0},{"event_name":"Drug Dealer","player_choice":"Ignored","floor":19,"damage_taken":0},{"event_name":"The Mausoleum","player_choice":"Yes","floor":20,"damage_taken":0},{"event_name":"Duplicator","player_choice":"One dupe","floor":22,"damage_taken":0},{"event_name":"The Library","player_choice":"Read","floor":25,"damage_taken":0}],"boss_relics":[{"not_picked":["Fusion Hammer","Orrery"],"picked":"Philosopher\u0027s Stone"}],"items_purged_floors":[],"is_endless":false,"potions_floor_spawned":[1,4,11,14,16,18,23,24],"killed_by":"Collector","ascension_level":1}