{"gold_per_floor":[117,132,152,152,14,14,14,25,25,35,35,35,35,50,50,50],"floor_reached":16,"playtime":655,"items_purged":[],"score":170,"play_id":"9ba68d54-422d-42ff-bd8a-2bb48aa1bf6a","local_time":"20180909093403","is_ascension_mode":true,"campfire_choices":[{"data":"Coolheaded","floor":6,"key":"SMITH"},{"floor":11,"key":"REST"},{"data":"Zap","floor":13,"key":"SMITH"},{"floor":15,"key":"REST"}],"neow_cost":"PERCENT_DAMAGE","seed_source_timestamp":265691465725,"circlet_count":0,"master_deck":["Strike_B","Strike_B","Defend_B","Defend_B","Defend_B","Defend_B","Zap+1","Dualcast","AscendersBane","Steam","Electrodynamics","Steam Power","Capacitor","Ball Lightning","Self Repair","Coolheaded+1","Cold Snap","Turbo","White Noise"],"relics":["Cracked Core","Turnip","The Courier"],"potions_floor_usage":[16],"damage_taken":[{"damage":2,"enemies":"2 Louse","floor":1,"turns":2},{"damage":3,"enemies":"Jaw Worm","floor":2,"turns":3},{"damage":1,"enemies":"Cultist","floor":3,"turns":3},{"damage":21,"enemies":"Large Slime","floor":8,"turns":6},{"damage":15,"enemies":"Gremlin Gang","floor":10,"turns":3},{"damage":8,"enemies":"Red Slaver","floor":14,"turns":3},{"damage":40,"enemies":"Slime Boss","floor":16,"turns":8}],"seed_played":"-611214895989533440","potions_obtained":[{"floor":8,"key":"EssenceOfSteel"},{"floor":10,"key":"FearPotion"},{"floor":14,"key":"AttackPotion"}],"is_trial":false,"path_per_floor":["M","M","M","?","$","R","?","M","T","M","R","$","R","M","R"],"character_chosen":"DEFECT","items_purchased":["Self Repair","Coolheaded"],"campfire_rested":2,"item_purchase_floors":[5,5],"current_hp_per_floor":[44,41,40,40,40,40,35,21,21,6,27,27,27,19,40,0],"gold":50,"neow_bonus":"TRANSFORM_TWO_CARDS","is_prod":false,"is_daily":false,"chose_seed":false,"campfire_upgraded":2,"win_rate":0,"timestamp":1536456843,"path_taken":["M","M","M","?","?","R","?","?","T","M","R","$","R","M","R","BOSS"],"build_version":"2018-09-06","purchased_purges":0,"victory":false,"max_hp_per_floor":[71,71,71,71,71,71,71,71,71,71,71,71,71,71,71,71],"card_choices":[{"not_picked":["Sweeping Beam","Turbo"],"picked":"Steam Power","floor":1},{"not_picked":["Leap","Turbo"],"picked":"Capacitor","floor":2},{"not_picked":["Streamline","Stack"],"picked":"Ball Lightning","floor":3},{"not_picked":["Loop","Fusion"],"picked":"Cold Snap","floor":8},{"not_picked":["Rebound","Steam Power"],"picked":"Turbo","floor":10},{"not_picked":["Compile Driver","Cold Snap"],"picked":"White Noise","floor":14}],"player_experience":320003,"relics_obtained":[{"floor":9,"key":"The Courier"}],"event_choices":[{"event_name":"Golden Wing","player_choice":"Ignored","floor":4,"damage_taken":0},{"event_name":"Scrap Ooze","player_choice":"success","floor":7,"damage_taken":5}],"is_beta":true,"boss_relics":[],"items_purged_floors":[],"is_endless":false,"potions_floor_spawned":[8,10,14],"killed_by":"Slime Boss","ascension_level":17}