{"gold_per_floor":[109,109,109,34,49,49,64,92,92,122,141,141,160,170,170,275,275,291,291,311,311,8,8],"floor_reached":23,"playtime":1405,"items_purged":["Strike_R"],"score":201,"play_id":"a4cc788a-a3dd-4660-85e5-bc9248766454","local_time":"20190809140954","is_ascension_mode":false,"campfire_choices":[{"data":"Corruption","floor":6,"key":"SMITH"},{"floor":12,"key":"REST"},{"floor":15,"key":"REST"}],"neow_cost":"NONE","seed_source_timestamp":1552425407204700,"circlet_count":0,"master_deck":["Strike_R","Defend_R","Defend_R","Defend_R","Defend_R","Bash","Corruption+1","Iron Wave","Spot Weakness","Iron Wave","Iron Wave","Feel No Pain","Fire Breathing","Demon Form","Cleave","Corruption","Dark Embrace","Twin Strike+1","Shrug It Off","Sword Boomerang","Metallicize"],"relics":["Burning Blood","Lantern","Bottled Lightning","Orichalcum","Sozu","Oddly Smooth Stone"],"potions_floor_usage":[],"damage_taken":[{"damage":0,"enemies":"2 Louse","floor":1,"turns":3},{"damage":7,"enemies":"Jaw Worm","floor":5,"turns":5},{"damage":2,"enemies":"Small Slimes","floor":7,"turns":4},{"damage":26,"enemies":"Lagavulin","floor":8,"turns":7},{"damage":30,"enemies":"3 Sentries","floor":10,"turns":9},{"damage":10,"enemies":"3 Louse","floor":11,"turns":4},{"damage":24,"enemies":"Gremlin Gang","floor":13,"turns":5},{"damage":8,"enemies":"2 Fungi Beasts","floor":14,"turns":4},{"damage":37,"enemies":"Slime Boss","floor":16,"turns":14},{"damage":41,"enemies":"3 Byrds","floor":18,"turns":7},{"damage":28,"enemies":"Spheric Guardian","floor":20,"turns":6},{"damage":36,"enemies":"Slavers","floor":23,"turns":2}],"seed_played":"-8208262665009493848","potions_obtained":[{"floor":1,"key":"EntropicBrew"},{"floor":8,"key":"Ancient Potion"},{"floor":10,"key":"Energy Potion"},{"floor":11,"key":"Block Potion"}],"is_trial":false,"path_per_floor":["M","?","?","$","M","R","M","E","T","E","M","R","M","M","R","B",null,"M","?","M","?","$","E"],"character_chosen":"IRONCLAD","items_purchased":["Shrug It Off","Oddly Smooth Stone","Sword Boomerang","Metallicize"],"campfire_rested":2,"item_purchase_floors":[22,22,22,22],"current_hp_per_floor":[88,88,81,81,80,80,84,64,64,40,36,62,44,42,68,37,88,53,53,31,31,31,0],"gold":8,"neow_bonus":"TEN_PERCENT_HP_BONUS","is_prod":false,"is_daily":false,"chose_seed":false,"campfire_upgraded":1,"win_rate":0.0,"timestamp":1565352594,"path_taken":["M","?","?","$","M","R","M","E","T","E","?","R","M","M","R","BOSS","M","?","M","?","$","E"],"build_version":"2019-07-17","purchased_purges":1,"victory":false,"max_hp_per_floor":[88,88,88,88,88,88,88,88,88,88,88,88,88,88,88,88,88,88,88,88,88,88,88],"card_choices":[{"not_picked":["Power Through","Flex"],"picked":"Corruption","floor":1},{"not_picked":["Anger","Clothesline"],"picked":"Iron Wave","floor":5},{"not_picked":["Power Through","Flex"],"picked":"Spot Weakness","floor":7},{"not_picked":["Warcry","Blood for Blood"],"picked":"Iron Wave","floor":8},{"not_picked":["Headbutt","Barricade"],"picked":"Iron Wave","floor":10},{"not_picked":["Burning Pact","Pommel Strike"],"picked":"Feel No Pain","floor":11},{"not_picked":["Perfected Strike","Power Through","Carnage"],"picked":"SKIP","floor":13},{"not_picked":["Blood for Blood","Rage"],"picked":"Fire Breathing","floor":14},{"not_picked":["Brutality","Berserk"],"picked":"Demon Form","floor":16},{"not_picked":["Body Slam+1","Clash+1"],"picked":"Cleave","floor":18},{"not_picked":["Heavy Blade","Searing Blow+1"],"picked":"Twin Strike+1","floor":20}],"player_experience":344824,"relics_obtained":[{"floor":8,"key":"Lantern"},{"floor":9,"key":"Bottled Lightning"},{"floor":10,"key":"Orichalcum"}],"event_choices":[{"damage_healed":0,"gold_gain":0,"player_choice":"Ignored","damage_taken":0,"max_hp_gain":0,"max_hp_loss":0,"event_name":"Liars Game","floor":2,"gold_loss":0},{"cards_removed":["Strike_R"],"damage_healed":0,"gold_gain":0,"player_choice":"Card Removal","damage_taken":7,"max_hp_gain":0,"max_hp_loss":0,"event_name":"Golden Wing","floor":3,"gold_loss":0},{"damage_healed":0,"gold_gain":0,"cards_transformed":["Strike_R","Strike_R"],"player_choice":"Became Test Subject","damage_taken":0,"max_hp_gain":0,"max_hp_loss":0,"event_name":"Drug Dealer","floor":19,"gold_loss":0,"cards_obtained":["Corruption","Dark Embrace"]},{"damage_healed":0,"gold_gain":0,"player_choice":"Ignored","damage_taken":0,"max_hp_gain":0,"max_hp_loss":0,"event_name":"Ghosts","floor":21,"gold_loss":0}],"is_beta":false,"boss_relics":[{"not_picked":["Orrery","Runic Pyramid"],"picked":"Sozu"}],"items_purged_floors":[4],"is_endless":false,"potions_floor_spawned":[1,8,10,11,16,20],"killed_by":"Slavers","ascension_level":0}