{"gold_per_floor":[115,131,151,33,33,33,45,58,83,103,103,103,126],"floor_reached":13,"playtime":303,"items_purged":["Injury"],"score":158,"play_id":"04e792fc-d5f3-4426-b67f-8bcb091b9fa1","local_time":"20190427121343","is_ascension_mode":true,"campfire_choices":[{"data":"Fusion","floor":6,"key":"SMITH"},{"data":"Redo","floor":12,"key":"SMITH"}],"neow_cost":"CURSE","seed_source_timestamp":8576530505658,"circlet_count":0,"master_deck":["AscendersBane","Strike_B","Strike_B","Strike_B","Strike_B","Defend_B","Defend_B","Defend_B","Defend_B","Zap","Dualcast","Multi-Cast","Fusion+1","Redo+1","Loop","Ball Lightning"],"special_seed":0,"relics":["Cracked Core","Boot","Golden Idol"],"potions_floor_usage":[],"damage_taken":[{"damage":0.0,"enemies":"2 Louse","floor":1.0,"turns":2.0},{"damage":0.0,"enemies":"Cultist","floor":2.0,"turns":3.0},{"damage":7.0,"enemies":"Jaw Worm","floor":3.0,"turns":3.0},{"damage":2,"enemies":"2 Fungi Beasts","floor":7,"turns":3},{"damage":15,"enemies":"Large Slime","floor":8,"turns":5},{"damage":22,"enemies":"3 Louse","floor":10,"turns":4},{"damage":12,"enemies":"2 Fungi Beasts","floor":13,"turns":3}],"seed_played":"-2795124501990331289","potions_obtained":[{"floor":2.0,"key":"PowerPotion"},{"floor":8,"key":"GamblersBrew"}],"is_trial":false,"path_per_floor":["M","M","M","$","?","R","M","M","T","M","?","R","M"],"character_chosen":"DEFECT","items_purchased":["Loop"],"campfire_rested":0,"item_purchase_floors":[4],"current_hp_per_floor":[64,64,57,57,57,57,55,40,40,18,18,18,6],"gold":126,"neow_bonus":"THREE_RARE_CARDS","is_prod":false,"is_daily":false,"chose_seed":false,"campfire_upgraded":2,"win_rate":0,"timestamp":1556338423,"path_taken":["M","M","M","$","?","R","M","?","T","M","?","R","M"],"build_version":"2019-01-23","purchased_purges":1,"victory":false,"max_hp_per_floor":[71,71,71,71,71,71,71,71,71,71,64,64,64],"card_choices":[{"not_picked":["Machine Learning","Seek"],"picked":"Multi-Cast","floor":0.0},{"not_picked":["Steam Power","Barrage","Fusion"],"picked":"SKIP","floor":1.0},{"not_picked":["Steam Power","Barrage"],"picked":"Fusion","floor":1.0},{"not_picked":["Melter","Barrage","Steam"],"picked":"SKIP","floor":2.0},{"not_picked":["Beam Cell","Go for the Eyes"],"picked":"Redo","floor":3.0},{"not_picked":["Steam Power","Go for the Eyes","Hologram"],"picked":"SKIP","floor":7},{"not_picked":["Machine Learning","Gash","Lockon"],"picked":"SKIP","floor":8},{"not_picked":["Gash","Capacitor"],"picked":"Ball Lightning","floor":10},{"not_picked":["Redo","Scrape","Genetic Algorithm"],"picked":"SKIP","floor":13}],"player_experience":958098,"relics_obtained":[{"floor":9,"key":"Boot"}],"event_choices":[{"damage_healed":0,"gold_gain":0,"player_choice":"Ignored","damage_taken":0,"max_hp_gain":0,"max_hp_loss":0,"event_name":"WeMeetAgain","floor":5,"gold_loss":0},{"damage_healed":0,"gold_gain":0,"player_choice":"Lose Max HP","damage_taken":0,"relics_obtained":["Golden Idol"],"max_hp_gain":0,"max_hp_loss":7,"event_name":"Golden Idol","floor":11,"gold_loss":0}],"is_beta":false,"boss_relics":[],"items_purged_floors":[4],"is_endless":false,"potions_floor_spawned":[2,8,10],"killed_by":"2 Fungi Beasts","ascension_level":20}