{"gold_per_floor":[367,178,5,40,80,125,125,125,197,233,233,274,274,340,340,412,412,447,27,89,89,124,124,166,166,166,21,81,106,139,175,175,276,276,290,306,53,68,18,18,53,53,53,106,106,145,157,16,16,66,91,91,91,22,22],"floor_reached":55,"playtime":3789,"items_purged":["Strike_B","Writhe","Shame"],"score":1923,"play_id":"1dfebf81-fe66-4180-aa84-421f57155fff","local_time":"20190330131608","is_ascension_mode":true,"campfire_choices":[{"data":"Hyperbeam","floor":7.0,"key":"SMITH"},{"data":"HandOfGreed","floor":11.0,"key":"SMITH"},{"data":"Streamline","floor":13.0,"key":"SMITH"},{"data":"Reinforced Body","floor":15.0,"key":"SMITH"},{"data":"Seek","floor":23.0,"key":"SMITH"},{"data":"Recycle","floor":25.0,"key":"SMITH"},{"floor":32.0,"key":"REST"},{"data":"Double Energy","floor":40.0,"key":"SMITH"},{"data":"Redo","floor":42.0,"key":"SMITH"},{"floor":45.0,"key":"REST"},{"floor":49.0,"key":"RECALL"},{"data":"Hologram","floor":53.0,"key":"SMITH"}],"neow_cost":"PERCENT_DAMAGE","seed_source_timestamp":1499558862695,"circlet_count":0,"master_deck":["AscendersBane","Strike_B","Strike_B","Strike_B","Defend_B","Defend_B","Defend_B","Defend_B+1","Zap","Dualcast","Undo","HandOfGreed+1","Turbo","Reinforced Body+1","Echo Form","Streamline+1","Seek+1","Go for the Eyes+1","Recycle+1","Coolheaded+1","Glacier","Electrodynamics+1","Glacier+1","Core Surge","Blizzard+1","Redo+1","Double Energy+1","Defragment+1","Beam Cell+1","Loop+1","Hologram+1","Capacitor+1"],"special_seed":0,"relics":["Cracked Core","Anchor","Dodecahedron","Cursed Key","Frozen Egg 2","The Courier","Happy Flower","Inserter","Bottled Lightning","War Paint","PreservedInsect","Oddly Smooth Stone"],"potions_floor_usage":[],"damage_taken":[{"damage":1.0,"enemies":"Cultist","floor":1.0,"turns":3.0},{"damage":4.0,"enemies":"Jaw Worm","floor":4.0,"turns":4.0},{"damage":0.0,"enemies":"Small Slimes","floor":5.0,"turns":2.0},{"damage":0.0,"enemies":"Gremlin Nob","floor":6.0,"turns":3.0},{"damage":0.0,"enemies":"Blue Slaver","floor":10.0,"turns":5.0},{"damage":0.0,"enemies":"Exordium Wildlife","floor":12.0,"turns":3.0},{"damage":0.0,"enemies":"3 Louse","floor":14.0,"turns":5.0},{"damage":31.0,"enemies":"Hexaghost","floor":16.0,"turns":9.0},{"damage":15.0,"enemies":"3 Byrds","floor":18.0,"turns":9.0},{"damage":5.0,"enemies":"2 Thieves","floor":20.0,"turns":5.0},{"damage":13.0,"enemies":"Snecko","floor":22.0,"turns":5.0},{"damage":3.0,"enemies":"Cultist and Chosen","floor":24.0,"turns":7.0},{"damage":0.0,"enemies":"3 Cultists","floor":28.0,"turns":4.0},{"damage":0.0,"enemies":"Colosseum Slavers","floor":29.0,"turns":6.0},{"damage":9.0,"enemies":"Book of Stabbing","floor":30.0,"turns":5.0},{"damage":0.0,"enemies":"Snecko","floor":31.0,"turns":5.0},{"damage":36.0,"enemies":"Collector","floor":33.0,"turns":18.0},{"damage":0.0,"enemies":"3 Darklings","floor":35.0,"turns":5.0},{"damage":7.0,"enemies":"Orb Walker","floor":36.0,"turns":3.0},{"damage":16.0,"enemies":"Transient","floor":38.0,"turns":6.0},{"damage":0.0,"enemies":"Reptomancer","floor":41.0,"turns":5.0},{"damage":15.0,"enemies":"Nemesis","floor":44.0,"turns":11.0},{"damage":0.0,"enemies":"Maw","floor":46.0,"turns":10.0},{"damage":0.0,"enemies":"Writhing Mass","floor":47.0,"turns":9.0},{"damage":7.0,"enemies":"Donu and Deca","floor":50.0,"turns":16.0},{"damage":12.0,"enemies":"Time Eater","floor":51.0,"turns":18.0},{"damage":0,"enemies":"Shield and Spear","floor":55,"turns":2}],"seed_played":"-9179815024752165731","potions_obtained":[{"floor":4.0,"key":"SneckoOil"},{"floor":5.0,"key":"FearPotion"},{"floor":10.0,"key":"SteroidPotion"},{"floor":12.0,"key":"Swift Potion"},{"floor":14.0,"key":"PowerPotion"},{"floor":31.0,"key":"GamblersBrew"},{"floor":36.0,"key":"EntropicBrew"},{"floor":41.0,"key":"SteroidPotion"},{"floor":44.0,"key":"Weak Potion"}],"is_trial":false,"path_per_floor":["M","$","$","M","M","E","R","?","T","M","R","M","R","M","R","B",null,"M","$","M","?","M","R","M","R","T","$","M","?","E","M","R","B",null,"M","M","$","M","?","R","E","R","T","E","R","M","M","$","R","B","B",null,"R","$","E"],"character_chosen":"DEFECT","items_purchased":["HandOfGreed","Hyperbeam","Frozen Egg 2","Explosive Potion","FocusPotion","Double Energy","Bottled Lightning","Hologram","Capacitor+1"],"campfire_rested":2,"item_purchase_floors":[2,3,19,19,27,37,37,48,54],"current_hp_per_floor":[45,45,45,41,41,41,41,81,81,81,81,81,81,81,81,50,73,58,58,53,53,40,40,37,37,37,37,37,37,28,28,52,16,65,65,58,58,42,42,42,42,42,42,27,51,51,51,51,51,44,32,69,69,69,69],"gold":22,"neow_bonus":"TWO_FIFTY_GOLD","is_prod":false,"is_daily":false,"chose_seed":false,"campfire_upgraded":9,"win_rate":0,"timestamp":1553922968,"path_taken":["M","?","$","M","M","E","R","?","T","M","R","M","R","?","R","BOSS","M","$","M","?","M","R","M","R","T","?","?","?","E","M","R","BOSS","M","M","$","M","?","R","E","R","T","E","R","?","M","$","R","BOSS","BOSS","R","$","E"],"build_version":"2019-01-23","purchased_purges":3,"victory":false,"max_hp_per_floor":[71,71,71,71,71,71,71,81,81,81,81,81,81,81,81,81,81,81,81,81,81,81,81,81,81,81,81,81,81,81,81,81,81,81,81,81,81,81,81,81,81,81,81,81,81,81,81,81,81,81,81,81,81,81,81],"card_choices":[{"not_picked":["Hologram","Gash"],"picked":"Undo","floor":1.0},{"not_picked":["Undo","Steam Power"],"picked":"Turbo","floor":4.0},{"not_picked":["Coolheaded","Aggregate","Doom and Gloom"],"picked":"SKIP","floor":5.0},{"not_picked":["Streamline","Steam"],"picked":"Reinforced Body","floor":6.0},{"not_picked":["White Noise","Steam"],"picked":"Echo Form","floor":10.0},{"not_picked":["Double Energy","Cold Snap"],"picked":"Streamline","floor":12.0},{"not_picked":["Blizzard","Cold Snap","Consume"],"picked":"SKIP","floor":14.0},{"not_picked":["Rainbow","Echo Form"],"picked":"Seek","floor":16.0},{"not_picked":["Turbo","Conserve Battery"],"picked":"Go for the Eyes+1","floor":18.0},{"not_picked":["Sweeping Beam","Loop+1"],"picked":"Recycle","floor":20.0},{"not_picked":["Rip and Tear","Capacitor+1"],"picked":"Coolheaded+1","floor":22.0},{"not_picked":["BootSequence","Gash"],"picked":"Glacier","floor":24.0},{"not_picked":["Reinforced Body","Genetic Algorithm","Streamline"],"picked":"SKIP","floor":28.0},{"not_picked":["Lockon","Defragment+1"],"picked":"Electrodynamics+1","floor":30.0},{"not_picked":["Compile Driver","Turbo"],"picked":"Glacier","floor":31.0},{"not_picked":["Thunder Strike","Electrodynamics+1"],"picked":"Core Surge","floor":33.0},{"not_picked":["BootSequence","Rebound"],"picked":"Blizzard+1","floor":35.0},{"not_picked":["Conserve Battery","Turbo"],"picked":"Redo","floor":36.0},{"not_picked":["Ball Lightning+1","Sweeping Beam","Compile Driver"],"picked":"SKIP","floor":38.0},{"not_picked":["Leap","White Noise"],"picked":"Defragment+1","floor":41.0},{"not_picked":["Compile Driver","Leap+1"],"picked":"Beam Cell+1","floor":44.0},{"not_picked":["Barrage+1","Sweeping Beam"],"picked":"Loop+1","floor":46.0},{"not_picked":["Redo","Ball Lightning","Scrape"],"picked":"SKIP","floor":47.0}],"player_experience":895342,"relics_obtained":[{"floor":6.0,"key":"Anchor"},{"floor":9.0,"key":"Dodecahedron"},{"floor":26.0,"key":"The Courier"},{"floor":30.0,"key":"Happy Flower"},{"floor":41.0,"key":"PreservedInsect"},{"floor":44.0,"key":"Oddly Smooth Stone"}],"event_choices":[{"cards_removed":["Hyperbeam"],"damage_healed":30.0,"max_hp_gain":10.0,"max_hp_loss":0.0,"gold_gain":0.0,"event_name":"Bonfire Elementals","player_choice":"Offered Rare","floor":8.0,"gold_loss":0.0,"damage_taken":0.0},{"damage_healed":0.0,"max_hp_gain":0.0,"max_hp_loss":0.0,"gold_gain":0.0,"event_name":"N\u0027loth","player_choice":"Ignored","floor":21.0,"gold_loss":0.0,"damage_taken":0.0},{"damage_healed":0.0,"max_hp_gain":0.0,"max_hp_loss":0.0,"gold_gain":0.0,"event_name":"Colosseum","player_choice":"Fight","floor":29.0,"gold_loss":0.0,"damage_taken":0.0},{"damage_healed":0.0,"max_hp_gain":0.0,"max_hp_loss":0.0,"gold_gain":0.0,"event_name":"Colosseum","player_choice":"Fled From Nobs","floor":29.0,"gold_loss":0.0,"damage_taken":0.0},{"damage_healed":0.0,"max_hp_gain":0.0,"max_hp_loss":0.0,"gold_gain":0.0,"event_name":"Colosseum","player_choice":"Fled From Nobs","floor":29.0,"gold_loss":0.0,"damage_taken":0.0},{"damage_healed":0.0,"max_hp_gain":0.0,"max_hp_loss":0.0,"gold_gain":0.0,"event_name":"WeMeetAgain","player_choice":"Paid Gold","floor":39.0,"gold_loss":50.0,"damage_taken":0.0,"relics_obtained":["War Paint"]}],"is_beta":false,"boss_relics":[{"not_picked":["Busted Crown","Calling Bell"],"picked":"Cursed Key"},{"not_picked":["Eternal Feather","Empty Cage"],"picked":"Inserter"}],"items_purged_floors":[19,27,48],"is_endless":false,"potions_floor_spawned":[4,5,10,12,14,22,29,31,36,41,44,47],"killed_by":"Shield and Spear","ascension_level":20}