{"gold_per_floor":[118,68,68,82,96,130,130,160,236,266,266,541,33,46,46,144,144,161,261,273,253,253,264,264,264,343,355,365,38,38,56,56,155,155,170,188,35,35,35,35,35,70,70,70,103,103,119,132,132,132],"floor_reached":51,"playtime":3032,"items_purged":["Regret"],"score":1088,"play_id":"e2fdd9cb-4992-4e23-90bb-410ed78b5704","local_time":"20181021114647","is_ascension_mode":true,"campfire_choices":[{"floor":7.0,"key":"REST"},{"data":"Footwork","floor":15.0,"key":"SMITH"},{"floor":24.0,"key":"REST"},{"data":"Footwork","floor":30.0,"key":"SMITH"},{"data":"Neutralize","floor":32.0,"key":"SMITH"},{"data":"Crippling Poison","floor":40.0,"key":"SMITH"},{"floor":44.0,"key":"REST"},{"data":"Apotheosis","floor":46.0,"key":"SMITH"},{"data":"Well Laid Plans","floor":49,"key":"SMITH"}],"neow_cost":"PERCENT_DAMAGE","seed_source_timestamp":443299006515,"circlet_count":0,"master_deck":["Defend_G","Defend_G","Defend_G","Strike_G+1","Survivor","AscendersBane","Predator","Footwork+1","Adrenaline","Deadly Poison","Bane+1","Noxious Fumes+1","Apotheosis+1","Footwork+1","Crippling Poison+1","Venomology","Backflip","Blur","Neutralize+1","Clumsy","Dodge and Roll+1","Escape Plan+1","Well Laid Plans+1","Malaise+1","Choke+1","Acrobatics+1","Crippling Poison+1","Leg Sweep+1","Corpse Explosion+1","Writhe","Acrobatics+1"],"special_seed":0,"relics":["Ring of the Snake","Shovel","Happy Flower","Pear","Whetstone","Lee\u0027s Waffle","Cursed Key","Ice Cream","Mercury Hourglass","Toxic Egg 2","Pantograph","Astrolabe","Paper Crane","Oddly Smooth Stone"],"potions_floor_usage":[50],"damage_taken":[{"damage":5.0,"enemies":"Small Slimes","floor":1.0,"turns":4.0},{"damage":0.0,"enemies":"2 Louse","floor":4.0,"turns":3.0},{"damage":4.0,"enemies":"Jaw Worm","floor":5.0,"turns":3.0},{"damage":31.0,"enemies":"3 Sentries","floor":6.0,"turns":13.0},{"damage":17.0,"enemies":"Lagavulin","floor":8.0,"turns":7.0},{"damage":22.0,"enemies":"3 Sentries","floor":10.0,"turns":13.0},{"damage":4.0,"enemies":"Looter","floor":14.0,"turns":3.0},{"damage":19.0,"enemies":"Hexaghost","floor":16.0,"turns":9.0},{"damage":0.0,"enemies":"3 Byrds","floor":18.0,"turns":5.0},{"damage":14.0,"enemies":"Colosseum Slavers","floor":19.0,"turns":4.0},{"damage":40.0,"enemies":"Colosseum Nobs","floor":19.0,"turns":6.0},{"damage":2.0,"enemies":"2 Thieves","floor":20.0,"turns":4.0},{"damage":0.0,"enemies":"Centurion and Healer","floor":23.0,"turns":5.0},{"damage":13.0,"enemies":"Snecko","floor":27.0,"turns":5.0},{"damage":0.0,"enemies":"Sentry and Sphere","floor":28.0,"turns":5.0},{"damage":0.0,"enemies":"3 Cultists","floor":31.0,"turns":5.0},{"damage":4.0,"enemies":"Automaton","floor":33.0,"turns":10.0},{"damage":6.0,"enemies":"Orb Walker","floor":35.0,"turns":5.0},{"damage":13.0,"enemies":"3 Darklings","floor":36.0,"turns":5.0},{"damage":14.0,"enemies":"Sphere and 2 Shapes","floor":41.0,"turns":3.0},{"damage":40.0,"enemies":"Reptomancer","floor":42.0,"turns":7.0},{"damage":5.0,"enemies":"Giant Head","floor":45.0,"turns":10.0},{"damage":5.0,"enemies":"Spire Growth","floor":47.0,"turns":7.0},{"damage":3.0,"enemies":"Transient","floor":48.0,"turns":5.0},{"damage":16,"enemies":"Time Eater","floor":50,"turns":14}],"seed_played":"-1969658916478159799","potions_obtained":[{"floor":1.0,"key":"Swift Potion"},{"floor":5.0,"key":"Ancient Potion"},{"floor":8.0,"key":"Fruit Juice"},{"floor":16.0,"key":"Ancient Potion"},{"floor":19.0,"key":"FearPotion"},{"floor":20.0,"key":"Dexterity Potion"},{"floor":27.0,"key":"SmokeBomb"},{"floor":28.0,"key":"Block Potion"},{"floor":45.0,"key":"Poison Potion"},{"floor":47.0,"key":"AttackPotion"}],"is_trial":false,"path_per_floor":["M","?","?","M","M","E","R","E","T","E","?","?","$","M","R","B",null,"M","?","M","?","?","M","R","?","T","M","M","$","R","M","R","B",null,"M","M","$","?","?","R","M","E","T","R","E","R","M","M","R","B"],"character_chosen":"THE_SILENT","items_purchased":["Lee\u0027s Waffle","Apotheosis","Footwork","Pantograph","Escape Plan+1","Corpse Explosion+1"],"campfire_rested":3,"item_purchase_floors":[13,13,13,29,29,37],"current_hp_per_floor":[40,40,40,40,36,5,26,14,24,2,2,2,92,88,88,69,86,86,32,30,30,30,30,57,57,57,44,44,44,44,44,44,65,85,79,66,66,89,89,89,82,42,42,69,64,64,59,56,56,65],"gold":132,"neow_bonus":"REMOVE_TWO","is_prod":false,"is_daily":false,"chose_seed":false,"campfire_upgraded":6,"win_rate":0,"timestamp":1540093607,"path_taken":["M","?","?","?","M","E","R","E","T","E","?","?","$","M","R","BOSS","M","?","M","?","?","M","R","?","T","M","M","$","R","M","R","BOSS","M","M","$","?","?","R","M","E","T","R","E","R","?","M","R","BOSS"],"build_version":"2018-10-19","purchased_purges":1,"victory":true,"max_hp_per_floor":[70,70,70,70,70,70,70,75,85,85,85,85,92,92,92,92,92,92,92,92,92,92,92,92,92,92,92,92,92,92,92,92,92,92,92,92,92,92,92,92,92,92,92,92,92,92,92,92,92,92],"card_choices":[{"not_picked":["Flechettes","Bane"],"picked":"Predator","floor":1.0},{"not_picked":["Blade Dance","Flying Knee"],"picked":"Footwork","floor":4.0},{"not_picked":["Underhanded Strike","Dodge and Roll"],"picked":"Adrenaline","floor":5.0},{"not_picked":["Eviscerate","Storm of Steel"],"picked":"Deadly Poison","floor":6.0},{"not_picked":["Slice","Eviscerate"],"picked":"Bane","floor":8.0},{"not_picked":["Bane","Outmaneuver"],"picked":"Noxious Fumes","floor":10.0},{"not_picked":["Quick Slash","Finisher"],"picked":"Crippling Poison","floor":14.0},{"not_picked":["Envenom","Night Terror"],"picked":"Venomology","floor":16.0},{"not_picked":["Finisher","Dagger Spray"],"picked":"Backflip","floor":18.0},{"not_picked":["Backflip","Quick Slash+1"],"picked":"Blur","floor":19.0},{"not_picked":["Blade Dance+1","Crippling Poison","Underhanded Strike"],"picked":"SKIP","floor":20.0},{"not_picked":["Deflect","Dodge and Roll","Finisher+1"],"picked":"SKIP","floor":23.0},{"not_picked":["Dagger Spray","Concentrate+1","Quick Slash"],"picked":"SKIP","floor":27.0},{"not_picked":["Outmaneuver+1","Grand Finale"],"picked":"Dodge and Roll+1","floor":28.0},{"not_picked":["Finisher","Backstab"],"picked":"Well Laid Plans","floor":31.0},{"not_picked":["Venomology+1","Storm of Steel+1"],"picked":"Malaise+1","floor":33.0},{"not_picked":["Deflect+1","Backflip+1"],"picked":"Leg Sweep+1","floor":35.0},{"not_picked":["Reflex+1","Concentrate+1","Endless Agony"],"picked":"SKIP","floor":36.0},{"not_picked":["Flying Knee","Grand Finale","Underhanded Strike+1"],"picked":"SKIP","floor":42.0},{"not_picked":["Distraction+1","Die Die Die"],"picked":"Acrobatics+1","floor":45.0},{"not_picked":["Flying Knee+1","Dagger Spray+1","Reflex+1"],"picked":"SKIP","floor":47.0},{"not_picked":["Flying Knee","Underhanded Strike+1","Poisoned Stab"],"picked":"SKIP","floor":48.0}],"player_experience":452626,"relics_obtained":[{"floor":6.0,"key":"Shovel"},{"floor":8.0,"key":"Happy Flower"},{"floor":9.0,"key":"Pear"},{"floor":10.0,"key":"Whetstone"},{"floor":19.0,"key":"Ice Cream"},{"floor":19.0,"key":"Mercury Hourglass"},{"floor":26.0,"key":"Toxic Egg 2"},{"floor":42.0,"key":"Paper Crane"},{"floor":45.0,"key":"Oddly Smooth Stone"}],"event_choices":[{"cards_removed":["Strike_G"],"damage_healed":0.0,"max_hp_gain":0.0,"max_hp_loss":0.0,"gold_gain":0.0,"event_name":"The Cleric","player_choice":"Card Removal","floor":2.0,"gold_loss":50.0,"damage_taken":0.0},{"damage_healed":0.0,"max_hp_gain":0.0,"max_hp_loss":0.0,"gold_gain":0.0,"event_name":"Living Wall","player_choice":"Grow","floor":3.0,"gold_loss":0.0,"damage_taken":0.0,"cards_upgraded":["Neutralize"]},{"damage_healed":0.0,"max_hp_gain":0.0,"max_hp_loss":0.0,"gold_gain":0.0,"event_name":"Upgrade Shrine","player_choice":"Upgraded","floor":11.0,"gold_loss":0.0,"damage_taken":0.0,"cards_upgraded":["Noxious Fumes"]},{"damage_healed":0.0,"max_hp_gain":0.0,"max_hp_loss":0.0,"gold_gain":275.0,"event_name":"Golden Shrine","player_choice":"Desecrate","floor":12.0,"gold_loss":0.0,"damage_taken":0.0,"cards_obtained":["Regret"]},{"damage_healed":0.0,"max_hp_gain":0.0,"max_hp_loss":0.0,"gold_gain":0.0,"event_name":"Colosseum","player_choice":"Fight","floor":19.0,"gold_loss":0.0,"damage_taken":0.0},{"damage_healed":0.0,"max_hp_gain":0.0,"max_hp_loss":0.0,"gold_gain":0.0,"event_name":"Colosseum","player_choice":"Fought Nobs","floor":19.0,"gold_loss":0.0,"damage_taken":0.0},{"damage_healed":0.0,"max_hp_gain":0.0,"max_hp_loss":0.0,"gold_gain":0.0,"event_name":"The Woman in Blue","player_choice":"Bought 1 Potion","floor":21.0,"gold_loss":0.0,"damage_taken":0.0},{"damage_healed":0.0,"max_hp_gain":0.0,"max_hp_loss":0.0,"gold_gain":0.0,"event_name":"Match and Keep!","player_choice":"1 cards matched","floor":22.0,"gold_loss":0.0,"damage_taken":0.0,"cards_obtained":["Neutralize"]},{"damage_healed":0.0,"max_hp_gain":0.0,"max_hp_loss":0.0,"gold_gain":0.0,"event_name":"Vampires","player_choice":"Ignored","floor":25.0,"gold_loss":0.0,"damage_taken":0.0},{"damage_healed":23.0,"max_hp_gain":0.0,"max_hp_loss":0.0,"gold_gain":0.0,"event_name":"Winding Halls","player_choice":"Writhe","floor":38.0,"gold_loss":0.0,"damage_taken":0.0,"cards_obtained":["Writhe"]},{"cards_removed":["Neutralize"],"damage_healed":0.0,"max_hp_gain":0.0,"max_hp_loss":0.0,"gold_gain":0.0,"event_name":"Falling","player_choice":"Removed Attack","floor":39.0,"gold_loss":0.0,"damage_taken":0.0}],"is_beta":true,"boss_relics":[{"not_picked":["Eternal Feather","Snecko Eye"],"picked":"Cursed Key"},{"not_picked":["Runic Dome","Velvet Choker"],"picked":"Astrolabe"}],"items_purged_floors":[13],"is_endless":false,"potions_floor_spawned":[1,5,8,16,19,20,23,27,28,33,35,45,47],"ascension_level":10}