{"gold_per_floor":[114,189,94,110,122,122,149,149,226,501,513,513,513],"floor_reached":13,"playtime":467,"items_purged":[],"score":95,"play_id":"b9ecc27a-c90c-4471-8d85-9ce5d0e70fa3","local_time":"20180830120343","is_ascension_mode":true,"campfire_choices":[{"data":"Cloak And Dagger","floor":6,"key":"SMITH"},{"data":"Neutralize","floor":8,"key":"SMITH"}],"neow_cost":"TEN_PERCENT_HP_LOSS","seed_source_timestamp":0,"circlet_count":0,"master_deck":["Defend_G","Defend_G","Defend_G","Defend_G","Defend_G","Strike_G","Strike_G","Strike_G","Strike_G","Strike_G","Survivor","Neutralize+1","After Image","PiercingWail","Footwork","Poisoned Stab","Dodge and Roll","Cloak And Dagger+1","Bullet Time","Regret","Blade Dance"],"special_seed":0,"relics":["Ring of the Snake","Art of War","Gremlin Horn","Golden Idol"],"potions_floor_usage":[],"damage_taken":[{"damage":5,"enemies":"Jaw Worm","floor":1,"turns":5},{"damage":6,"enemies":"2 Louse","floor":4,"turns":4},{"damage":0,"enemies":"Small Slimes","floor":5,"turns":5},{"damage":15,"enemies":"Lagavulin","floor":7,"turns":11},{"damage":16,"enemies":"Looter","floor":11,"turns":3},{"damage":14,"enemies":"Exordium Thugs","floor":13,"turns":2}],"seed_played":"1038498966799462104","potions_obtained":[{"floor":5,"key":"Weak Potion"},{"floor":7,"key":"SneckoOil"}],"is_trial":false,"path_per_floor":["M","?","$","M","M","R","E","R","T","?","M","?"],"character_chosen":"THE_SILENT","items_purchased":["Footwork","Poisoned Stab"],"campfire_rested":0,"item_purchase_floors":[3,3],"current_hp_per_floor":[58,47,47,41,41,41,26,26,26,26,10,10,0],"gold":513,"neow_bonus":"THREE_RARE_CARDS","is_prod":false,"is_daily":false,"chose_seed":false,"campfire_upgraded":2,"win_rate":0,"timestamp":1535601823,"path_taken":["M","?","$","M","M","R","E","R","T","?","M","?","?"],"build_version":"2018-08-28","purchased_purges":0,"victory":false,"max_hp_per_floor":[63,63,63,63,63,63,63,63,63,63,63,58,58],"card_choices":[{"not_picked":["Envenom","Wraith Form v2"],"picked":"After Image","floor":0},{"not_picked":["Prepared","Slice"],"picked":"PiercingWail","floor":1},{"not_picked":["Blade Dance","Calculated Gamble"],"picked":"Dodge and Roll","floor":4},{"not_picked":["Dodge and Roll","Outmaneuver"],"picked":"Cloak And Dagger","floor":5},{"not_picked":["Caltrops","Storm of Steel"],"picked":"Bullet Time","floor":7},{"not_picked":["Flechettes","Dodge and Roll"],"picked":"Blade Dance","floor":11}],"player_experience":275302,"relics_obtained":[{"floor":7,"key":"Art of War"},{"floor":9,"key":"Gremlin Horn"}],"event_choices":[{"event_name":"World of Goop","player_choice":"Gather Gold","floor":2,"damage_taken":0},{"event_name":"Golden Shrine","player_choice":"Desecrate","floor":10,"damage_taken":0},{"event_name":"Golden Idol","player_choice":"Lose Max HP","floor":12,"damage_taken":0}],"is_beta":true,"boss_relics":[],"items_purged_floors":[],"is_endless":false,"potions_floor_spawned":[5,7],"killed_by":"Exordium Thugs","ascension_level":3}