{"gold_per_floor":[110,74,86,86,145,163,163,194,244,273,273,448,251,281,281,383,383,398,398,398,398,418,450,149,50,129,129,147,159,159,172,172,172],"floor_reached":33,"playtime":1460,"items_purged":["Doubt","Strike_G"],"score":404,"play_id":"a886fc49-84dd-49e4-a9aa-6714f990440f","local_time":"20181014120831","is_ascension_mode":true,"campfire_choices":[{"data":"Poisoned Stab","floor":7,"key":"SMITH"},{"data":"Neutralize","floor":11,"key":"SMITH"},{"data":"Cloak And Dagger","floor":15,"key":"SMITH"},{"data":"Envenom","floor":27,"key":"SMITH"},{"floor":32,"key":"REST"}],"neow_cost":"NONE","seed_source_timestamp":2871633060659,"circlet_count":0,"master_deck":["Defend_G","Defend_G","Defend_G","Defend_G","Defend_G","Strike_G","Strike_G","Strike_G","Survivor","Neutralize+1","Catalyst","Escape Plan","Backstab","Poisoned Stab+1","Envenom+1","Calculated Gamble","Cloak And Dagger+1","Accuracy","Well Laid Plans","Doppelganger","Blur","Ghostly","Ghostly","Ghostly","Ghostly","Ghostly","Noxious Fumes","Bane","Shame","Dash"],"relics":["Ring of the Snake","NeowsBlessing","Blood Vial","Bag of Preparation","Regal Pillow","Pear","Cursed Key","CultistMask","Mummified Hand","TwistedFunnel","Pen Nib","Darkstone Periapt"],"potions_floor_usage":[8,18,21,23,33,33],"damage_taken":[{"damage":0,"enemies":"Cultist","floor":1,"turns":1},{"damage":0,"enemies":"2 Louse","floor":3,"turns":1},{"damage":0,"enemies":"Jaw Worm","floor":6,"turns":1},{"damage":9,"enemies":"3 Sentries","floor":8,"turns":8},{"damage":16,"enemies":"Lagavulin","floor":10,"turns":5},{"damage":16,"enemies":"Gremlin Nob","floor":14,"turns":4},{"damage":14,"enemies":"The Guardian","floor":16,"turns":8},{"damage":18,"enemies":"3 Byrds","floor":18,"turns":6},{"damage":2,"enemies":"Colosseum Slavers","floor":21,"turns":6},{"damage":4,"enemies":"Shell Parasite","floor":22,"turns":7},{"damage":26,"enemies":"Gremlin Leader","floor":23,"turns":7},{"damage":0,"enemies":"Sentry and Sphere","floor":28,"turns":5},{"damage":0,"enemies":"Snake Plant","floor":29,"turns":4},{"damage":14,"enemies":"Cultist and Chosen","floor":31,"turns":7},{"damage":46,"enemies":"Champ","floor":33,"turns":8}],"seed_played":"-6909861049442826317","potions_obtained":[{"floor":1,"key":"GhostInAJar"},{"floor":6,"key":"PowerPotion"},{"floor":14,"key":"Energy Potion"},{"floor":16,"key":"Block Potion"},{"floor":22,"key":"SkillPotion"},{"floor":28,"key":"Poison Potion"},{"floor":29,"key":"LiquidBronze"}],"is_trial":false,"path_per_floor":["M","$","M","?","?","M","R","E","T","E","R","?","$","E","R","B",null,"M","?","?","?","M","E","$","?","T","R","M","M","$","M","R"],"character_chosen":"THE_SILENT","items_purchased":["Escape Plan","Cloak And Dagger","Accuracy","TwistedFunnel"],"campfire_rested":1,"item_purchase_floors":[2,13,13,24],"current_hp_per_floor":[63,63,63,63,63,63,63,54,54,40,40,40,40,36,36,24,66,50,50,40,38,36,12,12,12,12,12,14,16,16,4,31,0],"gold":172,"neow_bonus":"THREE_ENEMY_KILL","is_prod":false,"is_daily":false,"chose_seed":false,"campfire_upgraded":4,"win_rate":0,"timestamp":1539490111,"path_taken":["M","$","?","?","?","M","R","E","T","E","R","?","$","E","R","BOSS","M","?","?","?","M","E","$","?","T","R","M","M","?","M","R","BOSS"],"build_version":"2018-10-11","purchased_purges":2,"victory":false,"max_hp_per_floor":[70,70,70,70,70,70,70,70,70,70,70,70,70,80,80,80,80,80,80,40,40,40,40,40,40,40,40,40,40,40,40,40,40],"card_choices":[{"not_picked":["Deadly Poison","Slice"],"picked":"Catalyst","floor":1},{"not_picked":["Quick Slash","Backflip"],"picked":"Backstab","floor":3},{"not_picked":["Leg Sweep","Prepared"],"picked":"Poisoned Stab","floor":6},{"not_picked":["Sucker Punch","Riddle With Holes"],"picked":"Envenom","floor":8},{"not_picked":["All Out Attack","Phantasmal Killer"],"picked":"Calculated Gamble","floor":10},{"not_picked":["Tactician","All Out Attack"],"picked":"Well Laid Plans","floor":14},{"not_picked":["Die Die Die","Storm of Steel"],"picked":"Doppelganger","floor":16},{"not_picked":["Deadly Poison","Eviscerate"],"picked":"Blur","floor":18},{"not_picked":["Tactician+1","Flechettes"],"picked":"Noxious Fumes","floor":22},{"not_picked":["Slice+1","Backflip"],"picked":"Bane","floor":23},{"not_picked":["Outmaneuver","Setup","Caltrops"],"picked":"SKIP","floor":28},{"not_picked":["Tactician","Choke+1","Dagger Throw"],"picked":"SKIP","floor":29},{"not_picked":["Heel Hook","Dagger Throw"],"picked":"Dash","floor":31}],"player_experience":440613,"relics_obtained":[{"floor":8,"key":"Blood Vial"},{"floor":9,"key":"Bag of Preparation"},{"floor":10,"key":"Regal Pillow"},{"floor":14,"key":"Pear"},{"floor":23,"key":"Mummified Hand"},{"floor":26,"key":"Darkstone Periapt"}],"event_choices":[{"event_name":"Purifier","player_choice":"One Purge","floor":4,"damage_taken":0},{"event_name":"Golden Wing","player_choice":"Gained Gold","floor":5,"damage_taken":0},{"event_name":"Liars Game","player_choice":"agreed","floor":12,"damage_taken":0},{"event_name":"FaceTrader","player_choice":"Trade","floor":19,"damage_taken":0},{"event_name":"Ghosts","player_choice":"Became a Ghost","floor":20,"damage_taken":0},{"event_name":"Colosseum","player_choice":"Fight","floor":21,"damage_taken":0},{"event_name":"Colosseum","player_choice":"Fled From Nobs","floor":21,"damage_taken":0},{"event_name":"WeMeetAgain","player_choice":"Gold","floor":25,"damage_taken":0}],"is_beta":true,"boss_relics":[{"not_picked":["HoveringKite","Busted Crown"],"picked":"Cursed Key"}],"items_purged_floors":[13,24],"is_endless":false,"potions_floor_spawned":[1,6,14,16,22,28,29],"killed_by":"Champ","ascension_level":7}