{"gold_per_floor":[109,109,109,120,139,139,159,192,192,211,211,231,251,280,280,379,379,393,408,425,425],"floor_reached":21,"playtime":3642,"items_purged":[],"score":195,"play_id":"94467418-5472-4075-9d14-a51100843e64","local_time":"20190804140350","is_ascension_mode":false,"campfire_choices":[{"data":"Ball Lightning","floor":6,"key":"SMITH"},{"floor":11,"key":"REST"},{"floor":15,"key":"REST"}],"neow_cost":"NONE","seed_source_timestamp":110362359681311,"circlet_count":0,"master_deck":["Strike_B","Strike_B","Strike_B+1","Strike_B","Defend_B","Defend_B","Defend_B","Defend_B","Zap","Dualcast","Reinforced Body","Ball Lightning","Ball Lightning+1","All For One+1","Fusion","Genetic Algorithm","Fusion","Streamline","Coolheaded","Biased Cognition","Double Energy+1","Sweeping Beam","White Noise+1"],"relics":["Cracked Core","Whetstone","Vajra","Ornamental Fan","Black Star"],"potions_floor_usage":[8,14,16],"damage_taken":[{"damage":7,"enemies":"Small Slimes","floor":1,"turns":4},{"damage":4,"enemies":"Jaw Worm","floor":4,"turns":4},{"damage":6,"enemies":"2 Louse","floor":5,"turns":3},{"damage":6,"enemies":"Exordium Wildlife","floor":7,"turns":5},{"damage":9,"enemies":"Gremlin Nob","floor":8,"turns":3},{"damage":6,"enemies":"3 Louse","floor":10,"turns":2},{"damage":2,"enemies":"Blue Slaver","floor":12,"turns":2},{"damage":3,"enemies":"Large Slime","floor":13,"turns":5},{"damage":19,"enemies":"Lagavulin","floor":14,"turns":5},{"damage":12,"enemies":"Slime Boss","floor":16,"turns":11},{"damage":7,"enemies":"Spheric Guardian","floor":18,"turns":4},{"damage":15,"enemies":"Shell Parasite","floor":19,"turns":7},{"damage":41,"enemies":"Centurion and Healer","floor":20,"turns":10},{"damage":21,"enemies":"Snake Plant","floor":21,"turns":2}],"seed_played":"-5386858806486279346","potions_obtained":[{"floor":1,"key":"Fire Potion"},{"floor":7,"key":"Strength Potion"},{"floor":10,"key":"FocusPotion"},{"floor":12,"key":"AttackPotion"},{"floor":19,"key":"Weak Potion"}],"is_trial":false,"path_per_floor":["M","?","?","M","M","R","M","E","T","M","R","M","M","E","R","B",null,"M","M","M","M"],"character_chosen":"DEFECT","items_purchased":[],"campfire_rested":2,"item_purchase_floors":[],"current_hp_per_floor":[75,75,75,71,65,65,59,50,50,44,68,66,63,44,68,56,82,75,60,19,0],"gold":425,"neow_bonus":"TEN_PERCENT_HP_BONUS","is_prod":false,"is_daily":false,"chose_seed":false,"campfire_upgraded":1,"win_rate":0.0,"timestamp":1564941830,"path_taken":["M","?","?","M","M","R","M","E","T","M","R","M","M","E","R","BOSS","M","M","M","M"],"build_version":"2019-07-17","purchased_purges":0,"victory":false,"max_hp_per_floor":[82,82,82,82,82,82,82,82,82,82,82,82,82,82,82,82,82,82,82,82,82],"card_choices":[{"not_picked":["Doom and Gloom","Barrage"],"picked":"Reinforced Body","floor":1},{"not_picked":["Lockon","Consume"],"picked":"Ball Lightning","floor":4},{"not_picked":["Hologram","Barrage"],"picked":"Ball Lightning","floor":5},{"not_picked":["Coolheaded","Chaos"],"picked":"All For One","floor":7},{"not_picked":["White Noise","Barrage"],"picked":"Fusion","floor":8},{"not_picked":["Go for the Eyes","Sweeping Beam"],"picked":"Genetic Algorithm","floor":10},{"not_picked":["Compile Driver","Skim"],"picked":"Fusion","floor":12},{"not_picked":["Compile Driver","Self Repair"],"picked":"Streamline","floor":13},{"not_picked":["Heatsinks","Hologram"],"picked":"Coolheaded","floor":14},{"not_picked":["Reboot","Electrodynamics"],"picked":"Biased Cognition","floor":16},{"not_picked":["Self Repair","Barrage"],"picked":"Double Energy+1","floor":18},{"not_picked":["Redo","Coolheaded"],"picked":"Sweeping Beam","floor":19},{"not_picked":["Ball Lightning","Steam"],"picked":"White Noise+1","floor":20}],"player_experience":19819,"relics_obtained":[{"floor":8,"key":"Whetstone"},{"floor":9,"key":"Vajra"},{"floor":14,"key":"Ornamental Fan"}],"event_choices":[{"damage_healed":0,"gold_gain":0,"player_choice":"Ignored","damage_taken":0,"max_hp_gain":0,"max_hp_loss":0,"event_name":"Shining Light","floor":2,"gold_loss":0},{"damage_healed":0,"gold_gain":0,"player_choice":"Ignored","damage_taken":0,"max_hp_gain":0,"max_hp_loss":0,"event_name":"Golden Wing","floor":3,"gold_loss":0}],"is_beta":false,"boss_relics":[{"not_picked":["Philosopher\u0027s Stone","Cursed Key"],"picked":"Black Star"}],"items_purged_floors":[],"is_endless":false,"potions_floor_spawned":[1,7,10,12,19],"killed_by":"Snake Plant","ascension_level":0}