{"gold_per_floor":[360,29,29,39,55,88,88,122,173,173,185,185,200,220,220,296,296,316,366,366,78,78,78,97,97,97,97,126,41,41,51,51,51],"floor_reached":33,"playtime":1359,"items_purged":["Pain"],"score":596,"play_id":"af291d91-404b-4d39-a384-4715d56600a4","local_time":"20181229173114","is_ascension_mode":true,"campfire_choices":[{"data":"Zap","floor":10.0,"key":"SMITH"},{"data":"Dualcast","floor":12.0,"key":"SMITH"},{"data":"Streamline","floor":15.0,"key":"SMITH"},{"data":"Defragment","floor":23.0,"key":"SMITH"},{"data":"Chaos","floor":25.0,"key":"SMITH"},{"data":"Creative AI","floor":30.0,"key":"SMITH"},{"data":"Loop","floor":32.0,"key":"SMITH"}],"neow_cost":"PERCENT_DAMAGE","seed_source_timestamp":0,"circlet_count":0,"master_deck":["AscendersBane","Strike_B","Strike_B","Strike_B","Strike_B","Defend_B","Defend_B","Defend_B","Defend_B","Zap+1","Dualcast+1","Self Repair","Conserve Battery","Ball Lightning","Glacier","Streamline+1","All For One","Loop+1","Defragment+1","Chaos+1","BootSequence","Undo","Creative AI+1","Reinforced Body","Redo+1"],"special_seed":0,"relics":["Cracked Core","FossilizedHelix","WarpedTongs","Sundial","PreservedInsect","Blood Vial","Inserter","Thread and Needle","Bag of Preparation","Unceasing Top"],"potions_floor_usage":[],"damage_taken":[{"damage":7.0,"enemies":"Small Slimes","floor":1.0,"turns":4.0},{"damage":3.0,"enemies":"Cultist","floor":4.0,"turns":4.0},{"damage":5.0,"enemies":"2 Louse","floor":5.0,"turns":3.0},{"damage":14.0,"enemies":"Lagavulin","floor":6.0,"turns":5.0},{"damage":31.0,"enemies":"3 Sentries","floor":8.0,"turns":7.0},{"damage":3.0,"enemies":"Blue Slaver","floor":11.0,"turns":3.0},{"damage":3.0,"enemies":"Looter","floor":13.0,"turns":4.0},{"damage":4.0,"enemies":"Large Slime","floor":14.0,"turns":5.0},{"damage":22.0,"enemies":"The Guardian","floor":16.0,"turns":11.0},{"damage":20.0,"enemies":"Shell Parasite","floor":18.0,"turns":8.0},{"damage":11.0,"enemies":"Spheric Guardian","floor":24.0,"turns":4.0},{"damage":0.0,"enemies":"Slavers","floor":28.0,"turns":6.0},{"damage":0.0,"enemies":"Snake Plant","floor":31.0,"turns":6.0},{"damage":69,"enemies":"Collector","floor":33,"turns":7}],"seed_played":"5314585935748044810","potions_obtained":[{"floor":1.0,"key":"Energy Potion"},{"floor":8.0,"key":"EssenceOfSteel"},{"floor":16.0,"key":"GamblersBrew"},{"floor":28.0,"key":"GamblersBrew"}],"is_trial":false,"path_per_floor":["$","?","M","M","E","T","R","R","M","M","R","B",null,"M","?","?","$","?","R","M","R","T","T","$","R","M","R"],"character_chosen":"DEFECT","items_purchased":["FossilizedHelix","Defragment","Chaos","BootSequence","Reinforced Body"],"campfire_rested":0,"item_purchase_floors":[2,21,21,21,29],"current_hp_per_floor":[39,39,39,43,45,38,38,17,17,17,23,23,29,37,37,24,59,48,48,48,48,28,28,26,26,26,26,28,28,28,37,37,0],"gold":51,"neow_bonus":"TWO_FIFTY_GOLD","is_prod":false,"is_daily":false,"chose_seed":true,"campfire_upgraded":7,"win_rate":0,"timestamp":1546075874,"path_taken":["M","$","?","?","M","E","?","E","T","R","M","R","M","M","R","BOSS","M","?","?","$","?","R","M","R","T","?","E","?","R","?","R","BOSS"],"build_version":"2018-12-25","purchased_purges":1,"victory":false,"max_hp_per_floor":[71,71,71,71,71,71,71,71,71,71,71,71,71,71,71,71,71,71,71,71,71,76,76,76,76,76,76,76,76,76,76,76,76],"card_choices":[{"not_picked":["FTL","Cold Snap"],"picked":"Self Repair","floor":1.0},{"not_picked":["Heatsinks","Recycle"],"picked":"Conserve Battery","floor":4.0},{"not_picked":["Redo","Turbo"],"picked":"Ball Lightning","floor":5.0},{"not_picked":["Rebound","Conserve Battery","Sweeping Beam"],"picked":"SKIP","floor":6.0},{"not_picked":["Turbo","Go for the Eyes","Hyperbeam"],"picked":"SKIP","floor":8.0},{"not_picked":["Turbo","FTL"],"picked":"Glacier","floor":11.0},{"not_picked":["Ball Lightning","Static Discharge"],"picked":"Streamline","floor":13.0},{"not_picked":["Rebound","Turbo","Streamline"],"picked":"SKIP","floor":14.0},{"not_picked":["Hyperbeam","Seek"],"picked":"All For One","floor":16.0},{"not_picked":["Double Energy","Barrage"],"picked":"Loop","floor":18.0},{"not_picked":["Sweeping Beam","Fusion"],"picked":"Undo","floor":24.0},{"not_picked":["Aggregate","Streamline"],"picked":"Creative AI","floor":28.0},{"not_picked":["Capacitor+1","Go for the Eyes"],"picked":"Redo+1","floor":31.0}],"player_experience":637889,"relics_obtained":[{"floor":6.0,"key":"Sundial"},{"floor":8.0,"key":"PreservedInsect"},{"floor":9.0,"key":"Blood Vial"},{"floor":26.0,"key":"Thread and Needle"},{"floor":27.0,"key":"Bag of Preparation"},{"floor":28.0,"key":"Unceasing Top"}],"event_choices":[{"damage_healed":0.0,"max_hp_gain":0.0,"max_hp_loss":0.0,"gold_gain":0.0,"event_name":"Accursed Blacksmith","player_choice":"Rummage","floor":3.0,"gold_loss":0.0,"damage_taken":0.0,"relics_obtained":["WarpedTongs"],"cards_obtained":["Pain"]},{"damage_healed":0.0,"max_hp_gain":0.0,"max_hp_loss":0.0,"gold_gain":0.0,"event_name":"Scrap Ooze","player_choice":"Fled","floor":7.0,"gold_loss":0.0,"damage_taken":0.0},{"damage_healed":0.0,"max_hp_gain":0.0,"max_hp_loss":0.0,"gold_gain":50.0,"event_name":"Nest","player_choice":"Stole From Cult","floor":19.0,"gold_loss":0.0,"damage_taken":0.0},{"damage_healed":0.0,"max_hp_gain":0.0,"max_hp_loss":0.0,"gold_gain":0.0,"event_name":"Ghosts","player_choice":"Ignored","floor":20.0,"gold_loss":0.0,"damage_taken":0.0},{"damage_healed":0.0,"max_hp_gain":5.0,"max_hp_loss":0.0,"gold_gain":0.0,"event_name":"Forgotten Altar","player_choice":"Shed Blood","floor":22.0,"gold_loss":0.0,"damage_taken":25.0}],"is_beta":true,"boss_relics":[{"not_picked":["Runic Pyramid","Empty Cage"],"picked":"Inserter"}],"items_purged_floors":[21],"is_endless":false,"potions_floor_spawned":[1,8,13,16,28],"killed_by":"Collector","ascension_level":20}