{"gold_per_floor":[109,121,137,137,137,137,149,159,159,174,174,192,210,228,228,302,302,314,334,334,351,351,351,367,367,367,143,159,159,170,170,170,242,242,262,277,295,295,315,315,340,340,340,340],"floor_reached":44,"playtime":2247,"items_purged":["Rip and Tear"],"score":767,"play_id":"d4bf26cc-db9e-47d9-b365-39da5dfdf97c","local_time":"20190323202917","is_ascension_mode":true,"campfire_choices":[{"data":"Dualcast","floor":6.0,"key":"SMITH"},{"data":"Barrage","floor":15.0,"key":"SMITH"},{"floor":23,"key":"REST"},{"data":"Defragment","floor":25,"key":"SMITH"},{"floor":29,"key":"REST"},{"data":"Hologram","floor":32,"key":"SMITH"},{"floor":40,"key":"REST"},{"data":"Creative AI","floor":42,"key":"SMITH"}],"neow_cost":"NONE","seed_source_timestamp":0,"circlet_count":0,"master_deck":["AscendersBane","Zap","Dualcast+1","Fission","Cold Snap","Coolheaded+1","Undo","Barrage+1","Defragment+1","Rebound","Thunder Strike","Meteor Strike","Echo Form","Self Repair","Chaos","All For One","Compile Driver","Hologram+1","Beam Cell","Coolheaded+1","Conserve Battery","Creative AI+1","Conserve Battery+1","Glacier+1"],"special_seed":0,"relics":["Cracked Core","Art of War","Vajra","Pandora\u0027s Box","Nilry\u0027s Codex","Ancient Tea Set","Torii","Inserter","Toxic Egg 2","Du-Vu Doll"],"potions_floor_usage":[16,16,33,37,37,37],"damage_taken":[{"damage":3.0,"enemies":"2 Louse","floor":1.0,"turns":2.0},{"damage":6.0,"enemies":"Jaw Worm","floor":2.0,"turns":4.0},{"damage":0.0,"enemies":"Cultist","floor":3.0,"turns":4.0},{"damage":11.0,"enemies":"Looter","floor":7.0,"turns":3.0},{"damage":6.0,"enemies":"Blue Slaver","floor":8.0,"turns":3.0},{"damage":12.0,"enemies":"3 Louse","floor":10.0,"turns":4.0},{"damage":10.0,"enemies":"Large Slime","floor":12.0,"turns":8.0},{"damage":7.0,"enemies":"Red Slaver","floor":13.0,"turns":3.0},{"damage":0.0,"enemies":"2 Fungi Beasts","floor":14.0,"turns":4.0},{"damage":6,"enemies":"Hexaghost","floor":16,"turns":13},{"damage":0,"enemies":"Shell Parasite","floor":18,"turns":2},{"damage":0,"enemies":"Spheric Guardian","floor":19,"turns":3},{"damage":5,"enemies":"Centurion and Healer","floor":21,"turns":6},{"damage":23,"enemies":"Shelled Parasite and Fungi","floor":24,"turns":7},{"damage":10,"enemies":"Snecko","floor":28,"turns":4},{"damage":11,"enemies":"Centurion and Healer","floor":30,"turns":7},{"damage":23,"enemies":"Collector","floor":33,"turns":7},{"damage":0,"enemies":"3 Shapes","floor":35,"turns":9},{"damage":20,"enemies":"Orb Walker","floor":36,"turns":7},{"damage":47,"enemies":"Jaw Worm Horde","floor":37,"turns":6},{"damage":52,"enemies":"3 Darklings","floor":39,"turns":8},{"damage":8,"enemies":"Giant Head","floor":41,"turns":7},{"damage":40,"enemies":"Transient","floor":44,"turns":4}],"seed_played":"1487514961949058463","potions_obtained":[{"floor":1.0,"key":"Explosive Potion"},{"floor":3.0,"key":"SteroidPotion"},{"floor":7.0,"key":"Dexterity Potion"},{"floor":13.0,"key":"Dexterity Potion"},{"floor":16,"key":"Swift Potion"},{"floor":24,"key":"Block Potion"},{"floor":36,"key":"Swift Potion"},{"floor":37,"key":"Fruit Juice"}],"is_trial":false,"path_per_floor":["M","M","M","?","?","R","M","M","T","M","?","M","M","M","R","B",null,"M","M","?","M","?","R","M","R","T","$","M","R","M","T","R","B",null,"M","M","M","?","M","R","E","R","T","M"],"character_chosen":"DEFECT","items_purchased":["Ancient Tea Set"],"campfire_rested":3,"item_purchase_floors":[27],"current_hp_per_floor":[61,55,55,55,55,55,44,38,38,26,26,16,9,9,9,3,54,54,54,54,49,28,49,33,33,33,33,23,44,47,47,47,31,61,68,55,13,62,17,35,34,34,34,0],"gold":340,"neow_bonus":"ONE_RANDOM_RARE_CARD","is_prod":false,"is_daily":false,"chose_seed":true,"campfire_upgraded":5,"win_rate":0,"timestamp":1553344157,"path_taken":["M","M","M","?","?","R","M","M","T","?","?","M","M","M","R","BOSS","M","?","?","M","?","R","M","R","T","?","M","R","M","?","R","BOSS","M","M","M","?","M","R","E","R","T","M"],"build_version":"2019-01-23","purchased_purges":1,"victory":false,"max_hp_per_floor":[71,71,71,71,71,71,71,71,71,71,71,71,71,71,71,71,71,71,71,71,71,71,71,71,71,71,71,71,71,71,71,71,71,71,71,71,76,62,62,62,62,62,62,62],"card_choices":[{"not_picked":["Redo","Chaos"],"picked":"Cold Snap","floor":1.0},{"not_picked":["Scrape","FTL"],"picked":"Auto Shields","floor":2.0},{"not_picked":["Go for the Eyes","Heatsinks"],"picked":"Coolheaded","floor":3.0},{"not_picked":["Rebound","Ball Lightning"],"picked":"Undo","floor":7.0},{"not_picked":["Reinforced Body","Stack"],"picked":"Barrage","floor":8.0},{"not_picked":["Stack","Heatsinks","Compile Driver"],"picked":"SKIP","floor":10.0},{"not_picked":["Steam","Fusion","Gash"],"picked":"SKIP","floor":12.0},{"not_picked":["Recycle","Amplify"],"picked":"Defragment","floor":13.0},{"not_picked":["Coolheaded","Conserve Battery"],"picked":"Rebound","floor":14.0},{"not_picked":["Machine Learning","Buffer"],"picked":"Thunder Strike","floor":16},{"not_picked":["Darkness","Coolheaded"],"picked":"Hologram","floor":18},{"not_picked":["Compile Driver","Steam Power+1"],"picked":"Beam Cell","floor":19},{"not_picked":["Steam","Stack"],"picked":"Coolheaded+1","floor":21},{"not_picked":["Compile Driver","Barrage"],"picked":"Conserve Battery","floor":24},{"not_picked":["FTL","Steam","Cold Snap"],"picked":"SKIP","floor":28},{"not_picked":["Genetic Algorithm+1","Storm","Blizzard"],"picked":"SKIP","floor":30},{"not_picked":["Amplify","Reboot"],"picked":"Creative AI","floor":33},{"not_picked":["Sweeping Beam+1","Streamline"],"picked":"Conserve Battery+1","floor":35},{"not_picked":["Sweeping Beam+1","Scrape","Melter+1"],"picked":"SKIP","floor":36},{"not_picked":["Chaos","Sweeping Beam","Hologram"],"picked":"SKIP","floor":37},{"not_picked":["FTL+1","Double Energy","Cold Snap+1"],"picked":"SKIP","floor":39},{"not_picked":["Compile Driver+1","Darkness"],"picked":"Glacier","floor":41}],"player_experience":884045,"relics_obtained":[{"floor":9.0,"key":"Art of War"},{"floor":22,"key":"Nilry\u0027s Codex"},{"floor":31,"key":"Torii"},{"floor":41,"key":"Toxic Egg 2"},{"floor":43,"key":"Du-Vu Doll"}],"event_choices":[{"damage_healed":0.0,"max_hp_gain":0.0,"max_hp_loss":0.0,"gold_gain":0.0,"event_name":"Liars Game","player_choice":"Ignored","floor":4.0,"gold_loss":0.0,"damage_taken":0.0},{"damage_healed":0.0,"max_hp_gain":0.0,"max_hp_loss":0.0,"gold_gain":0.0,"event_name":"Living Wall","player_choice":"Grow","floor":5.0,"gold_loss":0.0,"damage_taken":0.0,"cards_upgraded":["Coolheaded"]},{"cards_removed":["Auto Shields"],"damage_healed":0.0,"max_hp_gain":0.0,"max_hp_loss":0.0,"gold_gain":0.0,"event_name":"WeMeetAgain","player_choice":"Gave Card","floor":11.0,"gold_loss":0.0,"damage_taken":0.0,"relics_obtained":["Vajra"]},{"cards_removed":["Rebound"],"damage_healed":0,"gold_gain":0,"player_choice":"Elegance","damage_taken":0,"max_hp_gain":0,"max_hp_loss":0,"event_name":"Back to Basics","floor":20,"gold_loss":0},{"damage_healed":0,"gold_gain":0,"player_choice":"Obtained Book","damage_taken":21,"max_hp_gain":0,"max_hp_loss":0,"event_name":"Cursed Tome","floor":22,"gold_loss":0},{"damage_healed":62,"gold_gain":0,"player_choice":"Heal","damage_taken":0,"max_hp_gain":0,"max_hp_loss":14,"event_name":"The Moai Head","floor":38,"gold_loss":0}],"is_beta":false,"boss_relics":[{"not_picked":["Busted Crown","Black Star"],"picked":"Pandora\u0027s Box"},{"not_picked":["Velvet Choker","Astrolabe"],"picked":"Inserter"}],"items_purged_floors":[27],"is_endless":false,"potions_floor_spawned":[1,3,7,10,13,16,24,28,30,36,37],"killed_by":"Transient","ascension_level":15}