{"gold_per_floor":[110,60,75,85,101,136,136,200,227,227,243,243,57,57,57,57],"floor_reached":16,"playtime":446,"items_purged":[],"score":160,"play_id":"3697b84f-9766-4bab-bf53-e42215c8d6e8","local_time":"20181012204123","is_ascension_mode":true,"campfire_choices":[{"data":"Bash","floor":7.0,"key":"SMITH"},{"data":"True Grit","floor":10.0,"key":"SMITH"},{"data":"Flex","floor":15,"key":"SMITH"}],"neow_cost":"NONE","seed_source_timestamp":4097736213453,"circlet_count":0,"master_deck":["Strike_R","Strike_R","Strike_R","Defend_R","Defend_R","Defend_R","Bash+1","AscendersBane","Cleave","True Grit+1","Hemokinesis","Thunderclap","Flex+1","Limit Break","Corruption"],"special_seed":0,"relics":["Burning Blood","Centennial Puzzle","Strawberry","Pen Nib","Oddly Smooth Stone"],"potions_floor_usage":[16],"damage_taken":[{"damage":8.0,"enemies":"Jaw Worm","floor":1.0,"turns":4.0},{"damage":2.0,"enemies":"2 Louse","floor":3.0,"turns":2.0},{"damage":0.0,"enemies":"Cultist","floor":4.0,"turns":3.0},{"damage":21.0,"enemies":"Blue Slaver","floor":5.0,"turns":3.0},{"damage":29.0,"enemies":"Lagavulin","floor":6.0,"turns":7.0},{"damage":24.0,"enemies":"3 Sentries","floor":8.0,"turns":5.0},{"damage":12,"enemies":"Exordium Wildlife","floor":11,"turns":5},{"damage":3,"enemies":"Slime Boss","floor":16,"turns":4}],"seed_played":"-3463294367478502741","potions_obtained":[{"floor":3.0,"key":"SkillPotion"},{"floor":4.0,"key":"Fire Potion"},{"floor":11,"key":"Regen Potion"}],"is_trial":false,"path_per_floor":["M","?","M","M","M","E","R","?","T","R","M","?","$","?","R"],"character_chosen":"IRONCLAD","items_purchased":["Limit Break","Corruption"],"campfire_rested":0,"item_purchase_floors":[13,13],"current_hp_per_floor":[70,70,74,80,65,49,49,31,31,31,25,25,25,18,18,24],"gold":57,"neow_bonus":"RANDOM_COMMON_RELIC","is_prod":false,"is_daily":false,"chose_seed":false,"campfire_upgraded":3,"win_rate":0,"timestamp":1539348083,"path_taken":["M","?","?","M","M","E","R","?","T","R","M","?","$","?","R","BOSS"],"build_version":"2018-10-11","purchased_purges":0,"victory":false,"max_hp_per_floor":[80,80,80,80,80,87,87,87,87,87,87,87,87,87,87,87],"card_choices":[{"not_picked":["Combust","Evolve"],"picked":"Cleave","floor":1.0},{"not_picked":["Armaments","Headbutt"],"picked":"True Grit","floor":3.0},{"not_picked":["True Grit","Rage","Seeing Red"],"picked":"SKIP","floor":4.0},{"not_picked":["Warcry","Entrench"],"picked":"Hemokinesis","floor":5.0},{"not_picked":["Heavy Blade","Berserk"],"picked":"Thunderclap","floor":6.0},{"not_picked":["Cleave","Anger"],"picked":"Flex","floor":11}],"player_experience":807754,"relics_obtained":[{"floor":6.0,"key":"Strawberry"},{"floor":9.0,"key":"Oddly Smooth Stone"}],"event_choices":[{"event_name":"The Cleric","player_choice":"Card Removal","floor":2.0,"damage_taken":0.0},{"event_name":"Dead Adventurer","player_choice":"Searched \u00273\u0027 times","floor":8.0,"damage_taken":0.0},{"event_name":"Purifier","player_choice":"One Purge","floor":12,"damage_taken":0},{"event_name":"Golden Wing","player_choice":"Card Removal","floor":14,"damage_taken":0}],"is_beta":false,"boss_relics":[],"items_purged_floors":[],"is_endless":false,"potions_floor_spawned":[3,4,11],"killed_by":"Slime Boss","ascension_level":12}