{"gold_per_floor":[115,192,192,192,28,28,57,57,57,67,32,32,57,69,69,146,146,164,142,1,17,33,33,33,33,33,33,46,65,5,34,34,105,155,172,172,192,414,140,140,167,167,191,191,191,224,224,236,236,236,236],"floor_reached":52,"playtime":2343,"items_purged":["Strike_G+1","Strike_G+1"],"score":1828,"play_id":"0926db1c-5b10-43f7-8c0a-321f13212b4c","local_time":"20190214191423","is_ascension_mode":true,"campfire_choices":[{"data":"Neutralize","floor":6.0,"key":"SMITH"},{"data":"Footwork","floor":8.0,"key":"SMITH"},{"data":"Bouncing Flask","floor":12.0,"key":"SMITH"},{"data":"Terror","floor":15.0,"key":"SMITH"},{"floor":23.0,"key":"REST"},{"data":"Malaise","floor":27.0,"key":"SMITH"},{"data":"Catalyst","floor":32.0,"key":"SMITH"},{"data":"Bullet Time","floor":40.0,"key":"SMITH"},{"data":"Noxious Fumes","floor":44.0,"key":"SMITH"},{"floor":47.0,"key":"REST"},{"floor":49.0,"key":"REST"}],"neow_cost":"NONE","seed_source_timestamp":7616833612935,"circlet_count":0,"master_deck":["AscendersBane","Defend_G+1","Defend_G+1","Defend_G+1","Defend_G+1","Strike_G+1","Strike_G+1","Survivor","Neutralize+1","Dash","Footwork+1","Terror+1","Bouncing Flask+1","Corpse Explosion","Malaise+1","Catalyst+1","Leg Sweep","PiercingWail","Catalyst+1","Acrobatics","Noxious Fumes+1","Bullet Time+1","Expertise","Impatience","Blur","Normality"],"special_seed":0,"relics":["Ring of the Snake","Dodecahedron","Letter Opener","The Courier","Cursed Key","Red Mask","Tiny House","Art of War","Tough Bandages","Frozen Egg 2"],"potions_floor_usage":[],"damage_taken":[{"damage":3.0,"enemies":"Jaw Worm","floor":1.0,"turns":5.0},{"damage":43.0,"enemies":"3 Sentries","floor":7.0,"turns":16.0},{"damage":0.0,"enemies":"2 Louse","floor":10.0,"turns":3.0},{"damage":3.0,"enemies":"Lagavulin","floor":13.0,"turns":7.0},{"damage":0.0,"enemies":"Cultist","floor":14.0,"turns":3.0},{"damage":19.0,"enemies":"The Guardian","floor":16.0,"turns":12.0},{"damage":10.0,"enemies":"Spheric Guardian","floor":18.0,"turns":5.0},{"damage":15.0,"enemies":"2 Thieves","floor":19.0,"turns":4.0},{"damage":12.0,"enemies":"Snake Plant","floor":21.0,"turns":4.0},{"damage":3.0,"enemies":"Snecko","floor":22.0,"turns":5.0},{"damage":3.0,"enemies":"Centurion and Healer","floor":28.0,"turns":6.0},{"damage":0.0,"enemies":"Snake Plant","floor":29.0,"turns":5.0},{"damage":2.0,"enemies":"Masked Bandits","floor":31.0,"turns":3.0},{"damage":4.0,"enemies":"Champ","floor":33.0,"turns":9.0},{"damage":4.0,"enemies":"Orb Walker","floor":35.0,"turns":5.0},{"damage":0.0,"enemies":"3 Darklings","floor":37.0,"turns":4.0},{"damage":12.0,"enemies":"Giant Head","floor":41.0,"turns":6.0},{"damage":34.0,"enemies":"Reptomancer","floor":46.0,"turns":7.0},{"damage":9.0,"enemies":"Writhing Mass","floor":48.0,"turns":6.0},{"damage":26.0,"enemies":"Donu and Deca","floor":50.0,"turns":5.0},{"damage":21,"enemies":"Time Eater","floor":51,"turns":9}],"seed_played":"-404298888913993711","potions_obtained":[{"floor":4.0,"key":"Block Potion"},{"floor":4.0,"key":"FearPotion"},{"floor":10.0,"key":"PowerPotion"},{"floor":18.0,"key":"Dexterity Potion"},{"floor":22.0,"key":"SmokeBomb"}],"is_trial":false,"path_per_floor":["M","?","?","?","$","R","E","R","T","M","?","R","E","M","R","B",null,"M","M","$","M","M","R","?","?","T","R","M","M","$","?","R","B",null,"M","?","M","?","$","R","E","?","T","R","?","E","R","M","R","B","B",null],"character_chosen":"THE_SILENT","items_purchased":["Footwork","Terror","Catalyst","Leg Sweep","PiercingWail","GhostInAJar","Art of War"],"campfire_rested":3,"item_purchase_floors":[5,5,20,20,20,39,39],"current_hp_per_floor":[56,56,61,61,61,61,18,18,18,18,35,35,32,32,32,13,57,47,32,32,20,17,38,38,38,38,38,35,35,35,33,33,29,66,62,62,62,62,62,62,50,50,50,50,50,16,38,29,51,25,4],"gold":236,"neow_bonus":"REMOVE_CARD","is_prod":false,"is_daily":false,"chose_seed":false,"campfire_upgraded":8,"win_rate":0,"timestamp":1550142863,"path_taken":["M","?","?","?","$","R","E","R","T","?","?","R","E","M","R","BOSS","M","M","$","M","M","R","?","?","T","R","M","M","$","?","R","BOSS","M","?","M","?","$","R","E","?","T","R","?","E","R","M","R","BOSS","BOSS"],"build_version":"2019-02-06","purchased_purges":2,"victory":true,"max_hp_per_floor":[66,66,71,71,71,71,71,71,71,71,71,71,71,71,71,71,71,71,71,71,71,71,71,71,71,71,71,71,71,71,71,71,71,76,76,76,76,76,76,76,76,76,76,76,76,76,76,76,76,76,76],"card_choices":[{"not_picked":["Flying Knee","Blade Dance"],"picked":"Dash","floor":1.0},{"not_picked":["Acrobatics","Tactician","Heel Hook"],"picked":"SKIP","floor":7.0},{"not_picked":["Flying Knee","Deflect"],"picked":"Bouncing Flask","floor":10.0},{"not_picked":["Slice","Acrobatics","Crippling Poison"],"picked":"SKIP","floor":13.0},{"not_picked":["Riddle With Holes","Cloak And Dagger"],"picked":"Corpse Explosion","floor":14.0},{"not_picked":["Doppelganger","Die Die Die"],"picked":"Malaise","floor":16.0},{"not_picked":["Riddle With Holes","Caltrops","Distraction"],"picked":"SKIP","floor":18.0},{"not_picked":["Predator","Eviscerate","Dagger Spray"],"picked":"SKIP","floor":19.0},{"not_picked":["Terror","Sucker Punch","Dagger Spray"],"picked":"SKIP","floor":21.0},{"not_picked":["Cloak And Dagger","Bane"],"picked":"Catalyst","floor":22.0},{"not_picked":["Blade Dance","Unload","Setup"],"picked":"SKIP","floor":28.0},{"not_picked":["Dash","Acrobatics","Calculated Gamble"],"picked":"SKIP","floor":29.0},{"not_picked":["Dash","Acrobatics","Calculated Gamble"],"picked":"SKIP","floor":29.0},{"not_picked":["Dash","Calculated Gamble"],"picked":"Acrobatics","floor":29.0},{"not_picked":["Slice","Quick Slash"],"picked":"Noxious Fumes","floor":31.0},{"not_picked":["Malaise","Phantasmal Killer"],"picked":"Bullet Time","floor":33.0},{"not_picked":["Dodge and Roll","Bane"],"picked":"Expertise","floor":34.0},{"not_picked":["Cloak And Dagger","Deflect","Outmaneuver"],"picked":"SKIP","floor":35.0},{"not_picked":["Deep Breath","Madness"],"picked":"Impatience","floor":36.0},{"not_picked":["Backflip","Infinite Blades"],"picked":"Blur","floor":37.0},{"not_picked":["Blade Dance","Slice+1","Skewer+1"],"picked":"SKIP","floor":41.0},{"not_picked":["Eviscerate+1","Dagger Spray","Heel Hook"],"picked":"SKIP","floor":46.0},{"not_picked":["Distraction","Flying Knee","Expertise"],"picked":"SKIP","floor":48.0}],"player_experience":791155,"relics_obtained":[{"floor":7.0,"key":"Dodecahedron"},{"floor":9.0,"key":"Letter Opener"},{"floor":13.0,"key":"The Courier"},{"floor":31.0,"key":"Red Mask"},{"floor":41.0,"key":"Tough Bandages"},{"floor":46.0,"key":"Frozen Egg 2"}],"event_choices":[{"damage_healed":0.0,"max_hp_gain":0.0,"max_hp_loss":0.0,"gold_gain":77.0,"event_name":"Golden Wing","player_choice":"Gained Gold","floor":2.0,"gold_loss":0.0,"damage_taken":0.0},{"damage_healed":0.0,"max_hp_gain":5.0,"max_hp_loss":0.0,"gold_gain":0.0,"event_name":"Big Fish","player_choice":"Donut","floor":3.0,"gold_loss":0.0,"damage_taken":0.0},{"damage_healed":0.0,"max_hp_gain":0.0,"max_hp_loss":0.0,"gold_gain":0.0,"event_name":"Lab","player_choice":"Got Potions","floor":4.0,"gold_loss":0.0,"damage_taken":0.0},{"damage_healed":17.0,"max_hp_gain":0.0,"max_hp_loss":0.0,"gold_gain":0.0,"event_name":"The Cleric","player_choice":"Healed","floor":11.0,"gold_loss":35.0,"damage_taken":0.0},{"damage_healed":0.0,"max_hp_gain":0.0,"max_hp_loss":0.0,"gold_gain":0.0,"event_name":"Back to Basics","player_choice":"Simplicity","floor":25.0,"gold_loss":0.0,"damage_taken":0.0,"cards_upgraded":["Defend_G","Defend_G","Defend_G","Defend_G","Defend_G","Strike_G","Strike_G","Strike_G","Strike_G"]},{"damage_healed":0.0,"max_hp_gain":0.0,"max_hp_loss":0.0,"gold_gain":0.0,"event_name":"Masked Bandits","player_choice":"Fought Bandits","floor":31.0,"gold_loss":0.0,"damage_taken":0.0},{"damage_healed":0.0,"max_hp_gain":0.0,"max_hp_loss":0.0,"gold_gain":0.0,"event_name":"SensoryStone","player_choice":"Memory 1","floor":36.0,"gold_loss":0.0,"damage_taken":0.0},{"damage_healed":0.0,"max_hp_gain":0.0,"max_hp_loss":0.0,"gold_gain":222.0,"event_name":"Tomb of Lord Red Mask","player_choice":"Wore Mask","floor":38.0,"gold_loss":0.0,"damage_taken":0.0},{"cards_removed":["Defend_G"],"damage_healed":0.0,"max_hp_gain":0.0,"max_hp_loss":0.0,"gold_gain":0.0,"event_name":"Falling","player_choice":"Removed Skill","floor":42.0,"gold_loss":0.0,"damage_taken":0.0},{"damage_healed":0.0,"max_hp_gain":0.0,"max_hp_loss":0.0,"gold_gain":0.0,"event_name":"Mysterious Sphere","player_choice":"Ignored","floor":45.0,"gold_loss":0.0,"damage_taken":0.0}],"is_beta":true,"boss_relics":[{"not_picked":["Sozu","Eternal Feather"],"picked":"Cursed Key"},{"not_picked":["Empty Cage","Lizard Tail"],"picked":"Tiny House"}],"items_purged_floors":[30,39],"is_endless":false,"potions_floor_spawned":[10,13,18,22,29,33,35,41],"ascension_level":20}