{"gold_per_floor":[113,113,129,142,163,163,176,212,212,212,212,212,287,334,334,462,462,462,424,424,424,22,22],"floor_reached":23,"playtime":1509,"items_purged":[],"score":302,"play_id":"ffa8a5b5-ae52-463d-8fdd-6f4b6d63b397","local_time":"20181208123522","is_ascension_mode":true,"campfire_choices":[{"data":"Feed","floor":6.0,"key":"SMITH"},{"data":"Burning Pact","floor":12.0,"key":"SMITH"},{"floor":15.0,"key":"REST"}],"neow_cost":"NONE","seed_source_timestamp":13813629094373,"circlet_count":0,"master_deck":["AscendersBane","Strike_R","Strike_R","Strike_R","Strike_R","Defend_R","Defend_R","Defend_R+1","Defend_R","Bash","Iron Wave+1","Evolve","Disarm","Feed+1","Thunderclap","Burning Pact+1","Fiend Fire","Second Wind","Entrench","Armaments+1","Exhume","Shrug It Off"],"special_seed":0,"relics":["Burning Blood","Golden Idol","Question Card","Prayer Wheel","Pantograph","Lantern","Ectoplasm","Molten Egg 2"],"potions_floor_usage":[21,21],"damage_taken":[{"damage":8.0,"enemies":"2 Louse","floor":1.0,"turns":3.0},{"damage":7.0,"enemies":"Small Slimes","floor":3.0,"turns":3.0},{"damage":8.0,"enemies":"Jaw Worm","floor":4.0,"turns":4.0},{"damage":16.0,"enemies":"Looter","floor":5.0,"turns":4.0},{"damage":1.0,"enemies":"2 Fungi Beasts","floor":7.0,"turns":3.0},{"damage":37.0,"enemies":"Gremlin Nob","floor":8.0,"turns":5.0},{"damage":50.0,"enemies":"The Guardian","floor":16.0,"turns":17.0},{"damage":23,"enemies":"Shell Parasite","floor":18,"turns":8},{"damage":44,"enemies":"Spheric Guardian","floor":21,"turns":9},{"damage":20,"enemies":"Slavers","floor":23,"turns":2}],"seed_played":"5670098045185424165","potions_obtained":[{"floor":7.0,"key":"Strength Potion"},{"floor":16.0,"key":"Block Potion"},{"floor":18,"key":"Fire Potion"},{"floor":21,"key":"LiquidBronze"}],"is_trial":false,"path_per_floor":["M","?","M","M","M","R","M","E","T","?","?","R","?","T","R","B",null,"M","$","?","M","$","E"],"character_chosen":"IRONCLAD","items_purchased":["Second Wind","Molten Egg 2","Exhume","Shrug It Off"],"campfire_rested":1,"item_purchase_floors":[19,22,22,22],"current_hp_per_floor":[70,70,69,67,57,57,66,39,39,23,16,16,5,5,29,14,68,55,55,55,17,17,0],"gold":22,"neow_bonus":"TRANSFORM_CARD","is_prod":false,"is_daily":false,"chose_seed":false,"campfire_upgraded":2,"win_rate":0,"timestamp":1544243722,"path_taken":["M","?","M","M","M","R","M","E","T","?","?","R","?","?","R","BOSS","M","$","?","M","$","E"],"build_version":"2018-12-06","purchased_purges":0,"victory":false,"max_hp_per_floor":[80,74,74,74,74,74,78,82,82,82,82,82,82,82,82,86,86,90,90,90,90,90,90],"card_choices":[{"not_picked":["Headbutt","Sword Boomerang","Iron Wave"],"picked":"SKIP","floor":1.0},{"not_picked":["Sever Soul","Headbutt"],"picked":"Evolve","floor":3.0},{"not_picked":["Wild Strike","Heavy Blade"],"picked":"Disarm","floor":4.0},{"not_picked":["Headbutt","Twin Strike"],"picked":"Feed","floor":5.0},{"not_picked":["Armaments","Perfected Strike"],"picked":"Thunderclap","floor":7.0},{"not_picked":["Pommel Strike","Armaments"],"picked":"Burning Pact","floor":8.0},{"not_picked":["Berserk","Offering","Reaper"],"picked":"Fiend Fire","floor":16.0},{"not_picked":["Flame Barrier","Wild Strike","Pummel","Warcry"],"picked":"SKIP","floor":18},{"not_picked":["Burning Pact","Heavy Blade","Bloodletting","Havoc"],"picked":"SKIP","floor":18},{"not_picked":["Clothesline","Inflame+1","Flex"],"picked":"Armaments+1","floor":21},{"not_picked":["Rage","Disarm","Fire Breathing+1","Warcry"],"picked":"SKIP","floor":21}],"player_experience":595723,"relics_obtained":[{"floor":8.0,"key":"Question Card"},{"floor":9.0,"key":"Prayer Wheel"},{"floor":14.0,"key":"Lantern"}],"event_choices":[{"damage_healed":0.0,"max_hp_gain":0.0,"max_hp_loss":6.0,"gold_gain":0.0,"event_name":"Golden Idol","player_choice":"Lose Max HP","floor":2.0,"gold_loss":0.0,"damage_taken":0.0,"relics_obtained":["Golden Idol"]},{"damage_healed":0.0,"max_hp_gain":0.0,"max_hp_loss":0.0,"gold_gain":0.0,"event_name":"Shining Light","player_choice":"Entered Light","floor":10.0,"gold_loss":0.0,"damage_taken":16.0,"cards_upgraded":["Defend_R","Iron Wave"]},{"damage_healed":0.0,"max_hp_gain":0.0,"max_hp_loss":0.0,"gold_gain":0.0,"event_name":"Scrap Ooze","player_choice":"Success","floor":11.0,"gold_loss":0.0,"damage_taken":7.0,"relics_obtained":["Pantograph"]},{"damage_healed":0.0,"max_hp_gain":0.0,"max_hp_loss":0.0,"gold_gain":75.0,"event_name":"World of Goop","player_choice":"Gather Gold","floor":13.0,"gold_loss":0.0,"damage_taken":11.0},{"damage_healed":0,"gold_gain":0,"player_choice":"Read","damage_taken":0,"max_hp_gain":0,"max_hp_loss":0,"event_name":"The Library","floor":20,"gold_loss":0,"cards_obtained":["Entrench"]}],"is_beta":true,"boss_relics":[{"not_picked":["Pandora\u0027s Box","White Beast Statue"],"picked":"Ectoplasm"}],"items_purged_floors":[],"is_endless":false,"potions_floor_spawned":[7,16,18,21],"killed_by":"Slavers","ascension_level":12}