{"gold_per_floor":[15,30,30,43,43,43,61,61,61,73,88,102,102,102,102,176,176,193,222,232,12,12,12,30,42,42,42,72,72,20,20,20,96,96,106,106,328,428,378,397,427,204,204,46,46,63,63,77,77,77,77,77,8,35,35],"floor_reached":55,"playtime":2152,"items_purged":["Force Field","Defend_B"],"score":1234,"play_id":"12ffeefd-53d6-4142-b79e-e57cf3e46d3b","local_time":"20190315211042","is_ascension_mode":true,"campfire_choices":[{"data":"Zap","floor":6.0,"key":"SMITH"},{"data":"Darkness","floor":8.0,"key":"SMITH"},{"data":"Blizzard","floor":13.0,"key":"SMITH"},{"data":"Coolheaded","floor":15.0,"key":"SMITH"},{"data":"Multi-Cast","floor":23.0,"key":"SMITH"},{"data":"Recycle","floor":27.0,"key":"SMITH"},{"data":"Biased Cognition","floor":32.0,"key":"SMITH"},{"data":"Defragment","floor":45.0,"key":"SMITH"},{"data":"Coolheaded","floor":47.0,"key":"SMITH"},{"floor":49.0,"key":"RECALL"},{"data":"Turbo","floor":52,"key":"SMITH"}],"neow_cost":"NO_GOLD","seed_source_timestamp":7379497802806,"circlet_count":0,"master_deck":["AscendersBane","Zap+1","Dualcast+1","Cold Snap+1","Glacier","Darkness+1","Conserve Battery","Coolheaded+1","Blizzard+1","Multi-Cast+1","Electrodynamics+1","Echo Form+1","Recycle+1","Self Repair+1","Skim+1","Biased Cognition+1","Turbo+1","Blind","Coolheaded+1","Defragment+1","Madness","White Noise","Skim+1"],"special_seed":0,"relics":["Cracked Core","Bag of Marbles","Letter Opener","Astrolabe","Red Mask","Boot","Symbiotic Virus","Busted Crown","WingedGreaves","Anchor","Whetstone","Kunai"],"potions_floor_usage":[50,55,55],"damage_taken":[{"damage":10.0,"enemies":"Small Slimes","floor":1.0,"turns":4.0},{"damage":8.0,"enemies":"2 Louse","floor":2.0,"turns":3.0},{"damage":0.0,"enemies":"Cultist","floor":4.0,"turns":4.0},{"damage":0.0,"enemies":"Looter","floor":7.0,"turns":4.0},{"damage":0.0,"enemies":"Exordium Thugs","floor":10.0,"turns":4.0},{"damage":0.0,"enemies":"Blue Slaver","floor":11.0,"turns":3.0},{"damage":0.0,"enemies":"Large Slime","floor":12.0,"turns":3.0},{"damage":3.0,"enemies":"Hexaghost","floor":16.0,"turns":10.0},{"damage":4.0,"enemies":"Chosen","floor":18.0,"turns":5.0},{"damage":12.0,"enemies":"Masked Bandits","floor":19.0,"turns":2.0},{"damage":5.0,"enemies":"2 Thieves","floor":20.0,"turns":3.0},{"damage":0.0,"enemies":"Snecko","floor":24.0,"turns":6.0},{"damage":5.0,"enemies":"Centurion and Healer","floor":25.0,"turns":5.0},{"damage":0.0,"enemies":"Gremlin Leader","floor":28.0,"turns":7.0},{"damage":34.0,"enemies":"Champ","floor":33.0,"turns":9.0},{"damage":9.0,"enemies":"3 Darklings","floor":35.0,"turns":2.0},{"damage":0.0,"enemies":"Mind Bloom Boss Battle","floor":38.0,"turns":4.0},{"damage":22.0,"enemies":"Orb Walker","floor":40.0,"turns":3.0},{"damage":0.0,"enemies":"Giant Head","floor":41.0,"turns":4.0},{"damage":0.0,"enemies":"3 Darklings","floor":46.0,"turns":4.0},{"damage":16.0,"enemies":"4 Shapes","floor":48.0,"turns":3.0},{"damage":23,"enemies":"Time Eater","floor":50,"turns":6},{"damage":10,"enemies":"Shield and Spear","floor":54,"turns":5},{"damage":77,"enemies":"The Heart","floor":55,"turns":9}],"seed_played":"-6167807950175182099","potions_obtained":[{"floor":2.0,"key":"Explosive Potion"},{"floor":4.0,"key":"Weak Potion"},{"floor":18.0,"key":"Dexterity Potion"},{"floor":22.0,"key":"Fruit Juice"},{"floor":22.0,"key":"SpeedPotion"},{"floor":28.0,"key":"Swift Potion"},{"floor":35.0,"key":"Dexterity Potion"},{"floor":54,"key":"Block Potion"}],"is_trial":false,"path_per_floor":["M","M","?","M","$","R","M","R","T","M","M","M","R","?","R","B",null,"M","?","M","$","?","R","M","M","T","R","E","?","$","T","R","B",null,"M","?","?","?","?","M","E","$","T","$","R","M","R","M","R","B",null,"R","$","E","B"],"character_chosen":"DEFECT","items_purchased":["Self Repair","GamblersBrew","PowerPotion","Blind","Coolheaded","Defragment","Madness","White Noise"],"campfire_rested":0,"item_purchase_floors":[21,21,30,42,42,44,44,53],"current_hp_per_floor":[54,46,46,46,46,46,46,46,46,46,46,46,46,20,20,17,58,54,42,37,37,42,42,49,51,51,51,58,58,58,58,58,31,65,56,56,56,63,63,51,61,61,61,61,61,71,71,75,75,72,75,75,75,75,0],"gold":35,"neow_bonus":"REMOVE_TWO","is_prod":false,"is_daily":false,"chose_seed":true,"campfire_upgraded":10,"win_rate":0,"timestamp":1552655442,"path_taken":["M","M","?","M","$","R","M","R","T","M","M","M","R","?","R","BOSS","M","?","M","$","?","R","?","M","T","R","E","?","$","?","R","BOSS","M","?","?","?","?","M","E","$","T","$","R","?","R","M","R","BOSS","R","$","E","BOSS"],"build_version":"2019-02-06","purchased_purges":2,"victory":false,"max_hp_per_floor":[71,71,71,71,71,71,71,71,71,71,71,71,71,71,71,71,71,71,71,71,71,76,76,76,76,76,76,76,76,76,76,76,76,76,76,76,76,76,76,76,76,76,76,76,76,76,76,76,76,76,76,76,76,76,76],"card_choices":[{"not_picked":["Barrage","Stack","Scrape"],"picked":"SKIP","floor":1.0},{"not_picked":["Force Field","BootSequence"],"picked":"Cold Snap","floor":2.0},{"not_picked":["Tempest","Redo"],"picked":"Glacier","floor":4.0},{"not_picked":["Coolheaded","Heatsinks"],"picked":"Darkness","floor":7.0},{"not_picked":["Reprogram","Steam"],"picked":"Conserve Battery","floor":10.0},{"not_picked":["Rainbow","Reprogram"],"picked":"Coolheaded","floor":11.0},{"not_picked":["Auto Shields","Turbo"],"picked":"Blizzard","floor":12.0},{"not_picked":["Reboot","Creative AI"],"picked":"Multi-Cast","floor":16.0},{"not_picked":["Leap","Rebound"],"picked":"Recycle","floor":18.0},{"not_picked":["Gash+1","Fusion","Scrape"],"picked":"SKIP","floor":20.0},{"not_picked":["Conserve Battery","Steam"],"picked":"Skim+1","floor":24.0},{"not_picked":["Go for the Eyes","Conserve Battery","Scrape"],"picked":"SKIP","floor":25.0},{"not_picked":["Coolheaded+1","Gash"],"picked":"Biased Cognition","floor":28.0},{"not_picked":["Hello World"],"picked":"SKIP","floor":35.0},{"not_picked":[],"picked":"Turbo","floor":40.0},{"not_picked":["Blizzard+1"],"picked":"SKIP","floor":41.0},{"not_picked":["Cold Snap+1"],"picked":"SKIP","floor":46.0},{"not_picked":["Gash"],"picked":"SKIP","floor":48.0},{"not_picked":[],"picked":"Skim+1","floor":54}],"player_experience":858135,"relics_obtained":[{"floor":9.0,"key":"Bag of Marbles"},{"floor":19.0,"key":"Red Mask"},{"floor":26.0,"key":"Boot"},{"floor":28.0,"key":"Symbiotic Virus"},{"floor":38.0,"key":"WingedGreaves"},{"floor":41.0,"key":"Anchor"},{"floor":43.0,"key":"Whetstone"},{"floor":54,"key":"Kunai"}],"event_choices":[{"damage_healed":0.0,"max_hp_gain":0.0,"max_hp_loss":0.0,"gold_gain":0.0,"cards_transformed":["Strike_B"],"event_name":"Living Wall","player_choice":"Change","floor":3.0,"gold_loss":0.0,"damage_taken":0.0,"cards_obtained":["Force Field"]},{"damage_healed":0.0,"max_hp_gain":0.0,"max_hp_loss":0.0,"gold_gain":0.0,"event_name":"Scrap Ooze","player_choice":"Success","floor":14.0,"gold_loss":0.0,"damage_taken":26.0,"relics_obtained":["Letter Opener"]},{"damage_healed":0.0,"max_hp_gain":0.0,"max_hp_loss":0.0,"gold_gain":0.0,"event_name":"Masked Bandits","player_choice":"Fought Bandits","floor":19.0,"gold_loss":0.0,"damage_taken":0.0},{"damage_healed":0.0,"max_hp_gain":0.0,"max_hp_loss":0.0,"gold_gain":0.0,"event_name":"Lab","player_choice":"Got Potions","floor":22.0,"gold_loss":0.0,"damage_taken":0.0},{"cards_removed":["Defend_B"],"damage_healed":0.0,"max_hp_gain":0.0,"max_hp_loss":0.0,"gold_gain":0.0,"event_name":"Back to Basics","player_choice":"Elegance","floor":29.0,"gold_loss":0.0,"damage_taken":0.0},{"cards_removed":["Coolheaded"],"damage_healed":0.0,"max_hp_gain":0.0,"max_hp_loss":0.0,"gold_gain":0.0,"event_name":"Falling","player_choice":"Removed Skill","floor":36.0,"gold_loss":0.0,"damage_taken":0.0},{"damage_healed":0.0,"max_hp_gain":0.0,"max_hp_loss":0.0,"gold_gain":222.0,"event_name":"Tomb of Lord Red Mask","player_choice":"Wore Mask","floor":37.0,"gold_loss":0.0,"damage_taken":0.0},{"damage_healed":0.0,"max_hp_gain":0.0,"max_hp_loss":0.0,"gold_gain":0.0,"event_name":"MindBloom","player_choice":"Fight","floor":38.0,"gold_loss":0.0,"damage_taken":0.0},{"damage_healed":0.0,"max_hp_gain":0.0,"max_hp_loss":0.0,"gold_gain":0.0,"event_name":"Designer","player_choice":"Upgraded Two","floor":39.0,"gold_loss":50.0,"damage_taken":0.0,"cards_upgraded":["Self Repair","Dualcast"]}],"is_beta":true,"boss_relics":[{"not_picked":["Snecko Eye","Velvet Choker"],"picked":"Astrolabe"},{"not_picked":["FrozenCore","White Beast Statue"],"picked":"Busted Crown"}],"items_purged_floors":[21,42],"is_endless":false,"potions_floor_spawned":[2,4,12,18,24,28,33,35,38,41,54],"killed_by":"The Heart","ascension_level":15}