{"gold_per_floor":[117,117,37,37,55,387,397,409,409,409,419,419,419,431,431,431],"floor_reached":16,"playtime":298,"items_purged":[],"score":254,"play_id":"5406390d-5980-48ab-8fdd-1a0d9f3494d3","local_time":"20181104192810","is_ascension_mode":true,"campfire_choices":[{"data":"Sunder","floor":10,"key":"SMITH"},{"data":"Beam Cell","floor":13,"key":"SMITH"},{"data":"Barrage","floor":15,"key":"SMITH"}],"neow_cost":"NONE","seed_source_timestamp":30025774629876,"circlet_count":0,"master_deck":["AscendersBane","Strike_B","Strike_B","Strike_B","Strike_B","Defend_B","Defend_B","Defend_B","Defend_B","Zap","Dualcast","Cold Snap","Loop","Sunder+1","Streamline","Barrage+1","Beam Cell+1","Leap","Coolheaded"],"relics":["Cracked Core","NeowsBlessing","Old Coin","Darkstone Periapt"],"potions_floor_usage":[8,16],"damage_taken":[{"damage":0,"enemies":"Small Slimes","floor":1,"turns":1},{"damage":0,"enemies":"Cultist","floor":5,"turns":1},{"damage":0,"enemies":"Lagavulin","floor":6,"turns":1},{"damage":12,"enemies":"Jaw Worm","floor":7,"turns":2},{"damage":0,"enemies":"2 Fungi Beasts","floor":8,"turns":2},{"damage":14,"enemies":"Blue Slaver","floor":11,"turns":4},{"damage":11,"enemies":"3 Louse","floor":14,"turns":3},{"damage":49,"enemies":"The Guardian","floor":16,"turns":6}],"seed_played":"259797883225782628","potions_obtained":[{"floor":6,"key":"Regen Potion"},{"floor":7,"key":"FearPotion"},{"floor":8,"key":"SteroidPotion"}],"is_trial":false,"path_per_floor":["M","?","$","?","M","E","M","M","T","R","M","$","R","M","R","B"],"character_chosen":"DEFECT","items_purchased":["Loop"],"campfire_rested":0,"item_purchase_floors":[3],"current_hp_per_floor":[64,69,69,69,69,69,57,57,57,57,43,43,43,32,32,0],"gold":431,"neow_bonus":"THREE_ENEMY_KILL","is_prod":false,"is_daily":false,"chose_seed":false,"campfire_upgraded":3,"win_rate":0,"timestamp":1541330890,"path_taken":["M","?","$","?","M","E","M","M","T","R","M","$","R","M","R","BOSS"],"build_version":"2018-11-02","purchased_purges":0,"victory":false,"max_hp_per_floor":[71,76,76,76,76,76,76,76,76,76,76,76,76,76,76,76],"card_choices":[{"not_picked":["Gash","Compile Driver"],"picked":"Cold Snap","floor":1},{"not_picked":["Force Field","Compile Driver"],"picked":"Sunder","floor":5},{"not_picked":["White Noise","Consume"],"picked":"Streamline","floor":6},{"not_picked":["Redo","Cold Snap"],"picked":"Barrage","floor":7},{"not_picked":["Barrage","Stack"],"picked":"Beam Cell","floor":8},{"not_picked":["Genetic Algorithm","Redo"],"picked":"Leap","floor":11},{"not_picked":["Reprogram","Double Energy"],"picked":"Coolheaded","floor":14}],"player_experience":503304,"relics_obtained":[{"floor":6,"key":"Old Coin"},{"floor":9,"key":"Darkstone Periapt"}],"event_choices":[{"damage_healed":0,"gold_gain":0,"player_choice":"Donut","damage_taken":0,"max_hp_gain":5,"max_hp_loss":0,"event_name":"Big Fish","floor":2,"gold_loss":0},{"damage_healed":0,"gold_gain":0,"player_choice":"Ignored","damage_taken":0,"max_hp_gain":0,"max_hp_loss":0,"event_name":"Liars Game","floor":4,"gold_loss":0}],"is_beta":true,"boss_relics":[],"items_purged_floors":[],"is_endless":false,"potions_floor_spawned":[6,7,8],"killed_by":"The Guardian","ascension_level":20}