{"gold_per_floor":[117,117,117,392,0,38,59,79,128,128,0,24,54,87,87,183,183,201,201,201,222,272,272,292,310,336,336,336,21,59,82,82,180,180,193,193,193,214,230,230],"floor_reached":40,"playtime":868,"items_purged":["Regret","Zap"],"score":878,"play_id":"86af57c9-e550-493d-86c8-37354cc119d5","local_time":"20181215131422","is_ascension_mode":true,"campfire_choices":[{"data":"Hyperbeam","floor":10.0,"key":"SMITH"},{"data":"Trip","floor":15.0,"key":"SMITH"},{"data":"Hyperbeam","floor":23.0,"key":"SMITH"},{"data":"Skim","floor":27.0,"key":"SMITH"},{"data":"Hologram","floor":32.0,"key":"SMITH"}],"neow_cost":"NONE","seed_source_timestamp":0,"circlet_count":0,"master_deck":["AscendersBane","Strike_B+1","Defend_B","Defend_B","Defend_B","Dualcast","Glacier","Ball Lightning+1","Hyperbeam+1","Skim+1","Hologram+1","Trip+1","Hello World","Hyperbeam+1","Necronomicurse","Steam Power","Turbo","Fusion+1","Coolheaded+1","Hyperbeam","PanicButton+1","Recycle+1","Conserve Battery+1"],"special_seed":0,"relics":["Cracked Core","NeowsBlessing","Golden Idol","Pantograph","Bag of Marbles","Whetstone","Ancient Tea Set","Empty Cage","Necronomicon","Smiling Mask","ClockworkSouvenir","Toxic Egg 2","Sozu","Meat on the Bone"],"potions_floor_usage":[40],"damage_taken":[{"damage":0.0,"enemies":"Jaw Worm","floor":1.0,"turns":1.0},{"damage":0.0,"enemies":"Lagavulin","floor":6.0,"turns":1.0},{"damage":0.0,"enemies":"2 Louse","floor":7.0,"turns":1.0},{"damage":2.0,"enemies":"Small Slimes","floor":8.0,"turns":2.0},{"damage":9.0,"enemies":"Red Slaver","floor":12.0,"turns":2.0},{"damage":6.0,"enemies":"Gremlin Nob","floor":14.0,"turns":3.0},{"damage":12.0,"enemies":"Slime Boss","floor":16.0,"turns":7.0},{"damage":0.0,"enemies":"3 Byrds","floor":18.0,"turns":2.0},{"damage":0.0,"enemies":"Spheric Guardian","floor":21.0,"turns":1.0},{"damage":0.0,"enemies":"Snake Plant","floor":24.0,"turns":1.0},{"damage":0.0,"enemies":"3 Cultists","floor":25.0,"turns":1.0},{"damage":2.0,"enemies":"Gremlin Leader","floor":30.0,"turns":4.0},{"damage":0.0,"enemies":"Centurion and Healer","floor":31.0,"turns":1.0},{"damage":21.0,"enemies":"Collector","floor":33.0,"turns":3.0},{"damage":0.0,"enemies":"3 Shapes","floor":35.0,"turns":1.0},{"damage":0.0,"enemies":"3 Darklings","floor":38.0,"turns":1.0},{"damage":2.0,"enemies":"Transient","floor":39.0,"turns":6.0},{"damage":57,"enemies":"Reptomancer","floor":40,"turns":2}],"seed_played":"5582007429167877587","potions_obtained":[{"floor":1.0,"key":"PowerPotion"},{"floor":8.0,"key":"FearPotion"}],"is_trial":false,"path_per_floor":["M","?","?","?","$","E","M","M","T","R","$","M","M","?","E","R","B",null,"M","?","?","M","?","R","M","M","T","R","?","$","E","M","R","B",null,"M","?","T","M","M","E"],"character_chosen":"DEFECT","items_purchased":["Pantograph","Ball Lightning","Trip","Hello World","Turbo","ClockworkSouvenir"],"campfire_rested":0,"item_purchase_floors":[5,5,11,11,29,29],"current_hp_per_floor":[64,57,33,33,33,33,33,31,31,31,31,22,22,16,16,29,61,61,61,40,40,40,40,40,40,40,40,54,54,52,52,52,50,66,66,56,56,56,54,0],"gold":230,"neow_bonus":"THREE_ENEMY_KILL","is_prod":false,"is_daily":false,"chose_seed":false,"campfire_upgraded":5,"win_rate":0,"timestamp":1544850862,"path_taken":["M","?","?","?","$","E","?","M","T","R","?","M","?","E","R","BOSS","M","?","?","M","?","R","M","M","T","R","?","$","E","M","R","BOSS","M","?","?","M","M","E"],"build_version":"2018-12-13","purchased_purges":2,"victory":false,"max_hp_per_floor":[71,71,71,71,71,71,71,71,71,71,71,71,71,71,71,71,71,71,71,71,71,71,71,71,71,71,71,71,71,71,71,71,71,71,71,71,71,71,71,71],"card_choices":[{"not_picked":["Chill","Stack"],"picked":"Glacier","floor":1.0},{"not_picked":["Chill","Stack"],"picked":"Hyperbeam","floor":6.0},{"not_picked":["Gash","Ball Lightning"],"picked":"Skim","floor":7.0},{"not_picked":["BootSequence","Barrage"],"picked":"Hologram","floor":8.0},{"not_picked":["Cold Snap","Sweeping Beam","Turbo"],"picked":"SKIP","floor":12.0},{"not_picked":["Biased Cognition","Beam Cell","Gash"],"picked":"SKIP","floor":14.0},{"not_picked":["Electrodynamics","Buffer"],"picked":"Hyperbeam","floor":16.0},{"not_picked":["Barrage","Stack","Gash"],"picked":"SKIP","floor":18.0},{"not_picked":["Go for the Eyes","Gash"],"picked":"Steam Power","floor":21.0},{"not_picked":["Loop+1","Go for the Eyes","Tempest"],"picked":"SKIP","floor":24.0},{"not_picked":["Sweeping Beam","Scrape","Barrage"],"picked":"SKIP","floor":25.0},{"not_picked":["Streamline+1","Sweeping Beam"],"picked":"Fusion+1","floor":30.0},{"not_picked":["Turbo+1","Defragment"],"picked":"Coolheaded+1","floor":31.0},{"not_picked":["Thunder Strike","All For One"],"picked":"Hyperbeam","floor":33.0},{"not_picked":["Hello World","Chill+1","Coolheaded+1"],"picked":"SKIP","floor":35.0},{"not_picked":["Purity+1","Discovery+1"],"picked":"PanicButton+1","floor":36.0},{"not_picked":["Hologram+1","Redo+1"],"picked":"Recycle+1","floor":38.0},{"not_picked":["Sweeping Beam","Leap+1"],"picked":"Conserve Battery+1","floor":39.0}],"player_experience":621390,"relics_obtained":[{"floor":6.0,"key":"Bag of Marbles"},{"floor":9.0,"key":"Whetstone"},{"floor":14.0,"key":"Ancient Tea Set"},{"floor":20.0,"key":"Necronomicon"},{"floor":26.0,"key":"Smiling Mask"},{"floor":30.0,"key":"Toxic Egg 2"},{"floor":37.0,"key":"Meat on the Bone"}],"event_choices":[{"cards_removed":["Strike_B"],"damage_healed":0.0,"max_hp_gain":0.0,"max_hp_loss":0.0,"gold_gain":0.0,"event_name":"Golden Wing","player_choice":"Card Removal","floor":2.0,"gold_loss":0.0,"damage_taken":7.0},{"damage_healed":0.0,"max_hp_gain":0.0,"max_hp_loss":0.0,"gold_gain":0.0,"event_name":"Golden Idol","player_choice":"Take Damage","floor":3.0,"gold_loss":0.0,"damage_taken":24.0,"relics_obtained":["Golden Idol"]},{"damage_healed":0.0,"max_hp_gain":0.0,"max_hp_loss":0.0,"gold_gain":275.0,"event_name":"Golden Shrine","player_choice":"Desecrate","floor":4.0,"gold_loss":0.0,"damage_taken":0.0,"cards_obtained":["Regret"]},{"damage_healed":0.0,"max_hp_gain":0.0,"max_hp_loss":0.0,"gold_gain":30.0,"event_name":"Dead Adventurer","player_choice":"Searched \u00271\u0027 times","floor":13.0,"gold_loss":0.0,"damage_taken":0.0},{"cards_removed":["Strike_B"],"damage_healed":0.0,"max_hp_gain":0.0,"max_hp_loss":0.0,"gold_gain":0.0,"event_name":"Back to Basics","player_choice":"Elegance","floor":19.0,"gold_loss":0.0,"damage_taken":0.0},{"damage_healed":0.0,"max_hp_gain":0.0,"max_hp_loss":0.0,"gold_gain":0.0,"event_name":"Cursed Tome","player_choice":"Obtained Book","floor":20.0,"gold_loss":0.0,"damage_taken":21.0},{"damage_healed":0.0,"max_hp_gain":0.0,"max_hp_loss":0.0,"gold_gain":50.0,"event_name":"Nest","player_choice":"Stole From Cult","floor":22.0,"gold_loss":0.0,"damage_taken":0.0},{"damage_healed":14.0,"max_hp_gain":0.0,"max_hp_loss":0.0,"gold_gain":0.0,"event_name":"The Library","player_choice":"Heal","floor":28.0,"gold_loss":0.0,"damage_taken":0.0},{"damage_healed":0.0,"max_hp_gain":0.0,"max_hp_loss":0.0,"gold_gain":0.0,"event_name":"SensoryStone","player_choice":"Memory 3","floor":36.0,"gold_loss":0.0,"damage_taken":10.0}],"is_beta":true,"boss_relics":[{"not_picked":["Eternal Feather","Orrery"],"picked":"Empty Cage"},{"not_picked":["Astrolabe","Lizard Tail"],"picked":"Sozu"}],"items_purged_floors":[5,29],"is_endless":false,"potions_floor_spawned":[1,8,12,14,21,25,33,35],"killed_by":"Reptomancer","ascension_level":20}