{"gold_per_floor":[112,27,27,37,52,87,87,118,144,144,163,177,177,208,208,208],"floor_reached":16,"playtime":607,"items_purged":[],"score":232,"play_id":"4e953807-c7d3-4d9c-bd4e-dfb3b6f4640f","local_time":"20181006151811","is_ascension_mode":true,"campfire_choices":[{"data":"Darkness","floor":7.0,"key":"SMITH"},{"data":"Redo","floor":13,"key":"SMITH"},{"data":"Fusion","floor":15,"key":"SMITH"}],"neow_cost":"NONE","seed_source_timestamp":2673103595542,"circlet_count":0,"master_deck":["Strike_B","Strike_B","Defend_B","Defend_B","Defend_B","Defend_B","Zap+1","Dualcast","AscendersBane","Darkness+1","Self Repair","Leap","Streamline","Gash","Gash","Beam Cell","Fusion+1","Redo+1"],"special_seed":0,"relics":["Cracked Core","Oddly Smooth Stone","Ancient Tea Set","PreservedInsect","Darkstone Periapt"],"potions_floor_usage":[14,16],"damage_taken":[{"damage":4.0,"enemies":"Small Slimes","floor":1.0,"turns":3.0},{"damage":0.0,"enemies":"Cultist","floor":4.0,"turns":4.0},{"damage":3.0,"enemies":"Jaw Worm","floor":5.0,"turns":3.0},{"damage":22.0,"enemies":"3 Sentries","floor":6.0,"turns":6.0},{"damage":18.0,"enemies":"Lagavulin","floor":8.0,"turns":5.0},{"damage":16,"enemies":"Large Slime","floor":11,"turns":6},{"damage":5,"enemies":"Red Slaver","floor":12,"turns":3},{"damage":0,"enemies":"3 Sentries","floor":14,"turns":4},{"damage":51,"enemies":"The Guardian","floor":16,"turns":6}],"seed_played":"4460485633344040952","potions_obtained":[{"floor":5.0,"key":"Strength Potion"},{"floor":8.0,"key":"SteroidPotion"},{"floor":11,"key":"Fire Potion"},{"floor":14,"key":"Strength Potion"}],"is_trial":false,"path_per_floor":["M","$","?","M","M","E","R","E","T","?","M","M","R","E","R"],"character_chosen":"DEFECT","items_purchased":["Self Repair","Leap"],"campfire_rested":0,"item_purchase_floors":[2,2],"current_hp_per_floor":[64,64,64,71,75,60,60,49,49,49,40,42,42,49,49,0],"gold":208,"neow_bonus":"UPGRADE_CARD","is_prod":false,"is_daily":false,"chose_seed":false,"campfire_upgraded":3,"win_rate":0,"timestamp":1538810291,"path_taken":["M","$","?","M","M","E","R","E","T","?","M","?","R","E","R","BOSS"],"build_version":"2018-10-04","purchased_purges":0,"victory":false,"max_hp_per_floor":[75,75,75,75,75,75,75,75,75,75,75,75,75,75,75,75],"card_choices":[{"not_picked":["Compile Driver","Ball Lightning"],"picked":"Darkness","floor":1.0},{"not_picked":["Steam","Sweeping Beam"],"picked":"Streamline","floor":4.0},{"not_picked":["Sweeping Beam","Steam Power"],"picked":"Gash","floor":5.0},{"not_picked":["Aggregate","Coolheaded"],"picked":"Gash","floor":6.0},{"not_picked":["Static Discharge","Coolheaded"],"picked":"Beam Cell","floor":8.0},{"not_picked":["Aggregate","Coolheaded"],"picked":"Fusion","floor":11},{"not_picked":["Sweeping Beam","Self Repair"],"picked":"Redo","floor":12},{"not_picked":["Machine Learning","Sweeping Beam","Double Energy"],"picked":"SKIP","floor":14}],"player_experience":414816,"relics_obtained":[{"floor":6.0,"key":"Oddly Smooth Stone"},{"floor":8.0,"key":"Ancient Tea Set"},{"floor":9.0,"key":"PreservedInsect"},{"floor":14,"key":"Darkstone Periapt"}],"event_choices":[{"event_name":"Wheel of Change","player_choice":"Card Removal","floor":3.0,"damage_taken":0.0},{"event_name":"Bonfire Elementals","player_choice":"BASIC","floor":10,"damage_taken":0}],"is_beta":true,"boss_relics":[],"items_purged_floors":[],"is_endless":false,"potions_floor_spawned":[5,8,11,14],"killed_by":"The Guardian","ascension_level":12}