{"gold_per_floor":[15,115,134,149,165,165,192,202,225,225,225,242,242,265,265,358,358,379,403,403,421,33,33,0,0,0,0,19,39,63,77,77,175,175,199,218,218,239,139,139,159,180,180,180,200,200,200,223,223,223],"floor_reached":51,"playtime":2080,"items_purged":["Strike_B","Strike_B"],"score":1143,"play_id":"d7c79e8c-e7eb-4d31-b2fc-906a196ba39b","local_time":"20190201113537","is_ascension_mode":true,"campfire_choices":[{"data":"Coolheaded","floor":6,"key":"SMITH"},{"floor":11,"key":"REST"},{"floor":15,"key":"REST"},{"floor":23,"key":"REST"},{"floor":25,"key":"REST"},{"data":"Defragment","floor":32,"key":"SMITH"},{"data":"Thunder Strike","floor":40,"key":"SMITH"},{"data":"Electrodynamics","floor":44,"key":"SMITH"},{"data":"Tempest","floor":46,"key":"SMITH"},{"data":"Turbo","floor":49,"key":"SMITH"}],"neow_cost":"NO_GOLD","seed_source_timestamp":8697731191192,"circlet_count":0,"master_deck":["AscendersBane","Strike_B","Defend_B","Defend_B","Defend_B","Defend_B","Zap","Dualcast","Redo","Turbo+1","Coolheaded+1","Tempest+1","Thunder Strike+1","Reinforced Body","Ball Lightning","Glacier","Electrodynamics+1","Glacier","Stack+1","Self Repair","Defragment+1","Hologram+1","Chill","Meteor Strike","Parasite"],"relics":["Cracked Core","Ice Cream","Oddly Smooth Stone","Bag of Marbles","Golden Idol","Snecko Eye","GremlinMask","Chemical X","Letter Opener","Busted Crown","Frozen Egg 2"],"potions_floor_usage":[14,16,16,31],"damage_taken":[{"damage":8,"enemies":"Jaw Worm","floor":1,"turns":4},{"damage":1,"enemies":"Cultist","floor":3,"turns":3},{"damage":10,"enemies":"Small Slimes","floor":4,"turns":3},{"damage":11,"enemies":"Looter","floor":5,"turns":3},{"damage":21,"enemies":"Lagavulin","floor":7,"turns":6},{"damage":6,"enemies":"2 Fungi Beasts","floor":8,"turns":3},{"damage":21,"enemies":"Lots of Slimes","floor":12,"turns":8},{"damage":2,"enemies":"Blue Slaver","floor":14,"turns":3},{"damage":8,"enemies":"Slime Boss","floor":16,"turns":7},{"damage":13,"enemies":"2 Thieves","floor":18,"turns":3},{"damage":0,"enemies":"Spheric Guardian","floor":19,"turns":5},{"damage":34,"enemies":"Snecko","floor":21,"turns":5},{"damage":3,"enemies":"Snake Plant","floor":28,"turns":3},{"damage":0,"enemies":"Centurion and Healer","floor":29,"turns":4},{"damage":8,"enemies":"Shelled Parasite and Fungi","floor":30,"turns":4},{"damage":0,"enemies":"3 Cultists","floor":31,"turns":3},{"damage":6,"enemies":"Collector","floor":33,"turns":12},{"damage":15,"enemies":"3 Darklings","floor":35,"turns":4},{"damage":0,"enemies":"Orb Walker","floor":36,"turns":3},{"damage":0,"enemies":"Writhing Mass","floor":38,"turns":6},{"damage":2,"enemies":"4 Shapes","floor":41,"turns":2},{"damage":0,"enemies":"Spire Growth","floor":42,"turns":3},{"damage":18,"enemies":"Maw","floor":45,"turns":6},{"damage":4,"enemies":"Sphere and 2 Shapes","floor":48,"turns":4},{"damage":9,"enemies":"Donu and Deca","floor":50,"turns":4}],"seed_played":"9172782002140434198","potions_obtained":[{"floor":3,"key":"Energy Potion"},{"floor":7,"key":"SpeedPotion"},{"floor":14,"key":"FearPotion"},{"floor":21,"key":"Strength Potion"},{"floor":29,"key":"Block Potion"},{"floor":31,"key":"Weak Potion"},{"floor":41,"key":"Energy Potion"},{"floor":48,"key":"Energy Potion"}],"is_trial":false,"path_per_floor":["M","?","M","M","M","R","E","M","T","?","R","M","?","M","R","B",null,"M","M","?","M","$","R","?","R","T","?","M","M","M","M","R","B",null,"M","M","?","M","$","R","M","M","T","R","M","R","?","M","R","B",null],"character_chosen":"DEFECT","items_purchased":["Chemical X","Self Repair"],"campfire_rested":4,"item_purchase_floors":[22,22],"current_hp_per_floor":[56,56,55,45,34,34,13,7,7,7,28,7,7,5,24,16,52,39,39,39,5,5,24,24,43,43,43,40,47,39,39,39,40,58,50,50,50,57,57,57,55,62,62,62,51,51,51,54,54,45],"gold":223,"neow_bonus":"ONE_RARE_RELIC","is_prod":false,"is_daily":false,"chose_seed":false,"campfire_upgraded":6,"win_rate":0,"timestamp":1548992137,"path_taken":["M","?","?","M","M","R","E","M","T","?","R","M","?","M","R","BOSS","M","M","?","?","$","R","?","R","T","?","M","M","?","M","R","BOSS","M","M","?","M","$","R","M","M","T","R","M","R","?","M","R","BOSS"],"build_version":"2019-01-23","purchased_purges":2,"victory":true,"max_hp_per_floor":[71,71,71,71,71,71,71,71,71,71,71,71,64,64,64,64,64,64,64,64,64,64,64,64,64,64,64,64,64,64,64,64,64,64,64,64,64,64,64,64,64,64,64,64,64,64,61,61,61,61],"card_choices":[{"not_picked":["Rebound","Cold Snap"],"picked":"Redo","floor":1},{"not_picked":["Turbo","Barrage","Lockon"],"picked":"SKIP","floor":3},{"not_picked":["Barrage","Lockon"],"picked":"Turbo","floor":3},{"not_picked":["Turbo","Static Discharge"],"picked":"Coolheaded","floor":4},{"not_picked":["Stack","Hologram"],"picked":"Tempest","floor":5},{"not_picked":["Lockon","Undo"],"picked":"Thunder Strike","floor":7},{"not_picked":["Capacitor","Doom and Gloom"],"picked":"Reinforced Body","floor":8},{"not_picked":["Reinforced Body","Streamline"],"picked":"Ball Lightning","floor":12},{"not_picked":["White Noise","Redo"],"picked":"Glacier","floor":14},{"not_picked":["Seek","Amplify"],"picked":"Electrodynamics","floor":16},{"not_picked":["Chaos+1","Recycle"],"picked":"Glacier","floor":18},{"not_picked":["Auto Shields","Barrage","Leap"],"picked":"SKIP","floor":19},{"not_picked":["Leap","Cold Snap"],"picked":"Stack+1","floor":21},{"not_picked":["Doom and Gloom","Double Energy","Leap"],"picked":"SKIP","floor":28},{"not_picked":["Steam","Cold Snap","Conserve Battery"],"picked":"SKIP","floor":29},{"not_picked":["Stack","Leap+1"],"picked":"Hologram+1","floor":30},{"not_picked":["Redo+1","Rip and Tear"],"picked":"Chill","floor":31},{"not_picked":["Reboot","Seek"],"picked":"Meteor Strike","floor":33},{"not_picked":["Double Energy"],"picked":"SKIP","floor":35},{"not_picked":["Cold Snap"],"picked":"SKIP","floor":36},{"not_picked":["Storm"],"picked":"SKIP","floor":38},{"not_picked":["Gash"],"picked":"SKIP","floor":41},{"not_picked":["Self Repair"],"picked":"SKIP","floor":42},{"not_picked":["Cold Snap"],"picked":"SKIP","floor":45},{"not_picked":["Stack"],"picked":"SKIP","floor":48}],"player_experience":751967,"relics_obtained":[{"floor":7,"key":"Oddly Smooth Stone"},{"floor":9,"key":"Bag of Marbles"},{"floor":26,"key":"Letter Opener"},{"floor":43,"key":"Frozen Egg 2"}],"event_choices":[{"damage_healed":0,"gold_gain":100,"player_choice":"Gold","damage_taken":0,"max_hp_gain":0,"max_hp_loss":0,"event_name":"Wheel of Change","floor":2,"gold_loss":0},{"damage_healed":0,"gold_gain":0,"player_choice":"Searched \u00270\u0027 times","damage_taken":0,"max_hp_gain":0,"max_hp_loss":0,"event_name":"Dead Adventurer","floor":10,"gold_loss":0},{"damage_healed":0,"gold_gain":0,"player_choice":"Lose Max HP","damage_taken":0,"relics_obtained":["Golden Idol"],"max_hp_gain":0,"max_hp_loss":7,"event_name":"Golden Idol","floor":13,"gold_loss":0},{"damage_healed":0,"gold_gain":0,"player_choice":"Trade","damage_taken":0,"relics_obtained":["GremlinMask"],"max_hp_gain":0,"max_hp_loss":0,"event_name":"FaceTrader","floor":20,"gold_loss":0},{"damage_healed":0,"gold_gain":0,"player_choice":"Paid Fearfully","damage_taken":0,"max_hp_gain":0,"max_hp_loss":0,"event_name":"Masked Bandits","floor":24,"gold_loss":33},{"damage_healed":0,"gold_gain":0,"cards_transformed":["Strike_B"],"player_choice":"Transformed","damage_taken":0,"max_hp_gain":0,"max_hp_loss":0,"event_name":"Transmorgrifier","floor":27,"gold_loss":0,"cards_obtained":["Defragment"]},{"damage_healed":0,"gold_gain":0,"player_choice":"Memory 1","damage_taken":0,"max_hp_gain":0,"max_hp_loss":0,"event_name":"SensoryStone","floor":37,"gold_loss":0},{"damage_healed":0,"gold_gain":0,"player_choice":"Max HP","damage_taken":0,"max_hp_gain":0,"max_hp_loss":3,"event_name":"Winding Halls","floor":47,"gold_loss":0}],"is_beta":true,"boss_relics":[{"not_picked":["Tiny House","White Beast Statue"],"picked":"Snecko Eye"},{"not_picked":["Eternal Feather","Inserter"],"picked":"Busted Crown"}],"items_purged_floors":[22,39],"is_endless":false,"potions_floor_spawned":[3,7,8,12,14,21,29,30,31,33,36,41,48],"ascension_level":16}