{"gold_per_floor":[116,391,40,50,50,83,83,96,121,45,77,77,105,118,118,118],"floor_reached":16,"playtime":481,"items_purged":["Regret"],"score":293,"play_id":"09dd7089-1989-40b2-bb50-bdd882d148a1","local_time":"20190129105116","is_ascension_mode":true,"campfire_choices":[{"data":"Redo","floor":7.0,"key":"SMITH"},{"data":"Loop","floor":12.0,"key":"SMITH"},{"floor":15.0,"key":"REST"}],"neow_cost":"NONE","seed_source_timestamp":8519424855512,"circlet_count":0,"master_deck":["AscendersBane","Strike_B","Strike_B","Strike_B","Strike_B","Defend_B","Defend_B","Defend_B","Defend_B","Zap","Dualcast","Reinforced Body","Redo+1","Leap","Biased Cognition","Loop+1","Skim","Chill","Ball Lightning"],"special_seed":0,"relics":["Cracked Core","AscMod:StarOfAscension","NeowsBlessing","Chemical X","StoneCalendar","Letter Opener","keyreminder:keyreminder","Orichalcum","Omamori","Ornamental Fan"],"potions_floor_usage":[],"damage_taken":[{"damage":0.0,"enemies":"2 Louse","floor":1.0,"turns":1.0},{"damage":0.0,"enemies":"Cultist","floor":4.0,"turns":1.0},{"damage":0.0,"enemies":"3 Sentries","floor":6.0,"turns":2.0},{"damage":0.0,"enemies":"Small Slimes","floor":8.0,"turns":3.0},{"damage":24.0,"enemies":"Gremlin Nob","floor":11.0,"turns":4.0},{"damage":16.0,"enemies":"Lagavulin","floor":13.0,"turns":6.0},{"damage":14.0,"enemies":"Exordium Thugs","floor":14.0,"turns":5.0},{"damage":27,"enemies":"The Guardian","floor":16,"turns":6}],"seed_played":"-4485216167135301789","potions_obtained":[{"floor":1.0,"key":"Energy Potion"},{"floor":8.0,"key":"Fire Potion"},{"floor":11.0,"key":"Dexterity Potion"}],"is_trial":false,"path_per_floor":["M","?","$","M","?","E","R","M","T","$","E","R","E","M","R","B"],"character_chosen":"DEFECT","items_purchased":["Chemical X","Redo","Loop"],"campfire_rested":1,"item_purchase_floors":[3,3,10],"current_hp_per_floor":[64,64,64,64,64,64,64,64,64,64,40,40,24,10,31,4],"gold":118,"neow_bonus":"THREE_ENEMY_KILL","is_prod":false,"is_daily":false,"chose_seed":false,"campfire_upgraded":2,"win_rate":0,"timestamp":1548730276,"path_taken":["M","?","?","M","?","E","R","M","T","$","E","R","E","M","R","BOSS"],"build_version":"2019-01-23","purchased_purges":1,"victory":false,"max_hp_per_floor":[71,71,71,71,71,71,71,71,71,71,71,71,71,71,71,71],"card_choices":[{"not_picked":["Chill","Reprogram"],"picked":"Reinforced Body","floor":1.0},{"not_picked":["Go for the Eyes","Steam"],"picked":"Leap","floor":4.0},{"not_picked":["Skim","Auto Shields"],"picked":"Biased Cognition","floor":6.0},{"not_picked":["Reinforced Body","Turbo","Hello World"],"picked":"SKIP","floor":8.0},{"not_picked":["Coolheaded","Force Field"],"picked":"Skim","floor":11.0},{"not_picked":["Stack","Hologram"],"picked":"Chill","floor":13.0},{"not_picked":["Hologram","Steam"],"picked":"Ball Lightning","floor":14.0}],"player_experience":721965,"relics_obtained":[{"floor":5.0,"key":"StoneCalendar"},{"floor":6.0,"key":"Letter Opener"},{"floor":9.0,"key":"Orichalcum"},{"floor":11.0,"key":"Omamori"},{"floor":13.0,"key":"Ornamental Fan"}],"event_choices":[{"damage_healed":0.0,"max_hp_gain":0.0,"max_hp_loss":0.0,"gold_gain":275.0,"event_name":"Golden Shrine","player_choice":"Desecrate","floor":2.0,"gold_loss":0.0,"damage_taken":0.0,"cards_obtained":["Regret"]},{"damage_healed":0.0,"max_hp_gain":0.0,"max_hp_loss":0.0,"gold_gain":0.0,"event_name":"Wheel of Change","player_choice":"Relic","floor":5.0,"gold_loss":0.0,"damage_taken":0.0}],"is_beta":true,"boss_relics":[],"items_purged_floors":[3],"is_endless":false,"potions_floor_spawned":[1,8,11,13],"killed_by":"The Guardian","ascension_level":21}