{"gold_per_floor":[115,128,145,145,145,175,175,191,217,217,228,262,280,300,300,404,404,418,434,446,446,265,265],"floor_reached":23,"playtime":2067,"items_purged":[],"score":205,"play_id":"5f16dad4-95db-45c5-a377-1d89f6c21217","local_time":"20180706122518","is_ascension_mode":false,"campfire_choices":[{"data":"Bouncing Flask","floor":10.0,"key":"SMITH"},{"floor":15.0,"key":"REST"}],"neow_cost":"","seed_source_timestamp":0,"circlet_count":0,"master_deck":["Defend_G","Defend_G","Defend_G","Defend_G","Defend_G","Strike_G","Strike_G","Strike_G","Strike_G","Survivor","Neutralize","Deadly Poison+1","Backflip","Underhanded Strike","Corpse Explosion","Bouncing Flask+1","Backflip","Catalyst","Poisoned Stab","Prepared","Night Terror","Slice","Deflect","Flying Knee+1","Necronomicurse","Apotheosis"],"special_seed":0,"relics":["Ring of the Snake","Potion Belt","Regal Pillow","Bag of Preparation","Runic Pyramid","Necronomicon"],"potions_floor_usage":[20,20,23,23],"damage_taken":[{"damage":0.0,"enemies":"Cultist","floor":1.0,"turns":5.0},{"damage":0.0,"enemies":"2 Louse","floor":2.0,"turns":4.0},{"damage":0.0,"enemies":"Jaw Worm","floor":3.0,"turns":4.0},{"damage":26.0,"enemies":"Lagavulin","floor":6.0,"turns":7.0},{"damage":0.0,"enemies":"Large Slime","floor":8.0,"turns":5.0},{"damage":2.0,"enemies":"Blue Slaver","floor":11.0,"turns":3.0},{"damage":16.0,"enemies":"3 Sentries","floor":12.0,"turns":3.0},{"damage":5.0,"enemies":"Looter","floor":13.0,"turns":3.0},{"damage":1.0,"enemies":"Red Slaver","floor":14.0,"turns":3.0},{"damage":34.0,"enemies":"Hexaghost","floor":16.0,"turns":7.0},{"damage":27,"enemies":"Shell Parasite","floor":18,"turns":5},{"damage":5,"enemies":"Spheric Guardian","floor":19,"turns":3},{"damage":0,"enemies":"Snake Plant","floor":20,"turns":3},{"damage":27,"enemies":"Slavers","floor":23,"turns":3}],"seed_played":"-3886022330731987827","potions_obtained":[{"floor":6.0,"key":"Poison Potion"},{"floor":8.0,"key":"Regen Potion"},{"floor":12.0,"key":"Explosive Potion"},{"floor":16.0,"key":"Fire Potion"},{"floor":18,"key":"Explosive Potion"}],"is_trial":false,"path_per_floor":["M","M","M","?","?","E","?","M","T","R","M","E","M","M","R","B",null,"M","M","M","?","$"],"character_chosen":"THE_SILENT","items_purchased":["Apotheosis"],"campfire_rested":1,"item_purchase_floors":[22],"current_hp_per_floor":[70,70,70,70,75,49,49,49,49,49,47,31,26,25,62,43,75,48,43,43,27,27,0],"gold":265,"neow_bonus":"","is_prod":false,"is_daily":false,"chose_seed":false,"campfire_upgraded":1,"win_rate":0.0,"timestamp":1530851118,"path_taken":["M","M","?","?","?","E","?","M","T","R","M","E","M","M","R","BOSS","M","M","M","?","?","E"],"build_version":"2018-07-05","purchased_purges":0,"victory":false,"max_hp_per_floor":[70,70,70,70,75,75,75,75,75,75,75,75,75,75,75,75,75,75,75,75,75,75,75],"card_choices":[{"not_picked":["Dagger Throw","Infinite Blades"],"picked":"Deadly Poison","floor":1.0},{"not_picked":["Slice","Underhanded Strike"],"picked":"Backflip","floor":2.0},{"not_picked":["Sucker Punch","Dagger Spray"],"picked":"Underhanded Strike","floor":3.0},{"not_picked":["Bane","Reflex"],"picked":"Corpse Explosion","floor":6.0},{"not_picked":["Poisoned Stab","Dagger Spray"],"picked":"Bouncing Flask","floor":8.0},{"not_picked":["Poisoned Stab","Slice"],"picked":"Backflip","floor":11.0},{"not_picked":["Underhanded Strike","Glass Knife"],"picked":"Catalyst","floor":12.0},{"not_picked":["Choke","Reflex"],"picked":"Poisoned Stab","floor":13.0},{"not_picked":["Reflex","Dagger Spray"],"picked":"Prepared","floor":14.0},{"not_picked":["Wraith Form v2","Glass Knife"],"picked":"Night Terror","floor":16.0},{"not_picked":["Deflect","Dodge and Roll"],"picked":"Slice","floor":18},{"not_picked":["Acrobatics+1","All Out Attack"],"picked":"Deflect","floor":19},{"not_picked":["Poisoned Stab","Skewer"],"picked":"Flying Knee+1","floor":20}],"player_experience":37738,"relics_obtained":[{"floor":6.0,"key":"Potion Belt"},{"floor":9.0,"key":"Regal Pillow"},{"floor":12.0,"key":"Bag of Preparation"},{"floor":21,"key":"Necronomicon"}],"event_choices":[{"event_name":"Living Wall","player_choice":"Grow","floor":4.0,"damage_taken":0.0},{"event_name":"Big Fish","player_choice":"Donut","floor":5.0,"damage_taken":0.0},{"event_name":"Bonfire Elementals","player_choice":"BASIC","floor":7.0,"damage_taken":0.0},{"event_name":"Cursed Tome","player_choice":"Obtained Book","floor":21,"damage_taken":0}],"boss_relics":[{"not_picked":["Runic Dome","Velvet Choker"],"picked":"Runic Pyramid"}],"items_purged_floors":[],"is_endless":false,"potions_floor_spawned":[6,8,12,16,18],"killed_by":"Slavers","ascension_level":0}