{"gold_per_floor":[117,36,36,55,55,55,69,69,145,145,162,177,102,114,114,188,188,206,64,83,83,233,263,278,278,278,278,304,331,331],"floor_reached":30,"playtime":1151,"items_purged":[],"score":516,"play_id":"2462924b-c99f-4cfb-9a4d-05551b582372","local_time":"20190615221029","is_ascension_mode":true,"campfire_choices":[{"data":"Defragment","floor":6.0,"key":"SMITH"},{"data":"Doom and Gloom","floor":8.0,"key":"SMITH"},{"data":"Turbo","floor":10.0,"key":"SMITH"},{"data":"Skim","floor":15.0,"key":"SMITH"},{"floor":25.0,"key":"REST"},{"data":"Darkness","floor":27.0,"key":"SMITH"}],"neow_cost":"NONE","seed_source_timestamp":5273156824408,"circlet_count":0,"master_deck":["AscendersBane","Strike_B","Strike_B","Strike_B+1","Defend_B","Defend_B+1","Defend_B","Defend_B","Zap","Dualcast","Defragment+1","Doom and Gloom+1","Turbo+1","Skim+1","Undo","Ball Lightning","Electrodynamics","Darkness+1","Redo","Tempest+1"],"special_seed":0,"relics":["Cracked Core","NeowsBlessing","Runic Pyramid","Pen Nib","Kunai","FossilizedHelix","Ancient Tea Set"],"potions_floor_usage":[30],"damage_taken":[{"damage":0.0,"enemies":"Cultist","floor":1.0,"turns":1.0},{"damage":0.0,"enemies":"Jaw Worm","floor":4.0,"turns":1.0},{"damage":0.0,"enemies":"2 Louse","floor":7.0,"turns":1.0},{"damage":0.0,"enemies":"Large Slime","floor":11.0,"turns":6.0},{"damage":0.0,"enemies":"Looter","floor":12.0,"turns":4.0},{"damage":1.0,"enemies":"2 Fungi Beasts","floor":14.0,"turns":3.0},{"damage":25.0,"enemies":"Slime Boss","floor":16.0,"turns":6.0},{"damage":28.0,"enemies":"theJungle:Flameango_and_Byrd","floor":18.0,"turns":4.0},{"damage":17.0,"enemies":"Shell Parasite","floor":20.0,"turns":4.0},{"damage":12.0,"enemies":"theJungle:MamaSnecko","floor":23.0,"turns":5.0},{"damage":6.0,"enemies":"theJungle:Lyon","floor":24.0,"turns":4.0},{"damage":25,"enemies":"theJungle:2_Phrogs","floor":28,"turns":7},{"damage":11,"enemies":"theJungle:2_Flameangoes","floor":30,"turns":2}],"seed_played":"7879034596828735613","potions_obtained":[{"floor":1.0,"key":"Regen Potion"},{"floor":4.0,"key":"Weak Potion"},{"floor":23.0,"key":"Dexterity Potion"},{"floor":24.0,"key":"Fire Potion"}],"is_trial":false,"path_per_floor":["M","$","?","M","?","R","M","R","T","R","M","M","?","M","R","B",null,"M","$","M","?","?","E","M","R","T","R","E","T","M"],"character_chosen":"DEFECT","items_purchased":["Doom and Gloom","Darkness","Redo"],"campfire_rested":1,"item_purchase_floors":[2,19,19],"current_hp_per_floor":[64,64,64,64,43,43,43,43,43,43,43,43,43,42,42,17,58,30,30,13,13,13,13,7,28,28,28,3,3,0],"gold":331,"neow_bonus":"THREE_ENEMY_KILL","is_prod":false,"is_daily":false,"chose_seed":false,"campfire_upgraded":5,"win_rate":0,"timestamp":1560607829,"path_taken":["M","$","?","M","?","R","M","R","T","R","M","?","?","M","R","BOSS","M","$","M","?","?","E","?","R","T","R","E","?","M"],"build_version":"2019-01-23","purchased_purges":0,"victory":false,"max_hp_per_floor":[71,71,71,71,71,71,71,71,71,71,71,71,71,71,71,71,71,71,71,71,71,71,71,71,71,71,71,71,71,71],"card_choices":[{"not_picked":["Steam","Lockon"],"picked":"Defragment","floor":1.0},{"not_picked":["Auto Shields","BootSequence"],"picked":"Turbo","floor":4.0},{"not_picked":["Genetic Algorithm","Rebound"],"picked":"Skim","floor":7.0},{"not_picked":["Barrage","Storm"],"picked":"Undo","floor":11.0},{"not_picked":["Thunder Strike","Gash","Compile Driver"],"picked":"SKIP","floor":12.0},{"not_picked":["Sweeping Beam","Redo"],"picked":"Ball Lightning","floor":14.0},{"not_picked":["Amplify","Core Surge"],"picked":"Electrodynamics","floor":16.0},{"not_picked":["Steam Power","FTL","Redo"],"picked":"SKIP","floor":18.0},{"not_picked":["Steam Power","FTL","Redo"],"picked":"SKIP","floor":18.0},{"not_picked":["Rebound","Scrape","FTL"],"picked":"SKIP","floor":20.0},{"not_picked":["Gash+1","Skim","Auto Shields"],"picked":"SKIP","floor":23.0},{"not_picked":["Scrape","Stack"],"picked":"Tempest+1","floor":24.0},{"not_picked":["Tempest","Genetic Algorithm","Darkness"],"picked":"SKIP","floor":28}],"player_experience":989167,"relics_obtained":[{"floor":23.0,"key":"Pen Nib"},{"floor":26.0,"key":"Kunai"},{"floor":28,"key":"FossilizedHelix"},{"floor":29,"key":"Ancient Tea Set"}],"event_choices":[{"damage_healed":0.0,"max_hp_gain":0.0,"max_hp_loss":0.0,"gold_gain":0.0,"event_name":"Liars Game","player_choice":"Ignored","floor":3.0,"gold_loss":0.0,"damage_taken":0.0},{"damage_healed":0.0,"max_hp_gain":0.0,"max_hp_loss":0.0,"gold_gain":0.0,"event_name":"Shining Light","player_choice":"Entered Light","floor":5.0,"gold_loss":0.0,"damage_taken":21.0,"cards_upgraded":["Defend_B","Strike_B"]},{"cards_removed":["Strike_B"],"damage_healed":0.0,"max_hp_gain":0.0,"max_hp_loss":0.0,"gold_gain":0.0,"event_name":"The Cleric","player_choice":"Card Removal","floor":13.0,"gold_loss":75.0,"damage_taken":0.0}],"is_beta":false,"boss_relics":[{"not_picked":["Coffee Dripper","Black Star"],"picked":"Runic Pyramid"}],"items_purged_floors":[],"is_endless":false,"potions_floor_spawned":[1,4,14,23,24],"killed_by":"theJungle:2_Flameangoes","ascension_level":20}