{"gold_per_floor":[116,116,135,148,163,163,198,7,33,53,53,79,79,59,59,156,156,176,188,188,188,208,208,227,227,227,253,253,264,179,179,179,179],"floor_reached":33,"playtime":907,"items_purged":["Strike_R"],"score":451,"play_id":"949eb55b-413e-4e63-82f4-6567b55ae365","local_time":"20181115205804","is_ascension_mode":true,"campfire_choices":[{"data":"Perfected Strike","floor":6.0,"key":"SMITH"},{"data":"Pommel Strike","floor":11.0,"key":"SMITH"},{"data":"Uppercut","floor":13.0,"key":"SMITH"},{"data":"Shrug It Off","floor":15.0,"key":"SMITH"},{"data":"Perfected Strike","floor":23,"key":"SMITH"},{"data":"Pommel Strike","floor":25,"key":"SMITH"},{"floor":32,"key":"REST"}],"neow_cost":"NONE","seed_source_timestamp":4302858256742,"circlet_count":0,"master_deck":["AscendersBane","Bash","Perfected Strike+1","Twin Strike","Wild Strike","Thunderclap","Uppercut+1","Burning Pact","Pommel Strike+1","Shrug It Off+1","Sentinel","Iron Wave","Clash","Perfected Strike+1","Pommel Strike+1","Wild Strike","Wild Strike","Perfected Strike+1"],"special_seed":0,"relics":["Burning Blood","NeowsBlessing","Lantern","Potion Belt","Red Skull","Pandora\u0027s Box","Turnip","Blood Vial","Happy Flower"],"potions_floor_usage":[33,33,33],"damage_taken":[{"damage":0.0,"enemies":"Small Slimes","floor":1.0,"turns":1.0},{"damage":0.0,"enemies":"Cultist","floor":3.0,"turns":1.0},{"damage":0.0,"enemies":"Jaw Worm","floor":4.0,"turns":1.0},{"damage":16.0,"enemies":"Exordium Thugs","floor":5.0,"turns":4.0},{"damage":40.0,"enemies":"3 Sentries","floor":7.0,"turns":10.0},{"damage":0.0,"enemies":"Large Slime","floor":10.0,"turns":4.0},{"damage":20.0,"enemies":"Lagavulin","floor":12.0,"turns":4.0},{"damage":22.0,"enemies":"Slime Boss","floor":16.0,"turns":9.0},{"damage":14,"enemies":"Shell Parasite","floor":18,"turns":2},{"damage":0,"enemies":"Spheric Guardian","floor":19,"turns":2},{"damage":6,"enemies":"Cultist and Chosen","floor":22,"turns":4},{"damage":10,"enemies":"Snecko","floor":24,"turns":4},{"damage":27,"enemies":"Gremlin Leader","floor":27,"turns":4},{"damage":9,"enemies":"Centurion and Healer","floor":29,"turns":4},{"damage":88,"enemies":"Champ","floor":33,"turns":8}],"seed_played":"1527607082905416795","potions_obtained":[{"floor":2.0,"key":"Fruit Juice"},{"floor":2.0,"key":"Fruit Juice"},{"floor":2.0,"key":"BloodPotion"},{"floor":4.0,"key":"AttackPotion"},{"floor":5.0,"key":"EssenceOfSteel"},{"floor":7.0,"key":"SpeedPotion"},{"floor":12.0,"key":"SkillPotion"},{"floor":14.0,"key":"LiquidBronze"},{"floor":29,"key":"Regen Potion"}],"is_trial":false,"path_per_floor":["M","?","M","M","M","R","E","$","T","M","R","E","R","?","R","B",null,"M","M","?","?","M","R","M","R","T","E","?","M","?","?","R","B"],"character_chosen":"IRONCLAD","items_purchased":["Uppercut","Burning Pact"],"campfire_rested":1,"item_purchase_floors":[8,8],"current_hp_per_floor":[78,88,90,90,80,80,46,46,46,52,52,38,38,38,38,22,73,65,71,53,53,53,53,49,49,49,28,28,27,27,27,55,0],"gold":179,"neow_bonus":"THREE_ENEMY_KILL","is_prod":false,"is_daily":false,"chose_seed":false,"campfire_upgraded":6,"win_rate":0,"timestamp":1542286684,"path_taken":["M","?","?","M","M","R","E","$","T","M","R","E","R","?","R","BOSS","M","M","?","?","M","R","M","R","T","E","?","?","?","?","R","BOSS"],"build_version":"2018-11-14","purchased_purges":1,"victory":false,"max_hp_per_floor":[80,90,90,90,90,90,90,90,90,90,90,90,90,90,90,90,90,90,90,95,95,95,95,95,95,95,95,95,95,95,95,95,95],"card_choices":[{"not_picked":["True Grit","Sword Boomerang"],"picked":"Perfected Strike","floor":1.0},{"not_picked":["Anger","Warcry"],"picked":"Twin Strike","floor":3.0},{"not_picked":["Evolve","Anger"],"picked":"Wild Strike","floor":4.0},{"not_picked":["Flex","True Grit","Reckless Charge"],"picked":"SKIP","floor":5.0},{"not_picked":["Clash","Sword Boomerang"],"picked":"Thunderclap","floor":7.0},{"not_picked":["Dropkick","Second Wind"],"picked":"Pommel Strike","floor":10.0},{"not_picked":["Combust","Clash"],"picked":"Shrug It Off","floor":12.0},{"not_picked":["Clothesline+1","Anger","Dropkick+1"],"picked":"SKIP","floor":18},{"not_picked":["Thunderclap","Wild Strike","True Grit"],"picked":"SKIP","floor":19},{"not_picked":["Seeing Red","Armaments","Thunderclap"],"picked":"SKIP","floor":22},{"not_picked":["Cleave","Brutality","Headbutt"],"picked":"SKIP","floor":24},{"not_picked":["Cleave","Anger","Body Slam"],"picked":"SKIP","floor":27},{"not_picked":["Pummel","True Grit","Warcry"],"picked":"SKIP","floor":29}],"player_experience":538902,"relics_obtained":[{"floor":7.0,"key":"Lantern"},{"floor":9.0,"key":"Potion Belt"},{"floor":12.0,"key":"Red Skull"},{"floor":26,"key":"Turnip"},{"floor":27,"key":"Blood Vial"}],"event_choices":[{"damage_healed":0.0,"max_hp_gain":0.0,"max_hp_loss":0.0,"gold_gain":0.0,"event_name":"Lab","player_choice":"Got Potions","floor":2.0,"gold_loss":0.0,"damage_taken":0.0},{"damage_healed":0.0,"max_hp_gain":0.0,"max_hp_loss":0.0,"gold_gain":0.0,"event_name":"The Woman in Blue","player_choice":"Bought 1 Potion","floor":14.0,"gold_loss":0.0,"damage_taken":0.0},{"damage_healed":0,"gold_gain":0,"player_choice":"Shed Blood","damage_taken":23,"max_hp_gain":5,"max_hp_loss":0,"event_name":"Forgotten Altar","floor":20,"gold_loss":0},{"damage_healed":0,"gold_gain":0,"player_choice":"Ignored","damage_taken":0,"max_hp_gain":0,"max_hp_loss":0,"event_name":"Ghosts","floor":21,"gold_loss":0},{"cards_removed":["Feel No Pain"],"damage_healed":0,"gold_gain":0,"player_choice":"Elegance","damage_taken":0,"max_hp_gain":0,"max_hp_loss":0,"event_name":"Back to Basics","floor":28,"gold_loss":0},{"damage_healed":0,"gold_gain":0,"player_choice":"Obtained Relic","damage_taken":0,"relics_obtained":["Happy Flower"],"max_hp_gain":0,"max_hp_loss":0,"event_name":"Addict","floor":30,"gold_loss":85},{"damage_healed":0,"gold_gain":0,"player_choice":"Copied","damage_taken":0,"max_hp_gain":0,"max_hp_loss":0,"event_name":"Duplicator","floor":31,"gold_loss":0,"cards_obtained":["Perfected Strike"]}],"is_beta":true,"boss_relics":[{"not_picked":["Calling Bell","Runic Pyramid"],"picked":"Pandora\u0027s Box"}],"items_purged_floors":[8],"is_endless":false,"potions_floor_spawned":[4,5,7,12,22,27,29],"killed_by":"Champ","ascension_level":11}