{"gold_per_floor":[109,109,109,109,68,103,103,143,225,243,19,19,19,44,44,44],"floor_reached":16,"playtime":349,"items_purged":["Strike_B"],"score":312,"play_id":"b695695b-3061-4d1a-b7fc-08412e55bd41","local_time":"20190426212338","is_ascension_mode":true,"campfire_choices":[{"data":"Double Energy","floor":7,"key":"SMITH"},{"data":"Redo","floor":15,"key":"SMITH"}],"neow_cost":"NONE","seed_source_timestamp":8132246497770,"circlet_count":0,"master_deck":["AscendersBane","Strike_B","Strike_B+1","Strike_B","Defend_B","Defend_B","Defend_B+1","Defend_B","Zap","Dualcast","Chaos+1","Undo","Double Energy+1","Redo+1","Cold Snap","Self Repair+1","Deep Breath","Capacitor+1"],"relics":["Cracked Core","NeowsBlessing","Golden Idol","Boot","Frozen Egg 2","Question Card","PreservedInsect"],"potions_floor_usage":[16],"damage_taken":[{"damage":0,"enemies":"Jaw Worm","floor":1,"turns":1},{"damage":0,"enemies":"Gremlin Nob","floor":6,"turns":1},{"damage":0,"enemies":"3 Sentries","floor":8,"turns":1},{"damage":8,"enemies":"2 Louse","floor":10,"turns":2},{"damage":8,"enemies":"Small Slimes","floor":14,"turns":5},{"damage":39,"enemies":"Slime Boss","floor":16,"turns":11}],"seed_played":"-7303711754042033670","potions_obtained":[{"floor":8,"key":"AttackPotion"},{"floor":10,"key":"Strength Potion"}],"is_trial":false,"path_per_floor":["M","?","?","?","$","E","R","E","T","M","$","?","$","M","R","B"],"character_chosen":"DEFECT","items_purchased":["Undo","Self Repair+1","Deep Breath"],"campfire_rested":0,"item_purchase_floors":[5,11,11],"current_hp_per_floor":[64,64,64,45,45,45,45,45,45,37,37,37,37,39,39,0],"gold":44,"neow_bonus":"THREE_ENEMY_KILL","is_prod":false,"is_daily":false,"chose_seed":false,"campfire_upgraded":2,"win_rate":0,"timestamp":1556285018,"path_taken":["M","?","?","?","?","E","R","E","T","?","$","?","?","M","R","BOSS"],"build_version":"2019-01-23","purchased_purges":1,"victory":false,"max_hp_per_floor":[71,71,64,64,64,64,64,64,64,64,64,64,64,64,64,64],"card_choices":[{"not_picked":["Compile Driver","Capacitor"],"picked":"Chaos","floor":1},{"not_picked":["Sweeping Beam","Stack","Double Energy"],"picked":"SKIP","floor":6},{"not_picked":["Sweeping Beam","Stack"],"picked":"Double Energy","floor":6},{"not_picked":["Gash","Machine Learning"],"picked":"Redo","floor":8},{"not_picked":["Redo","Sweeping Beam","Streamline"],"picked":"Cold Snap","floor":10},{"not_picked":["Leap","Storm+1","Redo"],"picked":"Capacitor+1","floor":14}],"player_experience":952421,"relics_obtained":[{"floor":6,"key":"Boot"},{"floor":8,"key":"Frozen Egg 2"},{"floor":9,"key":"Question Card"}],"event_choices":[{"damage_healed":0,"gold_gain":0,"player_choice":"Grow","damage_taken":0,"max_hp_gain":0,"max_hp_loss":0,"event_name":"Living Wall","floor":2,"gold_loss":0,"cards_upgraded":["Chaos"]},{"damage_healed":0,"gold_gain":0,"player_choice":"Lose Max HP","damage_taken":0,"relics_obtained":["Golden Idol"],"max_hp_gain":0,"max_hp_loss":7,"event_name":"Golden Idol","floor":3,"gold_loss":0},{"damage_healed":0,"gold_gain":0,"player_choice":"Entered Light","damage_taken":19,"max_hp_gain":0,"max_hp_loss":0,"event_name":"Shining Light","floor":4,"gold_loss":0,"cards_upgraded":["Defend_B","Strike_B"]},{"damage_healed":0,"gold_gain":0,"player_choice":"Gave Potion","damage_taken":0,"relics_obtained":["PreservedInsect"],"max_hp_gain":0,"max_hp_loss":0,"event_name":"WeMeetAgain","floor":12,"gold_loss":0}],"is_beta":false,"boss_relics":[],"items_purged_floors":[11],"is_endless":false,"potions_floor_spawned":[8,10],"killed_by":"Slime Boss","ascension_level":20}