{"gold_per_floor":[110,124,124,138,153,153,183,183,183,183,183,199,199,229,229,303,303,314,327,171,171,171,171],"floor_reached":23,"playtime":643,"items_purged":["Strike_B"],"score":398,"play_id":"54ff47f3-1b07-4d64-af1e-00c6e1de8225","local_time":"20190101101347","is_ascension_mode":true,"campfire_choices":[{"data":"Genetic Algorithm","floor":6.0,"key":"SMITH"},{"data":"Loop","floor":8.0,"key":"SMITH"},{"data":"Turbo","floor":10.0,"key":"SMITH"},{"data":"Darkness","floor":15.0,"key":"SMITH"}],"neow_cost":"NONE","seed_source_timestamp":2284059144322,"circlet_count":0,"master_deck":["AscendersBane","Strike_B","Strike_B","Defend_B","Defend_B","Defend_B","Defend_B","Zap","Dualcast","Genetic Algorithm+1","Leap","Ball Lightning","Loop+1","Turbo+1","Parasite","Double Energy","Darkness+1","Multi-Cast","Go for the Eyes+1","Self Repair"],"special_seed":0,"relics":["Runic Pyramid","DataDisk","Centennial Puzzle","Question Card","Nuclear Battery"],"potions_floor_usage":[],"damage_taken":[{"damage":6.0,"enemies":"Small Slimes","floor":1.0,"turns":4.0},{"damage":3.0,"enemies":"Jaw Worm","floor":2.0,"turns":4.0},{"damage":6.0,"enemies":"2 Louse","floor":4.0,"turns":3.0},{"damage":3.0,"enemies":"Blue Slaver","floor":5.0,"turns":4.0},{"damage":10.0,"enemies":"Lagavulin","floor":7.0,"turns":7.0},{"damage":2.0,"enemies":"Looter","floor":12.0,"turns":3.0},{"damage":9.0,"enemies":"3 Sentries","floor":14.0,"turns":3.0},{"damage":8.0,"enemies":"Slime Boss","floor":16.0,"turns":7.0},{"damage":17.0,"enemies":"2 Thieves","floor":18.0,"turns":2.0},{"damage":1.0,"enemies":"3 Byrds","floor":19.0,"turns":3.0},{"damage":26,"enemies":"Colosseum Slavers","floor":22,"turns":3},{"damage":28,"enemies":"Book of Stabbing","floor":23,"turns":2}],"seed_played":"-7262191391779417338","potions_obtained":[{"floor":1.0,"key":"PowerPotion"},{"floor":2.0,"key":"Energy Potion"},{"floor":14.0,"key":"Swift Potion"}],"is_trial":false,"path_per_floor":["M","M","?","M","M","R","E","R","T","R","?","M","R","B",null,"M","M","$","?","E"],"character_chosen":"DEFECT","items_purchased":["Self Repair"],"campfire_rested":0,"item_purchase_floors":[20],"current_hp_per_floor":[58,55,48,42,39,39,29,29,29,29,46,44,44,35,35,27,60,43,42,42,42,23,0],"gold":171,"neow_bonus":"BOSS_RELIC","is_prod":false,"is_daily":false,"chose_seed":false,"campfire_upgraded":4,"win_rate":0,"timestamp":1546308827,"path_taken":["M","M","?","M","M","R","E","R","T","R","?","M","?","E","R","BOSS","M","M","$","?","?","E"],"build_version":"2018-12-25","purchased_purges":1,"victory":false,"max_hp_per_floor":[71,71,71,71,71,71,71,71,71,71,71,71,71,71,71,71,71,71,71,71,71,71,71],"card_choices":[{"not_picked":["Redo","Coolheaded"],"picked":"Genetic Algorithm","floor":1.0},{"not_picked":["Blizzard","Lockon"],"picked":"Leap","floor":2.0},{"not_picked":["Force Field","Cold Snap"],"picked":"Ball Lightning","floor":4.0},{"not_picked":["Capacitor","Chill"],"picked":"Loop","floor":5.0},{"not_picked":["Hello World","Leap"],"picked":"Turbo","floor":7.0},{"not_picked":["Skim","Redo"],"picked":"Double Energy","floor":12.0},{"not_picked":["Turbo","Lockon"],"picked":"Darkness","floor":14.0},{"not_picked":["Electrodynamics","Reboot","Thunder Strike"],"picked":"Multi-Cast","floor":16.0},{"not_picked":["Steam","Stack","Reprogram"],"picked":"Go for the Eyes+1","floor":18.0},{"not_picked":["Doom and Gloom","Gash","Cold Snap","Compile Driver"],"picked":"SKIP","floor":19.0}],"player_experience":663900,"relics_obtained":[{"floor":7.0,"key":"DataDisk"},{"floor":9.0,"key":"Centennial Puzzle"},{"floor":14.0,"key":"Question Card"}],"event_choices":[{"cards_removed":["Strike_B"],"damage_healed":0.0,"max_hp_gain":0.0,"max_hp_loss":0.0,"gold_gain":0.0,"event_name":"Golden Wing","player_choice":"Card Removal","floor":3.0,"gold_loss":0.0,"damage_taken":7.0},{"damage_healed":17.0,"max_hp_gain":0.0,"max_hp_loss":0.0,"gold_gain":0.0,"event_name":"Mushrooms","player_choice":"Healed and dodged fight","floor":11.0,"gold_loss":0.0,"damage_taken":0.0,"cards_obtained":["Parasite"]},{"damage_healed":0.0,"max_hp_gain":0.0,"max_hp_loss":0.0,"gold_gain":0.0,"event_name":"Scrap Ooze","player_choice":"Fled","floor":13.0,"gold_loss":0.0,"damage_taken":0.0},{"damage_healed":0.0,"max_hp_gain":0.0,"max_hp_loss":0.0,"gold_gain":0.0,"event_name":"Vampires","player_choice":"Ignored","floor":21.0,"gold_loss":0.0,"damage_taken":0.0},{"damage_healed":0,"gold_gain":0,"player_choice":"Fight","damage_taken":0,"max_hp_gain":0,"max_hp_loss":0,"event_name":"Colosseum","floor":22,"gold_loss":0},{"damage_healed":0,"gold_gain":0,"player_choice":"Fled From Nobs","damage_taken":0,"max_hp_gain":0,"max_hp_loss":0,"event_name":"Colosseum","floor":22,"gold_loss":0}],"is_beta":true,"boss_relics":[{"not_picked":["Ectoplasm","Orrery"],"picked":"Nuclear Battery"}],"items_purged_floors":[20],"is_endless":false,"potions_floor_spawned":[1,2,14,16,18,22],"killed_by":"Book of Stabbing","ascension_level":20}