{"gold_per_floor":[119,119,119,17,17,17,35,63,87,97,97,112,112,156,156,255,255,276,191,191,391,99,99,140,140,140,183,183,183,207,251,251,350,350,363,363,363,384,41,41,74,74,74,139,139,159,34,75,75,75],"floor_reached":51,"playtime":2236,"items_purged":["Strike_R","Clash","Reckless Charge"],"score":1639,"play_id":"7cf11171-9d3c-4701-81eb-0212a6ba001e","local_time":"20190128191156","is_ascension_mode":true,"campfire_choices":[{"data":"True Grit","floor":6.0,"key":"SMITH"},{"data":"Armaments","floor":13.0,"key":"SMITH"},{"data":"Havoc","floor":15.0,"key":"SMITH"},{"data":"Barricade","floor":23.0,"key":"SMITH"},{"data":"Entrench","floor":25.0,"key":"SMITH"},{"data":"Seeing Red","floor":28.0,"key":"SMITH"},{"data":"Corruption","floor":32,"key":"SMITH"},{"data":"Fiend Fire","floor":40,"key":"SMITH"},{"data":"Havoc","floor":42,"key":"SMITH"},{"data":"Sentinel","floor":45,"key":"SMITH"},{"data":"Evolve","floor":49,"key":"SMITH"}],"neow_cost":"NONE","seed_source_timestamp":35510938324589,"circlet_count":0,"master_deck":["AscendersBane","Bash","Shockwave+1","True Grit+1","Burning Pact+1","Armaments+1","Havoc+1","Sentinel+1","Fiend Fire+1","Barricade+1","Evolve+1","Intimidate","Sever Soul","Entrench+1","Rupture","Seeing Red+1","Fiend Fire+1","Disarm+1","Warcry","Corruption+1","Havoc+1","True Grit+1"],"special_seed":0,"relics":["Burning Blood","NeowsBlessing","Dead Branch","Du-Vu Doll","PreservedInsect","Golden Idol","War Paint","Pandora\u0027s Box","Juzu Bracelet","Shuriken","Ancient Tea Set","Regal Pillow","Self Forming Clay","Strawberry","Calipers","Busted Crown","Bottled Tornado","Centennial Puzzle","Bottled Flame","Unceasing Top","Lantern"],"potions_floor_usage":[31,50,50],"damage_taken":[{"damage":0.0,"enemies":"Small Slimes","floor":1.0,"turns":1.0},{"damage":0.0,"enemies":"Jaw Worm","floor":7.0,"turns":1.0},{"damage":0.0,"enemies":"3 Sentries","floor":8.0,"turns":2.0},{"damage":1.0,"enemies":"2 Louse","floor":10.0,"turns":3.0},{"damage":0.0,"enemies":"2 Fungi Beasts","floor":12.0,"turns":2.0},{"damage":26.0,"enemies":"Gremlin Nob","floor":14.0,"turns":5.0},{"damage":27.0,"enemies":"Slime Boss","floor":16.0,"turns":8.0},{"damage":0.0,"enemies":"Spheric Guardian","floor":18.0,"turns":1.0},{"damage":21.0,"enemies":"Slavers","floor":24.0,"turns":3.0},{"damage":3.0,"enemies":"Gremlin Leader","floor":27.0,"turns":5.0},{"damage":0,"enemies":"3 Byrds","floor":30,"turns":4},{"damage":27,"enemies":"Slavers","floor":31,"turns":2},{"damage":12,"enemies":"Automaton","floor":33,"turns":4},{"damage":0,"enemies":"Orb Walker","floor":35,"turns":2},{"damage":23,"enemies":"3 Darklings","floor":38,"turns":4},{"damage":0,"enemies":"Giant Head","floor":41,"turns":1},{"damage":3,"enemies":"2 Orb Walkers","floor":44,"turns":2},{"damage":0,"enemies":"Spire Growth","floor":46,"turns":1},{"damage":0,"enemies":"Nemesis","floor":48,"turns":3},{"damage":0,"enemies":"Donu and Deca","floor":50,"turns":5}],"seed_played":"-8542216252264440355","potions_obtained":[{"floor":1.0,"key":"SpeedPotion"},{"floor":10.0,"key":"Swift Potion"},{"floor":14.0,"key":"AttackPotion"},{"floor":30,"key":"GamblersBrew"},{"floor":33,"key":"Dexterity Potion"}],"is_trial":false,"path_per_floor":["M","?","$","$","?","R","M","E","T","M","?","M","R","E","R","B",null,"M","?","T","?","$","R","E","R","T","E","R","?","M","E","R","B",null,"M","?","?","M","$","R","E","R","T","?","R","M","$","E","R","B",null],"character_chosen":"IRONCLAD","items_purchased":["True Grit","Ancient Tea Set","Fiend Fire","Bottled Tornado"],"campfire_rested":0,"item_purchase_floors":[4,22,22,39],"current_hp_per_floor":[78,78,78,78,71,71,77,80,80,80,60,66,66,46,46,25,66,72,72,72,72,72,72,57,57,57,67,67,67,73,52,52,46,77,83,83,83,66,66,66,72,72,72,75,75,81,81,87,87,87],"gold":75,"neow_bonus":"THREE_ENEMY_KILL","is_prod":false,"is_daily":false,"chose_seed":false,"campfire_upgraded":11,"win_rate":0,"timestamp":1548673916,"path_taken":["M","?","?","$","?","R","M","E","T","M","?","?","R","E","R","BOSS","M","?","?","?","?","R","E","R","T","E","R","?","M","E","R","BOSS","M","?","?","M","$","R","E","R","T","?","R","M","$","E","R","BOSS"],"build_version":"2019-01-23","purchased_purges":3,"victory":true,"max_hp_per_floor":[80,80,80,80,80,80,80,80,80,80,80,80,80,80,80,80,80,80,80,80,80,80,80,80,80,80,87,87,87,87,87,87,87,87,87,87,87,87,87,87,87,87,87,87,87,87,87,87,87,87],"card_choices":[{"not_picked":["Perfected Strike","Dual Wield"],"picked":"Shockwave","floor":1.0},{"not_picked":["Body Slam","Iron Wave"],"picked":"Burning Pact","floor":7.0},{"not_picked":["Havoc","Pommel Strike","Cleave"],"picked":"SKIP","floor":8.0},{"not_picked":["Clothesline","Twin Strike"],"picked":"Armaments","floor":10.0},{"not_picked":["Pommel Strike","Heavy Blade"],"picked":"Havoc","floor":12.0},{"not_picked":["Headbutt","Twin Strike"],"picked":"Sentinel","floor":14.0},{"not_picked":["Barricade","Reaper"],"picked":"Fiend Fire","floor":16.0},{"not_picked":["Havoc","Uppercut"],"picked":"Seeing Red","floor":18.0},{"not_picked":["Sword Boomerang","Flex","Perfected Strike"],"picked":"SKIP","floor":24.0},{"not_picked":["True Grit","Pummel"],"picked":"Disarm+1","floor":27.0},{"not_picked":["Havoc","Sword Boomerang"],"picked":"Warcry","floor":30},{"not_picked":["Perfected Strike","Hemokinesis"],"picked":"Corruption","floor":31},{"not_picked":["Havoc"],"picked":"SKIP","floor":35},{"not_picked":[],"picked":"Havoc","floor":35},{"not_picked":["Wild Strike"],"picked":"SKIP","floor":38},{"not_picked":["Armaments"],"picked":"SKIP","floor":41},{"not_picked":[],"picked":"True Grit+1","floor":44},{"not_picked":["Cleave"],"picked":"SKIP","floor":46},{"not_picked":["Bloodletting"],"picked":"SKIP","floor":48}],"player_experience":709190,"relics_obtained":[{"floor":8.0,"key":"Du-Vu Doll"},{"floor":9.0,"key":"PreservedInsect"},{"floor":14.0,"key":"War Paint"},{"floor":20.0,"key":"Shuriken"},{"floor":24.0,"key":"Regal Pillow"},{"floor":26.0,"key":"Self Forming Clay"},{"floor":27.0,"key":"Strawberry"},{"floor":31,"key":"Calipers"},{"floor":41,"key":"Centennial Puzzle"},{"floor":43,"key":"Bottled Flame"},{"floor":44,"key":"Unceasing Top"},{"floor":48,"key":"Lantern"}],"event_choices":[{"damage_healed":0.0,"max_hp_gain":0.0,"max_hp_loss":0.0,"gold_gain":0.0,"event_name":"Living Wall","player_choice":"Grow","floor":2.0,"gold_loss":0.0,"damage_taken":0.0,"cards_upgraded":["Shockwave"]},{"damage_healed":0.0,"max_hp_gain":0.0,"max_hp_loss":0.0,"gold_gain":0.0,"event_name":"Scrap Ooze","player_choice":"Success","floor":5.0,"gold_loss":0.0,"damage_taken":7.0,"relics_obtained":["Dead Branch"]},{"damage_healed":0.0,"max_hp_gain":0.0,"max_hp_loss":0.0,"gold_gain":0.0,"event_name":"Golden Idol","player_choice":"Take Damage","floor":11.0,"gold_loss":0.0,"damage_taken":20.0,"relics_obtained":["Golden Idol"]},{"damage_healed":0.0,"max_hp_gain":0.0,"max_hp_loss":0.0,"gold_gain":0.0,"event_name":"Addict","player_choice":"Obtained Relic","floor":19.0,"gold_loss":85.0,"damage_taken":0.0,"relics_obtained":["Juzu Bracelet"]},{"damage_healed":0.0,"max_hp_gain":0.0,"max_hp_loss":0.0,"gold_gain":250.0,"event_name":"The Joust","player_choice":"Bet on Owner","floor":21.0,"gold_loss":50.0,"damage_taken":0.0},{"damage_healed":0,"gold_gain":0,"player_choice":"Ignored","damage_taken":0,"max_hp_gain":0,"max_hp_loss":0,"event_name":"The Mausoleum","floor":29,"gold_loss":0},{"damage_healed":0,"gold_gain":0,"player_choice":"Upgraded","damage_taken":0,"max_hp_gain":0,"max_hp_loss":0,"event_name":"Upgrade Shrine","floor":36,"gold_loss":0,"cards_upgraded":["Fiend Fire"]},{"damage_healed":0,"gold_gain":0,"player_choice":"Memory 1","damage_taken":0,"max_hp_gain":0,"max_hp_loss":0,"event_name":"SensoryStone","floor":37,"gold_loss":0},{"damage_healed":0,"gold_gain":0,"player_choice":"Fight","damage_taken":0,"max_hp_gain":0,"max_hp_loss":0,"event_name":"Mysterious Sphere","floor":44,"gold_loss":0}],"is_beta":true,"boss_relics":[{"not_picked":["Lizard Tail","Empty Cage"],"picked":"Pandora\u0027s Box"},{"not_picked":["Velvet Choker","Fusion Hammer"],"picked":"Busted Crown"}],"items_purged_floors":[4,39,47],"is_endless":false,"potions_floor_spawned":[1,10,12,14,18,30,33,38,41,48],"ascension_level":13}