{"gold_per_floor":[119,294,369,418,435,468,91,115,115,148,148,148,173,173,173,173],"floor_reached":16,"playtime":718,"items_purged":["Strike_R"],"score":131,"play_id":"e49fcacd-e5d3-41bc-b2a6-c6a02046d91c","local_time":"20190809144041","is_ascension_mode":false,"campfire_choices":[{"floor":12,"key":"REST"},{"data":"Shrug It Off","floor":15,"key":"SMITH"}],"neow_cost":"NONE","seed_source_timestamp":1554959939656700,"circlet_count":0,"master_deck":["Strike_R","Strike_R","Strike_R","Strike_R","Defend_R","Defend_R","Defend_R","Defend_R","Bash","Headbutt+1","Doubt","Cleave","Twin Strike","Flex","Iron Wave","Shrug It Off+1","Shrug It Off+1"],"relics":["Burning Blood","NeowsBlessing","Regal Pillow","Letter Opener","Pantograph","Odd Mushroom","Lantern","Blood Vial","Golden Idol"],"potions_floor_usage":[],"damage_taken":[{"damage":0,"enemies":"Jaw Worm","floor":1,"turns":1},{"damage":0,"enemies":"2 Louse","floor":5,"turns":1},{"damage":0,"enemies":"Gremlin Nob","floor":6,"turns":1},{"damage":27,"enemies":"The Mushroom Lair","floor":8,"turns":5},{"damage":40,"enemies":"Lagavulin","floor":10,"turns":7},{"damage":1,"enemies":"Cultist","floor":13,"turns":4},{"damage":74,"enemies":"The Guardian","floor":16,"turns":14}],"seed_played":"-7239889818493073130","potions_obtained":[{"floor":1,"key":"Energy Potion"},{"floor":10,"key":"FearPotion"}],"is_trial":false,"path_per_floor":["M","?","?","T","M","E","$","?","T","E","?","R","M","?","R","B"],"character_chosen":"IRONCLAD","items_purchased":["Pantograph","Flex"],"campfire_rested":1,"item_purchase_floors":[7,7],"current_hp_per_floor":[80,80,69,69,75,80,80,59,59,25,25,62,69,54,54,0],"gold":173,"neow_bonus":"THREE_ENEMY_KILL","is_prod":false,"is_daily":false,"chose_seed":false,"campfire_upgraded":1,"win_rate":0.0,"timestamp":1565354441,"path_taken":["M","?","?","?","?","E","$","?","T","E","?","R","M","?","R","BOSS"],"build_version":"2019-07-17","purchased_purges":1,"victory":false,"max_hp_per_floor":[80,80,80,80,80,80,80,80,80,80,74,74,74,74,74,74],"card_choices":[{"not_picked":["Uppercut","Feel No Pain"],"picked":"Headbutt","floor":1},{"not_picked":["Sever Soul","Evolve"],"picked":"Cleave","floor":5},{"not_picked":["Whirlwind","Burning Pact"],"picked":"Twin Strike","floor":6},{"not_picked":["True Grit","Clothesline"],"picked":"Iron Wave","floor":8},{"not_picked":["Blood for Blood","Dropkick"],"picked":"Shrug It Off","floor":10},{"not_picked":["Clothesline","Uppercut"],"picked":"Shrug It Off","floor":13}],"player_experience":346229,"relics_obtained":[{"floor":4,"key":"Regal Pillow"},{"floor":6,"key":"Letter Opener"},{"floor":8,"key":"Odd Mushroom"},{"floor":9,"key":"Lantern"},{"floor":10,"key":"Blood Vial"}],"event_choices":[{"damage_healed":0,"gold_gain":175,"player_choice":"AGREE","damage_taken":0,"max_hp_gain":0,"max_hp_loss":0,"event_name":"Liars Game","floor":2,"gold_loss":0,"cards_obtained":["Doubt"]},{"damage_healed":0,"gold_gain":75,"player_choice":"Gather Gold","damage_taken":11,"max_hp_gain":0,"max_hp_loss":0,"event_name":"World of Goop","floor":3,"gold_loss":0},{"damage_healed":0,"gold_gain":0,"player_choice":"Fought Mushrooms","damage_taken":0,"max_hp_gain":0,"max_hp_loss":0,"event_name":"Mushrooms","floor":8,"gold_loss":0},{"damage_healed":0,"gold_gain":0,"player_choice":"Lose Max HP","damage_taken":0,"relics_obtained":["Golden Idol"],"max_hp_gain":0,"max_hp_loss":6,"event_name":"Golden Idol","floor":11,"gold_loss":0},{"damage_healed":0,"gold_gain":0,"player_choice":"Entered Light","damage_taken":15,"max_hp_gain":0,"max_hp_loss":0,"event_name":"Shining Light","floor":14,"gold_loss":0,"cards_upgraded":["Headbutt","Shrug It Off"]}],"is_beta":false,"boss_relics":[],"items_purged_floors":[7],"is_endless":false,"potions_floor_spawned":[1,10],"killed_by":"The Guardian","ascension_level":0}