{"gold_per_floor":[249,12,123,242,352,352,11,11,127,240,356,356,30,30,30,30],"floor_reached":16,"playtime":1097,"items_purged":["Strike_B","Strike_B"],"score":2738,"play_id":"e071f57c-0ccc-4c6d-8fca-cd861db7e07d","local_time":"20190404214928","daily_mods":["Uncertain Future"],"is_ascension_mode":true,"campfire_choices":[{"floor":8,"key":"REST"},{"floor":14,"key":"REST"}],"neow_cost":"","seed_source_timestamp":8538905758071,"circlet_count":0,"master_deck":["AscendersBane","Strike_B","Strike_B","Defend_B","Defend_B","Defend_B","Defend_B","Zap","Dualcast","Consume+1","Loop+1","Hello World+1","BootSequence+1","Capacitor+1","Heatsinks+1","Hologram+1","Compile Driver+1","Cold Snap+1","Biased Cognition+1","White Noise+1","Undo+1","Stack+1","Leap+1","Stack+1","Rainbow+1","Steam Power+1","Turbo+1","Redo+1","Heatsinks+1","Defragment+1"],"relics":["Cracked Core","The Courier","Molten Egg 2","Toxic Egg 2","Frozen Egg 2","MealTicket","Regal Pillow","FossilizedHelix","Potion Belt","Omamori","Dodecahedron","Busted Crown","Strawberry","DataDisk","Pantograph","Ectoplasm","Shovel"],"potions_floor_usage":[9,16,16],"damage_taken":[{"damage":24,"enemies":"Slime Boss","floor":3,"turns":9},{"damage":0,"enemies":"The Guardian","floor":4,"turns":10},{"damage":22,"enemies":"Hexaghost","floor":5,"turns":8},{"damage":57,"enemies":"Collector","floor":9,"turns":8},{"damage":0,"enemies":"Champ","floor":10,"turns":11},{"damage":1,"enemies":"Automaton","floor":11,"turns":12},{"damage":0,"enemies":"Donu and Deca","floor":15,"turns":10},{"damage":92,"enemies":"Awakened One","floor":16,"turns":14}],"seed_played":"5016865831753580383","potions_obtained":[{"floor":5,"key":"Explosive Potion"},{"floor":9,"key":"Explosive Potion"}],"is_trial":true,"path_per_floor":["$","$","M","M","M","T","$","R","M","M","M","T","$","R","M","M"],"character_chosen":"DEFECT","items_purchased":["Consume+1","Loop+1","Hello World+1","BootSequence+1","MealTicket","Regal Pillow","FossilizedHelix","Capacitor+1","Heatsinks+1","Hologram+1","White Noise+1","Undo+1","Stack+1","Leap+1","Stack+1","Rainbow+1","Turbo+1","Redo+1","Heatsinks+1","Defragment+1","FocusPotion"],"campfire_rested":2,"item_purchase_floors":[1,1,1,1,1,1,1,2,2,2,7,7,7,7,7,7,13,13,13,13,13],"current_hp_per_floor":[64,71,47,47,25,25,40,71,21,21,20,20,35,73,78,0],"gold":30,"neow_bonus":"","is_prod":false,"is_daily":false,"chose_seed":false,"campfire_upgraded":0,"win_rate":0,"timestamp":1554385768,"path_taken":["$","$","M","M","M","T","$","R","M","M","M","T","$","R","M","M"],"build_version":"2019-01-23","purchased_purges":2,"victory":false,"max_hp_per_floor":[71,71,71,71,71,71,71,71,78,78,78,78,78,78,78,78],"card_choices":[{"not_picked":["Consume+1","Cold Snap+1"],"picked":"Compile Driver+1","floor":3},{"not_picked":["Stack+1","Auto Shields+1"],"picked":"Cold Snap+1","floor":4},{"not_picked":["Doom and Gloom+1","Barrage+1"],"picked":"Biased Cognition+1","floor":5},{"not_picked":["FTL+1"],"picked":"SKIP","floor":9},{"not_picked":["Beam Cell+1"],"picked":"SKIP","floor":10},{"not_picked":["Steam Power+1"],"picked":"SKIP","floor":11},{"not_picked":[],"picked":"Steam Power+1","floor":11},{"not_picked":["Sweeping Beam+1"],"picked":"SKIP","floor":15}],"player_experience":915735,"relics_obtained":[{"floor":3,"key":"Potion Belt"},{"floor":4,"key":"Omamori"},{"floor":5,"key":"Dodecahedron"},{"floor":9,"key":"Strawberry"},{"floor":10,"key":"DataDisk"},{"floor":11,"key":"Pantograph"},{"floor":15,"key":"Shovel"}],"event_choices":[],"is_beta":false,"boss_relics":[{"not_picked":["Empty Cage","Eternal Feather"],"picked":"Busted Crown"},{"not_picked":["Runic Dome","Fusion Hammer"],"picked":"Ectoplasm"}],"items_purged_floors":[2,13],"is_endless":false,"potions_floor_spawned":[5,9],"killed_by":"Awakened One","ascension_level":20}