{"gold_per_floor":[219,238,12,31,31,65,65,93,93,93,93,107,123,152,152,231,231,248,248,266,8,75,75,105,125,195,195,245,277,277,309,309,387,387,401,784,834,851,901,901,529,554,632,167,193,243,262,280,280,280,280,280,280,23,58,58],"floor_reached":57,"playtime":3533,"items_purged":["Strike_B","Reinforced Body","Armaments+1"],"score":3022,"play_id":"a56317b6-2449-487a-b681-cbb264b6d165","local_time":"20190615232520","is_ascension_mode":true,"campfire_choices":[{"data":"Sunder","floor":7.0,"key":"SMITH"},{"data":"Dualcast","floor":10.0,"key":"SMITH"},{"data":"Rainbow","floor":15.0,"key":"SMITH"},{"data":"Defragment","floor":23.0,"key":"SMITH"},{"data":"Loop","floor":27.0,"key":"SMITH"},{"data":"Redo","floor":30.0,"key":"SMITH"},{"floor":32.0,"key":"REST"},{"data":"Armaments","floor":40.0,"key":"SMITH"},{"floor":49.0,"key":"RECALL"},{"data":"Seek","floor":53.0,"key":"SMITH"}],"neow_cost":"NONE","seed_source_timestamp":6691219496612,"circlet_count":0,"master_deck":["AscendersBane","Zap","Dualcast+1","Ball Lightning+1","Glacier","Skim","Sunder+1","Rainbow+1","Multi-Cast","Chill","Turbo","Electrodynamics","Loop+1","Seek+1","Seek","Compile Driver+1","Redo+1","Defragment+1","Reboot","Capacitor","Fission","Turbo","Burst","Apotheosis","Chaos+1","Consume","Meteor Strike","Amplify","Reboot"],"special_seed":0,"relics":["Cracked Core","Nunchaku","Darkstone Periapt","Pear","Torii","Pandora\u0027s Box","SsserpentHead","Membership Card","Bottled Tornado","Symbiotic Virus","Anchor","Philosopher\u0027s Stone","Lee\u0027s Waffle","Art of War","Letter Opener","Boot","Mummified Hand","Bird Faced Urn","Sundial","Shuriken","Toy Ornithopter","Whetstone","Bag of Preparation"],"potions_floor_usage":[56,56],"damage_taken":[{"damage":0.0,"enemies":"Cultist","floor":1.0,"turns":3.0},{"damage":4.0,"enemies":"Small Slimes","floor":2.0,"turns":3.0},{"damage":1.0,"enemies":"2 Louse","floor":4.0,"turns":2.0},{"damage":16.0,"enemies":"Lagavulin","floor":6.0,"turns":8.0},{"damage":26.0,"enemies":"Gremlin Nob","floor":8.0,"turns":4.0},{"damage":4.0,"enemies":"Red Slaver","floor":12.0,"turns":2.0},{"damage":0.0,"enemies":"Large Slime","floor":13.0,"turns":3.0},{"damage":8.0,"enemies":"3 Sentries","floor":14.0,"turns":4.0},{"damage":3.0,"enemies":"The Guardian","floor":16.0,"turns":11.0},{"damage":2.0,"enemies":"theJungle:GiantWrat","floor":18.0,"turns":5.0},{"damage":6.0,"enemies":"theJungle:Flameango_and_Byrd","floor":20.0,"turns":4.0},{"damage":1.0,"enemies":"theJungle:Lyon","floor":22.0,"turns":3.0},{"damage":20.0,"enemies":"theJungle:2_Phrogs","floor":24.0,"turns":7.0},{"damage":7.0,"enemies":"theJungle:JungleHuntersEncounter","floor":25.0,"turns":3.0},{"damage":2.0,"enemies":"theJungle:Cassacara","floor":29.0,"turns":7.0},{"damage":16.0,"enemies":"theJungle:2_Phrogs","floor":31.0,"turns":4.0},{"damage":20.0,"enemies":"theJungle:TotemBoss","floor":33.0,"turns":5.0},{"damage":0.0,"enemies":"theFactory:BigBot","floor":35.0,"turns":3.0},{"damage":16.0,"enemies":"theFactory:2_Experiment_Personnel","floor":38.0,"turns":4.0},{"damage":11.0,"enemies":"theFactory:DrinkBrewer","floor":42.0,"turns":5.0},{"damage":6.0,"enemies":"theFactory:SmogElemental","floor":45.0,"turns":2.0},{"damage":6.0,"enemies":"theFactory:Big_Bot_Bundle","floor":47.0,"turns":2.0},{"damage":0.0,"enemies":"theFactory:ShrapnelTosser","floor":48.0,"turns":4.0},{"damage":0.0,"enemies":"theFactory:Guardian2","floor":50.0,"turns":4.0},{"damage":5.0,"enemies":"theFactory:SPIDER","floor":51.0,"turns":7.0},{"damage":79.0,"enemies":"Shield and Spear","floor":55.0,"turns":5.0},{"damage":34,"enemies":"The Heart","floor":56,"turns":9}],"seed_played":"7507996453155734576","potions_obtained":[{"floor":8.0,"key":"Dexterity Potion"},{"floor":12.0,"key":"GamblersBrew"},{"floor":14.0,"key":"LiquidBronze"},{"floor":22.0,"key":"LiquidBronze"},{"floor":24.0,"key":"Block Potion"},{"floor":29.0,"key":"SteroidPotion"},{"floor":35.0,"key":"Weak Potion"}],"is_trial":false,"path_per_floor":["M","M","$","M","?","E","R","E","T","R","?","M","M","E","R","B",null,"M","?","M","$","M","R","E","M","T","R","?","E","R","E","R","B",null,"M","?","?","M","?","R","$","E","T","$","E","?","M","M","R","B","B",null,"R","$","E","B",null],"character_chosen":"DEFECT","items_purchased":["Skim","Sunder","Membership Card","Defragment","Lee\u0027s Waffle","Art of War","Letter Opener","Bird Faced Urn","Apotheosis","Sundial","Meteor Strike","Amplify","Whetstone"],"campfire_rested":1,"item_purchase_floors":[3,3,21,21,41,41,41,44,44,44,54,54,54],"current_hp_per_floor":[64,60,60,59,59,43,43,17,27,27,27,23,23,15,15,12,64,62,62,56,56,55,55,35,28,28,28,28,26,26,10,34,14,64,64,54,54,38,28,28,88,77,77,77,77,61,61,69,69,77,80,86,86,86,15,3],"gold":58,"neow_bonus":"HUNDRED_GOLD","is_prod":false,"is_daily":false,"chose_seed":false,"campfire_upgraded":8,"win_rate":0,"timestamp":1560612320,"path_taken":["M","M","$","M","?","E","R","E","T","R","?","M","?","E","R","BOSS","M","?","M","$","?","R","E","M","T","R","?","E","R","E","R","BOSS","M","?","?","M","?","R","$","E","T","$","E","?","M","M","R","BOSS","BOSS","R","$","E","BOSS"],"build_version":"2019-01-23","purchased_purges":3,"victory":true,"max_hp_per_floor":[71,71,71,71,71,71,71,71,81,81,81,81,81,81,81,81,81,81,81,81,81,81,81,81,81,81,81,81,81,81,81,81,81,81,81,81,81,81,81,81,88,88,88,88,88,88,88,88,88,88,88,88,88,88,88,88],"card_choices":[{"not_picked":["Conserve Battery","Gash"],"picked":"Ball Lightning","floor":1.0},{"not_picked":["Go for the Eyes","Compile Driver"],"picked":"Glacier","floor":2.0},{"not_picked":["Conserve Battery","Sunder"],"picked":"Rainbow","floor":4.0},{"not_picked":["Conserve Battery","Compile Driver","Stack"],"picked":"SKIP","floor":6.0},{"not_picked":["BootSequence","Steam"],"picked":"Multi-Cast","floor":8.0},{"not_picked":["Rebound","Genetic Algorithm","Ball Lightning"],"picked":"SKIP","floor":12.0},{"not_picked":["Auto Shields","Streamline"],"picked":"Turbo","floor":13.0},{"not_picked":["Stack","Chill","Go for the Eyes"],"picked":"SKIP","floor":14.0},{"not_picked":["Seek","Meteor Strike"],"picked":"Electrodynamics","floor":16.0},{"not_picked":["Auto Shields","Steam Power"],"picked":"Redo","floor":18.0},{"not_picked":["Coolheaded","Leap","Streamline"],"picked":"SKIP","floor":20.0},{"not_picked":["Coolheaded","Leap","Streamline"],"picked":"SKIP","floor":20.0},{"not_picked":["Coolheaded","Leap","Streamline"],"picked":"SKIP","floor":20.0},{"not_picked":["Compile Driver","Coolheaded"],"picked":"Reboot","floor":22.0},{"not_picked":["Beam Cell","Gash","Aggregate"],"picked":"SKIP","floor":24.0},{"not_picked":["Consume","Chill","Cold Snap"],"picked":"SKIP","floor":25.0},{"not_picked":["Leap","Coolheaded"],"picked":"Capacitor","floor":29.0},{"not_picked":["Melter","Beam Cell","Redo"],"picked":"SKIP","floor":31.0},{"not_picked":["Seek","Core Surge"],"picked":"Fission","floor":33.0},{"not_picked":["Cold Snap","Reprogram+1"],"picked":"Turbo","floor":35.0},{"not_picked":["Streamline","Turbo","Chill"],"picked":"SKIP","floor":38.0},{"not_picked":["A Thousand Cuts","Leg Sweep"],"picked":"Burst","floor":39.0},{"not_picked":["Cold Snap","Finesse"],"picked":"Armaments","floor":39.0},{"not_picked":["Leap","Gash","Barrage"],"picked":"SKIP","floor":42.0},{"not_picked":["Sweeping Beam","Beam Cell"],"picked":"Chaos+1","floor":45.0},{"not_picked":["Turbo","Ball Lightning","Redo"],"picked":"SKIP","floor":47.0},{"not_picked":["Compile Driver","Consume","White Noise"],"picked":"SKIP","floor":48.0},{"not_picked":["Compile Driver","White Noise"],"picked":"Consume","floor":48.0},{"not_picked":["Rebound","Rip and Tear"],"picked":"Reboot","floor":55.0}],"player_experience":990318,"relics_obtained":[{"floor":6.0,"key":"Nunchaku"},{"floor":8.0,"key":"Darkstone Periapt"},{"floor":9.0,"key":"Pear"},{"floor":14.0,"key":"Torii"},{"floor":24.0,"key":"Bottled Tornado"},{"floor":29.0,"key":"Symbiotic Virus"},{"floor":31.0,"key":"Anchor"},{"floor":42.0,"key":"Boot"},{"floor":43.0,"key":"Mummified Hand"},{"floor":45.0,"key":"Shuriken"},{"floor":55.0,"key":"Bag of Preparation"}],"event_choices":[{"damage_healed":0.0,"max_hp_gain":0.0,"max_hp_loss":0.0,"gold_gain":0.0,"event_name":"The Cleric","player_choice":"Leave","floor":5.0,"gold_loss":0.0,"damage_taken":0.0},{"damage_healed":0.0,"max_hp_gain":0.0,"max_hp_loss":0.0,"gold_gain":0.0,"event_name":"Match and Keep!","player_choice":"1 cards matched","floor":11.0,"gold_loss":0.0,"damage_taken":0.0,"cards_obtained":["Chill"]},{"damage_healed":0.0,"max_hp_gain":0.0,"max_hp_loss":0.0,"gold_gain":0.0,"event_name":"FaceTrader","player_choice":"Trade","floor":19.0,"gold_loss":0.0,"damage_taken":0.0,"relics_obtained":["SsserpentHead"]},{"cards_removed":["Stack"],"damage_healed":0.0,"max_hp_gain":0.0,"max_hp_loss":0.0,"gold_gain":0.0,"event_name":"Purifier","player_choice":"Purged","floor":28.0,"gold_loss":0.0,"damage_taken":0.0}],"is_beta":false,"boss_relics":[{"not_picked":["Lizard Tail","Nuclear Battery"],"picked":"Pandora\u0027s Box"},{"not_picked":["Orrery","Ectoplasm"],"picked":"Philosopher\u0027s Stone"}],"items_purged_floors":[3,41,44],"is_endless":false,"potions_floor_spawned":[8,12,13,14,22,24,29,35,38,45,50],"ascension_level":20}