{"gold_per_floor":[115,131,56,75,150,150,178,178,178,198,217,217,217,53,53,127,127,139,153,253,253],"floor_reached":21,"playtime":781,"items_purged":["Strike_G"],"score":431,"play_id":"3e380708-22ea-4f68-b338-d7f413d180c7","local_time":"20181112171905","is_ascension_mode":true,"campfire_choices":[{"data":"All Out Attack","floor":6.0,"key":"SMITH"},{"data":"Deadly Poison","floor":8.0,"key":"SMITH"},{"data":"Crippling Poison","floor":13,"key":"SMITH"},{"data":"Catalyst","floor":15,"key":"SMITH"}],"neow_cost":"NONE","seed_source_timestamp":1042288065921,"circlet_count":0,"master_deck":["AscendersBane","Defend_G","Defend_G+1","Defend_G","Defend_G+1","Defend_G","Strike_G","Strike_G","Strike_G","Survivor","Neutralize+1","Masterful Stab","All Out Attack+1","Deadly Poison+1","Crippling Poison+1","Catalyst+1","Doppelganger","Dagger Spray","Well Laid Plans+1"],"special_seed":0,"relics":["Ring of the Snake","Letter Opener","Ancient Tea Set","Odd Mushroom","War Paint","Runic Dome","Ginger","Kunai"],"potions_floor_usage":[16,20,20],"damage_taken":[{"damage":2.0,"enemies":"2 Louse","floor":1.0,"turns":5.0},{"damage":3.0,"enemies":"Small Slimes","floor":2.0,"turns":5.0},{"damage":0.0,"enemies":"Cultist","floor":4.0,"turns":3.0},{"damage":11.0,"enemies":"Lagavulin","floor":7.0,"turns":6.0},{"damage":12,"enemies":"The Mushroom Lair","floor":10,"turns":3},{"damage":4,"enemies":"Exordium Wildlife","floor":11,"turns":4},{"damage":0,"enemies":"Hexaghost","floor":16,"turns":7},{"damage":1,"enemies":"3 Byrds","floor":18,"turns":4},{"damage":6,"enemies":"2 Thieves","floor":19,"turns":3},{"damage":14,"enemies":"Colosseum Slavers","floor":20,"turns":4},{"damage":18,"enemies":"Colosseum Nobs","floor":20,"turns":4},{"damage":16,"enemies":"Shelled Parasite and Fungi","floor":21,"turns":1}],"seed_played":"-3559218652733093809","potions_obtained":[{"floor":1.0,"key":"AttackPotion"},{"floor":2.0,"key":"Swift Potion"},{"floor":10,"key":"GhostInAJar"},{"floor":18,"key":"Dexterity Potion"},{"floor":20,"key":"Dexterity Potion"}],"is_trial":false,"path_per_floor":["M","M","?","M","?","R","E","R","T","?","M","?","R","$","R","B",null,"M","M","?","M"],"character_chosen":"THE_SILENT","items_purchased":["Catalyst"],"campfire_rested":0,"item_purchase_floors":[14],"current_hp_per_floor":[57,54,54,54,43,43,32,32,32,20,16,16,16,16,16,16,54,53,47,15,0],"gold":253,"neow_bonus":"UPGRADE_CARD","is_prod":false,"is_daily":false,"chose_seed":false,"campfire_upgraded":4,"win_rate":0,"timestamp":1542014345,"path_taken":["M","M","?","M","?","R","E","R","T","?","M","?","R","?","R","BOSS","M","M","?","M"],"build_version":"2018-11-08","purchased_purges":1,"victory":false,"max_hp_per_floor":[66,66,66,66,66,66,66,66,66,66,66,66,66,66,66,66,66,66,66,66,66],"card_choices":[{"not_picked":["Heel Hook","Prepared","PiercingWail"],"picked":"SKIP","floor":1.0},{"not_picked":["Reflex","Sucker Punch"],"picked":"Masterful Stab","floor":2.0},{"not_picked":["Acrobatics","Deflect"],"picked":"All Out Attack","floor":4.0},{"not_picked":["Flying Knee","Riddle With Holes"],"picked":"Deadly Poison","floor":7.0},{"not_picked":["Deflect","Calculated Gamble"],"picked":"Crippling Poison","floor":10},{"not_picked":["Dagger Throw","Poisoned Stab","Choke"],"picked":"SKIP","floor":11},{"not_picked":["Die Die Die","Tools of the Trade"],"picked":"Doppelganger","floor":16},{"not_picked":["Setup+1","Dagger Throw","Cloak And Dagger+1"],"picked":"SKIP","floor":18},{"not_picked":["Poisoned Stab+1","Sucker Punch"],"picked":"Dagger Spray","floor":19},{"not_picked":["Dash","Dodge and Roll"],"picked":"Well Laid Plans+1","floor":20}],"player_experience":534022,"relics_obtained":[{"floor":7.0,"key":"Letter Opener"},{"floor":9.0,"key":"Ancient Tea Set"},{"floor":10,"key":"Odd Mushroom"},{"floor":20,"key":"Ginger"},{"floor":20,"key":"Kunai"}],"event_choices":[{"cards_removed":["Strike_G"],"damage_healed":0.0,"max_hp_gain":0.0,"max_hp_loss":0.0,"gold_gain":0.0,"event_name":"The Cleric","player_choice":"Card Removal","floor":3.0,"gold_loss":75.0,"damage_taken":0.0},{"damage_healed":0.0,"max_hp_gain":0.0,"max_hp_loss":0.0,"gold_gain":75.0,"event_name":"World of Goop","player_choice":"Gather Gold","floor":5.0,"gold_loss":0.0,"damage_taken":11.0},{"damage_healed":0,"gold_gain":0,"player_choice":"Fought Mushrooms","damage_taken":0,"max_hp_gain":0,"max_hp_loss":0,"event_name":"Mushrooms","floor":10,"gold_loss":0},{"damage_healed":0,"gold_gain":0,"player_choice":"Searched \u00271\u0027 times","damage_taken":0,"relics_obtained":["War Paint"],"max_hp_gain":0,"max_hp_loss":0,"event_name":"Dead Adventurer","floor":12,"gold_loss":0},{"damage_healed":0,"gold_gain":0,"player_choice":"Fight","damage_taken":0,"max_hp_gain":0,"max_hp_loss":0,"event_name":"Colosseum","floor":20,"gold_loss":0},{"damage_healed":0,"gold_gain":0,"player_choice":"Fought Nobs","damage_taken":0,"max_hp_gain":0,"max_hp_loss":0,"event_name":"Colosseum","floor":20,"gold_loss":0}],"is_beta":true,"boss_relics":[{"not_picked":["Snecko Eye","Fusion Hammer"],"picked":"Runic Dome"}],"items_purged_floors":[14],"is_endless":false,"potions_floor_spawned":[1,2,10,11,18,20,20],"killed_by":"Shelled Parasite and Fungi","ascension_level":18}