{"gold_per_floor":[119,119,138,138,149,182,182,147,171,185,197,197,197,215,215,287,287,306,227,15,15,32,32,42,57,57,57,57,73,73,88,88,88],"floor_reached":33,"playtime":1022,"items_purged":["Strike_B"],"score":497,"play_id":"d229a2a4-5812-42fb-90e8-7372135ab0b0","local_time":"20181202192107","is_ascension_mode":true,"campfire_choices":[{"data":"Defragment","floor":7.0,"key":"SMITH"},{"data":"Barrage","floor":13.0,"key":"SMITH"},{"data":"Redo","floor":15.0,"key":"SMITH"},{"data":"Creative AI","floor":23.0,"key":"SMITH"},{"floor":28.0,"key":"REST"},{"floor":32.0,"key":"REST"}],"neow_cost":"NONE","seed_source_timestamp":0,"circlet_count":0,"master_deck":["AscendersBane","Strike_B","Strike_B","Strike_B","Defend_B+1","Defend_B+1","Defend_B","Defend_B","Zap","Dualcast","Rainbow","Undo","Defragment+1","Coolheaded","Biased Cognition","Barrage+1","Ball Lightning","Redo+1","Core Surge","Conserve Battery","Creative AI+1","Leap","Stack","Sunder"],"special_seed":0,"relics":["Cracked Core","Ancient Tea Set","Oddly Smooth Stone","Cursed Key","Shuriken","Spirit Poop"],"potions_floor_usage":[],"damage_taken":[{"damage":5.0,"enemies":"Small Slimes","floor":1.0,"turns":3.0},{"damage":0.0,"enemies":"Jaw Worm","floor":3.0,"turns":5.0},{"damage":4.0,"enemies":"2 Louse","floor":5.0,"turns":4.0},{"damage":38.0,"enemies":"Gremlin Nob","floor":6.0,"turns":6.0},{"damage":0.0,"enemies":"Large Slime","floor":10.0,"turns":4.0},{"damage":3.0,"enemies":"3 Louse","floor":11.0,"turns":4.0},{"damage":14.0,"enemies":"Exordium Thugs","floor":14.0,"turns":4.0},{"damage":21.0,"enemies":"Hexaghost","floor":16.0,"turns":9.0},{"damage":19.0,"enemies":"2 Thieves","floor":18.0,"turns":3.0},{"damage":0.0,"enemies":"Spheric Guardian","floor":22.0,"turns":4.0},{"damage":13.0,"enemies":"Snake Plant","floor":24.0,"turns":5.0},{"damage":7.0,"enemies":"3 Cultists","floor":25.0,"turns":6.0},{"damage":11.0,"enemies":"Snecko","floor":29.0,"turns":6.0},{"damage":31.0,"enemies":"Shelled Parasite and Fungi","floor":31.0,"turns":5.0},{"damage":82,"enemies":"Automaton","floor":33,"turns":6}],"seed_played":"6552153190953891559","potions_obtained":[{"floor":3.0,"key":"EssenceOfSteel"},{"floor":5.0,"key":"Regen Potion"},{"floor":6.0,"key":"Regen Potion"},{"floor":10.0,"key":"Weak Potion"},{"floor":18.0,"key":"Weak Potion"},{"floor":25.0,"key":"Regen Potion"}],"is_trial":false,"path_per_floor":["M","?","M","?","M","E","R","?","T","M","M","?","R","M","R","B",null,"M","?","$","?","M","R","M","M","T","?","R","M","$","M","R","B"],"character_chosen":"DEFECT","items_purchased":["Creative AI","Leap"],"campfire_rested":2,"item_purchase_floors":[20,20],"current_hp_per_floor":[59,38,38,38,34,11,11,28,28,28,25,25,25,11,11,5,55,36,36,36,36,36,36,23,16,16,16,36,25,25,8,28,0],"gold":88,"neow_bonus":"ONE_RANDOM_RARE_CARD","is_prod":false,"is_daily":false,"chose_seed":false,"campfire_upgraded":4,"win_rate":0,"timestamp":1543749667,"path_taken":["M","?","M","?","?","E","R","?","T","M","M","?","R","M","R","BOSS","M","?","?","?","M","R","M","?","T","?","R","?","$","M","R","BOSS"],"build_version":"2018-11-15","purchased_purges":1,"victory":false,"max_hp_per_floor":[71,71,71,71,71,71,71,71,71,71,71,71,71,71,71,71,71,71,71,71,71,71,71,71,71,71,68,68,68,68,68,68,68],"card_choices":[{"not_picked":["Leap","Steam"],"picked":"Undo","floor":1.0},{"not_picked":["Conserve Battery","Undo"],"picked":"Defragment","floor":3.0},{"not_picked":["Lockon","Stack"],"picked":"Coolheaded","floor":5.0},{"not_picked":["Gash","Skim"],"picked":"Biased Cognition","floor":6.0},{"not_picked":["Streamline","Redo"],"picked":"Barrage","floor":10.0},{"not_picked":["Skim","Melter"],"picked":"Ball Lightning","floor":11.0},{"not_picked":["Streamline","Stack"],"picked":"Redo","floor":14.0},{"not_picked":["Buffer","Machine Learning"],"picked":"Core Surge","floor":16.0},{"not_picked":["Go for the Eyes","FTL"],"picked":"Conserve Battery","floor":18.0},{"not_picked":["Compile Driver","Rebound"],"picked":"Stack","floor":22.0},{"not_picked":["Beam Cell","Tempest","Sweeping Beam"],"picked":"SKIP","floor":24.0},{"not_picked":["Hologram","Coolheaded","Rebound"],"picked":"SKIP","floor":25.0},{"not_picked":["Capacitor","Genetic Algorithm"],"picked":"Sunder","floor":29.0},{"not_picked":["Lockon","Melter","Go for the Eyes"],"picked":"SKIP","floor":31.0}],"player_experience":590794,"relics_obtained":[{"floor":6.0,"key":"Ancient Tea Set"},{"floor":9.0,"key":"Oddly Smooth Stone"}],"event_choices":[{"damage_healed":0.0,"max_hp_gain":0.0,"max_hp_loss":0.0,"gold_gain":0.0,"event_name":"Shining Light","player_choice":"Entered Light","floor":2.0,"gold_loss":0.0,"damage_taken":21.0,"cards_upgraded":["Defend_B","Defend_B"]},{"damage_healed":0.0,"max_hp_gain":0.0,"max_hp_loss":0.0,"gold_gain":0.0,"event_name":"Liars Game","player_choice":"Ignored","floor":4.0,"gold_loss":0.0,"damage_taken":0.0},{"damage_healed":17.0,"max_hp_gain":0.0,"max_hp_loss":0.0,"gold_gain":0.0,"event_name":"The Cleric","player_choice":"Healed","floor":8.0,"gold_loss":35.0,"damage_taken":0.0},{"damage_healed":0.0,"max_hp_gain":0.0,"max_hp_loss":0.0,"gold_gain":0.0,"event_name":"Scrap Ooze","player_choice":"Fled","floor":12.0,"gold_loss":0.0,"damage_taken":0.0},{"damage_healed":0.0,"max_hp_gain":0.0,"max_hp_loss":0.0,"gold_gain":0.0,"event_name":"WeMeetAgain","player_choice":"Paid Gold","floor":19.0,"gold_loss":79.0,"damage_taken":0.0,"relics_obtained":["Shuriken"]},{"damage_healed":0.0,"max_hp_gain":0.0,"max_hp_loss":0.0,"gold_gain":0.0,"event_name":"Cursed Tome","player_choice":"Ignored","floor":21.0,"gold_loss":0.0,"damage_taken":0.0},{"cards_removed":["Parasite"],"damage_healed":0.0,"max_hp_gain":0.0,"max_hp_loss":0.0,"gold_gain":0.0,"event_name":"Bonfire Elementals","player_choice":"Offered Curse","floor":27.0,"gold_loss":0.0,"damage_taken":0.0,"relics_obtained":["Spirit Poop"]}],"is_beta":true,"boss_relics":[{"not_picked":["Empty Cage","Snecko Eye"],"picked":"Cursed Key"}],"items_purged_floors":[20],"is_endless":false,"potions_floor_spawned":[3,5,6,10,18,25],"killed_by":"Automaton","ascension_level":20}