{"gold_per_floor":[109,109,184,195,214,214,229,229,298,298,298],"floor_reached":11,"playtime":355,"items_purged":[],"score":126,"play_id":"94fc267a-86fa-419a-bf5b-b0a452d59495","local_time":"20181128194136","is_ascension_mode":true,"campfire_choices":[{"data":"A Thousand Cuts","floor":6,"key":"SMITH"},{"data":"Wraith Form v2","floor":8,"key":"SMITH"}],"neow_cost":"TEN_PERCENT_HP_LOSS","seed_source_timestamp":3472693384135,"circlet_count":0,"master_deck":["AscendersBane","Defend_G","Defend_G","Defend_G","Defend_G","Defend_G","Strike_G","Strike_G","Strike_G","Strike_G","Survivor","Neutralize","A Thousand Cuts+1","Calculated Gamble","Wraith Form v2+1","Catalyst","Blur"],"relics":["Ring of the Snake","Bottled Lightning"],"potions_floor_usage":[11],"damage_taken":[{"damage":3,"enemies":"Jaw Worm","floor":1,"turns":5},{"damage":4,"enemies":"Small Slimes","floor":4,"turns":4},{"damage":2,"enemies":"2 Louse","floor":5,"turns":4},{"damage":11,"enemies":"Blue Slaver","floor":7,"turns":7},{"damage":31,"enemies":"Lagavulin","floor":11,"turns":9}],"seed_played":"5065181316722204560","potions_obtained":[{"floor":1,"key":"SteroidPotion"},{"floor":7,"key":"Explosive Potion"}],"is_trial":false,"path_per_floor":["M","?","?","M","M","R","M","R","T","?","E"],"character_chosen":"THE_SILENT","items_purchased":[],"campfire_rested":0,"item_purchase_floors":[],"current_hp_per_floor":[56,56,45,41,39,39,28,28,28,48,17],"gold":298,"neow_bonus":"THREE_RARE_CARDS","is_prod":false,"is_daily":false,"chose_seed":false,"campfire_upgraded":2,"win_rate":0,"timestamp":1543405296,"path_taken":["M","?","?","M","M","R","M","R","T","?","E"],"build_version":"2018-11-15","purchased_purges":0,"victory":false,"max_hp_per_floor":[60,60,60,60,60,60,60,60,60,60,60],"card_choices":[{"not_picked":["Die Die Die","Wraith Form v2"],"picked":"A Thousand Cuts","floor":0},{"not_picked":["Dodge and Roll","Sucker Punch"],"picked":"Calculated Gamble","floor":1},{"not_picked":["Acrobatics","Blade Dance"],"picked":"Catalyst","floor":4},{"not_picked":["Sucker Punch","Skewer","Reflex"],"picked":"SKIP","floor":5},{"not_picked":["Dodge and Roll","Slice"],"picked":"Blur","floor":7}],"player_experience":575069,"relics_obtained":[{"floor":9,"key":"Bottled Lightning"}],"event_choices":[{"damage_healed":0,"gold_gain":0,"cards_transformed":["Strike_G"],"player_choice":"Change","damage_taken":0,"max_hp_gain":0,"max_hp_loss":0,"event_name":"Living Wall","floor":2,"gold_loss":0,"cards_obtained":["Wraith Form v2"]},{"damage_healed":0,"gold_gain":75,"player_choice":"Gather Gold","damage_taken":11,"max_hp_gain":0,"max_hp_loss":0,"event_name":"World of Goop","floor":3,"gold_loss":0},{"damage_healed":20,"gold_gain":0,"player_choice":"Banana","damage_taken":0,"max_hp_gain":0,"max_hp_loss":0,"event_name":"Big Fish","floor":10,"gold_loss":0}],"is_beta":true,"boss_relics":[],"items_purged_floors":[],"is_endless":false,"potions_floor_spawned":[1,7],"killed_by":"Lagavulin","ascension_level":20}