{"gold_per_floor":[217,228,228,15,15,55,68,68,113,27,27,60,84,49,49,49],"floor_reached":16,"playtime":1148,"items_purged":["Regret"],"score":108,"play_id":"362c3365-55ba-40be-a719-0f20b416206c","local_time":"20190804230626","is_ascension_mode":false,"campfire_choices":[{"floor":8,"key":"REST"},{"floor":11,"key":"REST"},{"floor":15,"key":"REST"}],"neow_cost":"NONE","seed_source_timestamp":1087876708204020,"circlet_count":0,"master_deck":["Strike_G","Strike_G","Strike_G","Strike_G","Strike_G","Defend_G","Defend_G","Defend_G","Defend_G","Defend_G","Survivor","Neutralize","PiercingWail","Endless Agony","Dagger Spray","Impatience","Injury","Calculated Gamble","Escape Plan","Backstab","Flying Knee","Expertise","Prepared"],"relics":["Ring of the Snake","Pen Nib","Golden Idol","Pantograph","Snake Skull","Sundial"],"potions_floor_usage":[],"damage_taken":[{"damage":0,"enemies":"2 Louse","floor":1,"turns":6},{"damage":2,"enemies":"Jaw Worm","floor":2,"turns":7},{"damage":59,"enemies":"Lagavulin","floor":6,"turns":12},{"damage":0,"enemies":"Small Slimes","floor":7,"turns":3},{"damage":15,"enemies":"3 Sentries","floor":12,"turns":7},{"damage":6,"enemies":"2 Fungi Beasts","floor":13,"turns":3},{"damage":74,"enemies":"Slime Boss","floor":16,"turns":11}],"seed_played":"8547887979620199805","potions_obtained":[{"floor":6,"key":"SmokeBomb"},{"floor":12,"key":"Regen Potion"}],"is_trial":false,"path_per_floor":["M","M","?","$","?","E","M","R","T","$","R","E","M","?","R","B"],"character_chosen":"THE_SILENT","items_purchased":["Dagger Spray","Impatience","Backstab","Flying Knee"],"campfire_rested":3,"item_purchase_floors":[4,4,10,10],"current_hp_per_floor":[70,68,68,68,68,9,9,30,30,30,51,36,30,47,68,0],"gold":49,"neow_bonus":"HUNDRED_GOLD","is_prod":false,"is_daily":false,"chose_seed":false,"campfire_upgraded":0,"win_rate":0.0,"timestamp":1564974386,"path_taken":["M","M","?","$","?","E","M","R","T","$","R","E","M","?","R","BOSS"],"build_version":"2019-06-28","purchased_purges":1,"victory":false,"max_hp_per_floor":[70,70,70,70,70,70,70,70,70,70,70,70,70,70,70,70],"card_choices":[{"not_picked":["Backflip","Poisoned Stab"],"picked":"PiercingWail","floor":1},{"not_picked":["Reflex","Deadly Poison"],"picked":"Endless Agony","floor":2},{"not_picked":["Bouncing Flask","Finisher"],"picked":"Calculated Gamble","floor":6},{"not_picked":["Blade Dance","Footwork"],"picked":"Escape Plan","floor":7},{"not_picked":["Catalyst","Deflect"],"picked":"Expertise","floor":12},{"not_picked":["Outmaneuver","Slice"],"picked":"Prepared","floor":13}],"player_experience":10991,"relics_obtained":[{"floor":6,"key":"Pantograph"},{"floor":9,"key":"Snake Skull"},{"floor":12,"key":"Sundial"}],"event_choices":[{"damage_healed":0,"gold_gain":0,"player_choice":"Box","damage_taken":0,"relics_obtained":["Pen Nib"],"max_hp_gain":0,"max_hp_loss":0,"event_name":"Big Fish","floor":3,"gold_loss":0,"cards_obtained":["Regret"]},{"damage_healed":0,"gold_gain":0,"player_choice":"Take Wound","damage_taken":0,"relics_obtained":["Golden Idol"],"max_hp_gain":0,"max_hp_loss":0,"event_name":"Golden Idol","floor":5,"gold_loss":0,"cards_obtained":["Injury"]},{"damage_healed":17,"gold_gain":0,"player_choice":"Healed","damage_taken":0,"max_hp_gain":0,"max_hp_loss":0,"event_name":"The Cleric","floor":14,"gold_loss":35}],"is_beta":true,"boss_relics":[],"items_purged_floors":[4],"is_endless":false,"potions_floor_spawned":[6,12],"killed_by":"Slime Boss","ascension_level":0}