{"gold_per_floor":[118,193,193,208,15,49,49,49,73,88,122,135,156,187,187,308,308,327,352,89,188,206,206,206],"floor_reached":24,"playtime":1521,"items_purged":["Strike_B"],"score":289,"play_id":"a3f0e232-60f0-4d29-adee-90d4abe8926e","local_time":"20180719124147","is_ascension_mode":true,"campfire_choices":[{"floor":8,"key":"REST"},{"floor":15,"key":"REST"},{"floor":23,"key":"REST"}],"neow_cost":"NONE","seed_source_timestamp":13226646664811,"circlet_count":0,"master_deck":["Strike_B","Strike_B","Strike_B","Defend_B","Defend_B","Defend_B","Defend_B","Zap","Dualcast","Static Discharge","Aggregate","Coolheaded","Sunder","Rebound","Hologram","Darkness","Consume","Chaos","Hello World","Sweeping Beam","Creative AI","Barrage","Cold Snap","Turbo","Seek","Core Surge","Skim"],"relics":["Cracked Core","NeowsBlessing","Art of War","Dream Catcher","Golden Idol","Vajra","Ancient Tea Set","Darkstone Periapt","Eternal Feather"],"potions_floor_usage":[18,22,24],"damage_taken":[{"damage":0,"enemies":"Jaw Worm","floor":1,"turns":1},{"damage":0,"enemies":"Small Slimes","floor":4,"turns":1},{"damage":0,"enemies":"3 Sentries","floor":6,"turns":1},{"damage":5,"enemies":"2 Louse","floor":10,"turns":2},{"damage":35,"enemies":"Gremlin Nob","floor":11,"turns":4},{"damage":0,"enemies":"Exordium Wildlife","floor":12,"turns":2},{"damage":6,"enemies":"Blue Slaver","floor":13,"turns":3},{"damage":19,"enemies":"3 Sentries","floor":14,"turns":6},{"damage":24,"enemies":"Slime Boss","floor":16,"turns":8},{"damage":12,"enemies":"3 Byrds","floor":18,"turns":5},{"damage":35,"enemies":"Chosen","floor":19,"turns":6},{"damage":28,"enemies":"Snecko","floor":22,"turns":5},{"damage":55,"enemies":"Book of Stabbing","floor":24,"turns":4}],"seed_played":"-8068617356918189716","potions_obtained":[{"floor":1,"key":"Regen Potion"},{"floor":4,"key":"Block Potion"},{"floor":11,"key":"SkillPotion"},{"floor":22,"key":"Strength Potion"}],"is_trial":false,"path_per_floor":["M","?","?","M","$","E","?","R","T","M","E","M","M","E","R","B",null,"M","M","$","?","M","R"],"character_chosen":"DEFECT","items_purchased":["Coolheaded","Art of War","Turbo","Seek"],"campfire_rested":3,"item_purchase_floors":[5,5,20,20],"current_hp_per_floor":[75,64,69,69,69,69,49,73,73,68,33,33,27,8,32,8,80,68,33,33,33,17,51,0],"gold":206,"neow_bonus":"THREE_ENEMY_KILL","is_prod":false,"is_daily":false,"chose_seed":false,"campfire_upgraded":0,"win_rate":0,"timestamp":1531975307,"path_taken":["M","?","?","M","$","E","?","R","T","M","E","M","?","E","R","BOSS","M","M","$","?","M","R","E"],"build_version":"2018-07-12","purchased_purges":1,"victory":false,"max_hp_per_floor":[75,75,80,80,80,80,80,80,80,80,80,80,80,80,80,80,80,80,80,80,80,80,80,80],"card_choices":[{"not_picked":["Undo","Reinforced Body"],"picked":"Static Discharge","floor":1},{"not_picked":["Beam Cell","Steam"],"picked":"Aggregate","floor":4},{"not_picked":["Storm","Go for the Eyes"],"picked":"Sunder","floor":6},{"not_picked":["Recycle","Ball Lightning"],"picked":"Rebound","floor":8},{"not_picked":["Beam Cell","Doom and Gloom"],"picked":"Hologram","floor":10},{"not_picked":["Genetic Algorithm","Hello World"],"picked":"Darkness","floor":11},{"not_picked":["Skim","Blizzard"],"picked":"Consume","floor":12},{"not_picked":["Blizzard","Steam"],"picked":"Chaos","floor":13},{"not_picked":["Melter","Coolheaded"],"picked":"Hello World","floor":14},{"not_picked":["Ball Lightning","Steam"],"picked":"Sweeping Beam","floor":15},{"not_picked":["Fission","Meteor Strike"],"picked":"Creative AI","floor":16},{"not_picked":["Consume","Gash"],"picked":"Barrage","floor":18},{"not_picked":["Redo","Ball Lightning+1"],"picked":"Cold Snap","floor":19},{"not_picked":["Rebound","Redo"],"picked":"Core Surge","floor":22},{"not_picked":["Streamline","Scrape"],"picked":"Skim","floor":23}],"player_experience":116730,"relics_obtained":[{"floor":6,"key":"Dream Catcher"},{"floor":9,"key":"Vajra"},{"floor":11,"key":"Ancient Tea Set"},{"floor":14,"key":"Darkstone Periapt"}],"event_choices":[{"event_name":"World of Goop","player_choice":"Gather Gold","floor":2,"damage_taken":0},{"event_name":"Big Fish","player_choice":"Donut","floor":3,"damage_taken":0},{"event_name":"Golden Idol","player_choice":"Take Damage","floor":7,"damage_taken":0},{"event_name":"Nest","player_choice":"Stole From Cult","floor":21,"damage_taken":0}],"boss_relics":[{"not_picked":["Snecko Eye","White Beast Statue"],"picked":"Eternal Feather"}],"items_purged_floors":[20],"is_endless":false,"potions_floor_spawned":[1,4,11,12,14,22],"killed_by":"Book of Stabbing","ascension_level":4}