{"gold_per_floor":[116,116,135,59,72,106,129,129,129,129,154,154,170,213,213,342,342,358,383,230,230,130,130,161,161,161,161,161,161],"floor_reached":29,"playtime":2028,"items_purged":["Strike_B","Strike_B"],"score":272,"play_id":"613aeea9-e846-4b4c-9c6b-64fa82a71316","local_time":"20190810035013","is_ascension_mode":true,"campfire_choices":[{"data":"Loop","floor":10,"key":"SMITH"},{"data":"Dualcast","floor":12,"key":"SMITH"},{"floor":15,"key":"REST"},{"data":"Steam Power","floor":23,"key":"SMITH"},{"data":"Reboot","floor":25,"key":"SMITH"},{"data":"Reprogram","floor":28,"key":"SMITH"}],"neow_cost":"TEN_PERCENT_HP_LOSS","seed_source_timestamp":459599269826007,"circlet_count":0,"master_deck":["Defend_B","Defend_B","Defend_B","Defend_B","Zap+1","Dualcast+1","BootSequence","Loop+1","Chill","Steam Power+1","Machine Learning","FTL+1","Echo Form","Turbo+1","Reboot+1","Reprogram+1"],"relics":["FrozenCore","Question Card","Odd Mushroom","Golden Idol","Pantograph","Pen Nib","Bronze Scales","Whetstone","Incense Burner","SsserpentHead"],"potions_floor_usage":[6,13,19,24,24,29],"damage_taken":[{"damage":1,"enemies":"Cultist","floor":1,"turns":4},{"damage":0,"enemies":"2 Louse","floor":3,"turns":2},{"damage":0,"enemies":"Small Slimes","floor":5,"turns":3},{"damage":28,"enemies":"Gremlin Nob","floor":6,"turns":4},{"damage":11,"enemies":"The Mushroom Lair","floor":7,"turns":6},{"damage":3,"enemies":"Exordium Thugs","floor":13,"turns":5},{"damage":12,"enemies":"3 Sentries","floor":14,"turns":10},{"damage":18,"enemies":"Hexaghost","floor":16,"turns":9},{"damage":0,"enemies":"Chosen","floor":18,"turns":6},{"damage":3,"enemies":"2 Thieves","floor":19,"turns":4},{"damage":46,"enemies":"Gremlin Leader","floor":24,"turns":7},{"damage":28,"enemies":"Centurion and Healer","floor":29,"turns":5}],"seed_played":"8781370655331661495","potions_obtained":[{"floor":1,"key":"SkillPotion"},{"floor":6,"key":"Swift Potion"},{"floor":16,"key":"AttackPotion"},{"floor":18,"key":"Swift Potion"},{"floor":19,"key":"Ancient Potion"},{"floor":21,"key":"Regen Potion"},{"floor":21,"key":"Explosive Potion"}],"is_trial":false,"path_per_floor":["M","?","M","$","M","E","?","?","T","R","T","R","M","E","R","B",null,"M","M","$","?","$","R","E","R","T","?","R","M"],"character_chosen":"DEFECT","items_purchased":["Chill","Reboot"],"campfire_rested":1,"item_purchase_floors":[4,20],"current_hp_per_floor":[67,67,67,67,67,39,28,28,28,28,28,28,25,13,31,38,63,63,60,60,60,60,60,28,28,28,28,28,0],"gold":161,"neow_bonus":"REMOVE_TWO","is_prod":false,"is_daily":false,"chose_seed":false,"campfire_upgraded":5,"win_rate":0,"timestamp":1565401813,"path_taken":["M","?","?","$","M","E","?","?","T","R","?","R","M","E","R","BOSS","M","?","$","?","?","R","E","R","T","?","R","M"],"build_version":"2019-07-17","purchased_purges":2,"victory":false,"max_hp_per_floor":[68,68,68,68,68,68,68,63,63,63,63,63,63,63,63,63,63,63,63,63,63,63,63,63,63,63,63,63,63],"card_choices":[{"not_picked":["Go for the Eyes","Sweeping Beam"],"picked":"BootSequence","floor":1},{"not_picked":["Chaos","Static Discharge"],"picked":"Loop","floor":3},{"not_picked":["Hello World","Sweeping Beam","Coolheaded"],"picked":"SKIP","floor":5},{"not_picked":["Redo","Go for the Eyes"],"picked":"Steam Power","floor":6},{"not_picked":["Stack","Redo","Go for the Eyes"],"picked":"Machine Learning","floor":13},{"not_picked":["Cold Snap","Stack","Core Surge"],"picked":"FTL","floor":14},{"not_picked":["Hyperbeam","Biased Cognition","Amplify"],"picked":"Echo Form","floor":16},{"not_picked":["Gash","Sweeping Beam","Barrage+1","Ball Lightning"],"picked":"SKIP","floor":18},{"not_picked":["FTL","Go for the Eyes","Cold Snap"],"picked":"Turbo+1","floor":19},{"not_picked":["Storm","Blizzard","Sweeping Beam"],"picked":"Reprogram","floor":24}],"player_experience":79745,"relics_obtained":[{"floor":6,"key":"Question Card"},{"floor":7,"key":"Odd Mushroom"},{"floor":9,"key":"Pantograph"},{"floor":11,"key":"Pen Nib"},{"floor":14,"key":"Bronze Scales"},{"floor":24,"key":"Whetstone"},{"floor":26,"key":"Incense Burner"}],"event_choices":[{"damage_healed":0,"gold_gain":0,"player_choice":"Upgraded","damage_taken":0,"max_hp_gain":0,"max_hp_loss":0,"event_name":"Upgrade Shrine","floor":2,"gold_loss":0,"cards_upgraded":["Zap"]},{"damage_healed":0,"gold_gain":0,"player_choice":"Fought Mushrooms","damage_taken":0,"max_hp_gain":0,"max_hp_loss":0,"event_name":"Mushrooms","floor":7,"gold_loss":0},{"damage_healed":0,"gold_gain":0,"player_choice":"Lose Max HP","damage_taken":0,"relics_obtained":["Golden Idol"],"max_hp_gain":0,"max_hp_loss":5,"event_name":"Golden Idol","floor":8,"gold_loss":0},{"damage_healed":0,"gold_gain":0,"player_choice":"Got Potions","damage_taken":0,"max_hp_gain":0,"max_hp_loss":0,"event_name":"Lab","floor":21,"gold_loss":0},{"damage_healed":0,"gold_gain":0,"player_choice":"Trade","damage_taken":0,"relics_obtained":["SsserpentHead"],"max_hp_gain":0,"max_hp_loss":0,"event_name":"FaceTrader","floor":27,"gold_loss":0}],"is_beta":false,"boss_relics":[{"not_picked":["Nuclear Battery","Black Star"],"picked":"FrozenCore"}],"items_purged_floors":[20,22],"is_endless":false,"potions_floor_spawned":[1,6,16,18,19],"killed_by":"Centurion and Healer","ascension_level":2}