{"gold_per_floor":[111,37,56,67,81,113,128,153,153,170,135,135,148,171,171,272,272,287,72,72,97,114,143,143,143],"floor_reached":25,"playtime":1452,"items_purged":[],"score":233,"play_id":"f22f0765-fc9e-488a-9951-ac3cc1fab761","local_time":"20190806130543","is_ascension_mode":false,"campfire_choices":[{"data":"Adrenaline","floor":15,"key":"SMITH"}],"neow_cost":"NONE","seed_source_timestamp":1224328563308505,"circlet_count":0,"master_deck":["Strike_G","Strike_G","Strike_G","Strike_G","Strike_G","Defend_G","Defend_G","Defend_G","Defend_G","Defend_G","Survivor","Neutralize","Deflect","Calculated Gamble","Dagger Spray","Dagger Spray","Underhanded Strike","Heel Hook","Calculated Gamble","Flying Knee","Adrenaline+1","Die Die Die","Prepared","Backstab","Endless Agony"],"relics":["Ring of the Snake","Dream Catcher","Omamori","Matryoshka","Ornamental Fan","Happy Flower","Lizard Tail","Anchor","Frozen Egg 2","Regal Pillow","Molten Egg 2"],"potions_floor_usage":[7,8,8,16,16,18,23],"damage_taken":[{"damage":0,"enemies":"Small Slimes","floor":1,"turns":5},{"damage":0,"enemies":"2 Louse","floor":3,"turns":4},{"damage":0,"enemies":"Jaw Worm","floor":4,"turns":4},{"damage":8,"enemies":"Exordium Wildlife","floor":5,"turns":4},{"damage":27,"enemies":"Gremlin Nob","floor":6,"turns":5},{"damage":2,"enemies":"Exordium Thugs","floor":7,"turns":6},{"damage":16,"enemies":"Lagavulin","floor":8,"turns":9},{"damage":9,"enemies":"Large Slime","floor":10,"turns":7},{"damage":0,"enemies":"Exordium Wildlife","floor":13,"turns":2},{"damage":58,"enemies":"Slime Boss","floor":16,"turns":20},{"damage":17,"enemies":"Spheric Guardian","floor":18,"turns":4},{"damage":8,"enemies":"Chosen","floor":22,"turns":6},{"damage":51,"enemies":"Book of Stabbing","floor":23,"turns":8},{"damage":45,"enemies":"Slavers","floor":25,"turns":6}],"seed_played":"1886562834120083867","potions_obtained":[{"floor":5,"key":"Dexterity Potion"},{"floor":6,"key":"Fire Potion"},{"floor":7,"key":"AttackPotion"},{"floor":10,"key":"SpeedPotion"},{"floor":13,"key":"Dexterity Potion"},{"floor":16,"key":"FearPotion"},{"floor":18,"key":"LiquidBronze"}],"is_trial":false,"path_per_floor":["M","$","M","M","M","E","M","E","T","M","?","?","M","T","R","B",null,"M","$","?","T","M","E","$","E"],"character_chosen":"THE_SILENT","items_purchased":["Calculated Gamble","Anchor","Backstab"],"campfire_rested":0,"item_purchase_floors":[2,19,19],"current_hp_per_floor":[77,77,77,77,69,42,40,24,24,15,34,59,59,59,59,1,77,60,60,60,60,52,1,1,0],"gold":143,"neow_bonus":"TEN_PERCENT_HP_BONUS","is_prod":false,"is_daily":false,"chose_seed":false,"campfire_upgraded":1,"win_rate":0.0,"timestamp":1565111143,"path_taken":["M","$","M","M","M","E","M","E","T","M","?","?","M","?","R","BOSS","M","$","?","?","M","E","$","E"],"build_version":"2019-06-28","purchased_purges":0,"victory":false,"max_hp_per_floor":[77,77,77,77,77,77,77,77,77,77,77,77,77,77,77,77,77,77,77,77,77,77,77,77,77],"card_choices":[{"not_picked":["Crippling Poison","Sucker Punch"],"picked":"Deflect","floor":1},{"not_picked":["Choke","Bouncing Flask"],"picked":"Dagger Spray","floor":3},{"not_picked":["Dodge and Roll","Acrobatics"],"picked":"Dagger Spray","floor":4},{"not_picked":["Poisoned Stab","Acrobatics"],"picked":"Underhanded Strike","floor":5},{"not_picked":["Backflip","Expertise"],"picked":"Heel Hook","floor":6},{"not_picked":["Terror","Deflect"],"picked":"Calculated Gamble","floor":7},{"not_picked":["Poisoned Stab","Slice"],"picked":"Flying Knee","floor":8},{"not_picked":["Tactician","Footwork","Slice"],"picked":"SKIP","floor":10},{"not_picked":["Backstab","Bouncing Flask"],"picked":"Adrenaline","floor":13},{"not_picked":["Unload","Bullet Time"],"picked":"Die Die Die","floor":16},{"not_picked":["Caltrops","Dodge and Roll"],"picked":"Prepared","floor":18},{"not_picked":["Backflip","Bouncing Flask"],"picked":"Endless Agony","floor":22},{"not_picked":["Choke","Acrobatics","Dash"],"picked":"SKIP","floor":23}],"player_experience":32537,"relics_obtained":[{"floor":6,"key":"Dream Catcher"},{"floor":8,"key":"Omamori"},{"floor":9,"key":"Matryoshka"},{"floor":14,"key":"Ornamental Fan"},{"floor":14,"key":"Happy Flower"},{"floor":21,"key":"Frozen Egg 2"},{"floor":21,"key":"Regal Pillow"},{"floor":23,"key":"Molten Egg 2"}],"event_choices":[{"damage_healed":19,"gold_gain":0,"player_choice":"Healed","damage_taken":0,"max_hp_gain":0,"max_hp_loss":0,"event_name":"The Cleric","floor":11,"gold_loss":35},{"damage_healed":25,"gold_gain":0,"player_choice":"Banana","damage_taken":0,"max_hp_gain":0,"max_hp_loss":0,"event_name":"Big Fish","floor":12,"gold_loss":0},{"damage_healed":0,"gold_gain":0,"player_choice":"Ignored","damage_taken":0,"max_hp_gain":0,"max_hp_loss":0,"event_name":"Ghosts","floor":20,"gold_loss":0}],"is_beta":true,"boss_relics":[{"not_picked":["WristBlade","White Beast Statue"],"picked":"Lizard Tail"}],"items_purged_floors":[],"is_endless":false,"potions_floor_spawned":[5,6,7,10,13,16,18],"killed_by":"Slavers","ascension_level":0}