{"gold_per_floor":[119,119,119,44,0,0,34,52,128,128,142,142,152,169,169,246,246,265,415,415,425,62,62,91,105,130,130,161,176,3,15,15,89,89,102,121,21,21,21,21,52,65,65,165,165,176,176,193,193,193,193],"floor_reached":52,"playtime":4991,"items_purged":["Defend_B","Defend_B"],"score":1840,"play_id":"6dc30403-11ff-40b4-993b-15aada79031d","local_time":"20190126094123","is_ascension_mode":true,"campfire_choices":[{"data":"Self Repair","floor":6.0,"key":"SMITH"},{"data":"Buffer","floor":12.0,"key":"SMITH"},{"data":"Hyperbeam","floor":15.0,"key":"SMITH"},{"data":"Skim","floor":23,"key":"SMITH"},{"data":"Turbo","floor":27,"key":"SMITH"},{"data":"Defragment","floor":32,"key":"SMITH"},{"data":"Multi-Cast","floor":40,"key":"SMITH"},{"data":"Buffer","floor":45,"key":"SMITH"},{"data":"Hologram","floor":47,"key":"SMITH"},{"data":"Reboot","floor":49,"key":"SMITH"}],"neow_cost":"NONE","seed_source_timestamp":4251082407449,"circlet_count":0,"master_deck":["AscendersBane","Defend_B","Defend_B","Zap+1","Dualcast","Leap","Self Repair+1","Skim+1","Buffer+1","Glacier","Hyperbeam+1","Echo Form","Doom and Gloom+1","Storm+1","Chaos+1","Turbo+1","Skim","Coolheaded+1","Reboot+1","Undo","Defragment+1","Auto Shields","Multi-Cast+1","Stack+1","Hologram+1","Buffer+1","Force Field"],"special_seed":0,"relics":["Cracked Core","Bottled Tornado","Letter Opener","Astrolabe","theJungle:WildStrawberry","Meat on the Bone","Ornamental Fan","Boot","Happy Flower","Inserter","Blood Vial","Pantograph","Ginger"],"potions_floor_usage":[41,50],"damage_taken":[{"damage":10.0,"enemies":"2 Louse","floor":1.0,"turns":3.0},{"damage":45.0,"enemies":"Lagavulin","floor":7.0,"turns":8.0},{"damage":4.0,"enemies":"Small Slimes","floor":8.0,"turns":5.0},{"damage":7.0,"enemies":"Jaw Worm","floor":11.0,"turns":5.0},{"damage":1.0,"enemies":"Looter","floor":13.0,"turns":3.0},{"damage":12.0,"enemies":"Exordium Wildlife","floor":14.0,"turns":5.0},{"damage":34.0,"enemies":"Hexaghost","floor":16.0,"turns":5.0},{"damage":13.0,"enemies":"theJungle:MUSHROOMGANG","floor":18.0,"turns":4.0},{"damage":15,"enemies":"theJungle:GiantWrat","floor":21,"turns":6},{"damage":0,"enemies":"theJungle:2_Phrogs","floor":24,"turns":7},{"damage":25,"enemies":"theJungle:2_Snecko_Cultists","floor":25,"turns":3},{"damage":0,"enemies":"theJungle:MamaSnecko","floor":28,"turns":9},{"damage":4,"enemies":"theJungle:Snecko_Cultist_And_Trap","floor":29,"turns":2},{"damage":7,"enemies":"theJungle:SlimyTreeVines","floor":31,"turns":6},{"damage":29,"enemies":"theJungle:FunGuy","floor":33,"turns":9},{"damage":6,"enemies":"3 Shapes","floor":35,"turns":2},{"damage":48,"enemies":"3 Darklings","floor":36,"turns":4},{"damage":22,"enemies":"Giant Head","floor":41,"turns":10},{"damage":2,"enemies":"4 Shapes","floor":42,"turns":9},{"damage":0,"enemies":"Mind Bloom Boss Battle","floor":44,"turns":4},{"damage":8,"enemies":"Spire Growth","floor":46,"turns":8},{"damage":7,"enemies":"Writhing Mass","floor":48,"turns":7},{"damage":53,"enemies":"Donu and Deca","floor":50,"turns":14},{"damage":63,"enemies":"Time Eater","floor":51,"turns":15}],"seed_played":"-4904874873395879786","potions_obtained":[{"floor":13.0,"key":"FearPotion"},{"floor":14.0,"key":"PowerPotion"},{"floor":24,"key":"SpeedPotion"},{"floor":25,"key":"Weak Potion"},{"floor":41,"key":"GamblersBrew"}],"is_trial":false,"path_per_floor":["M","?","?","?","$","R","E","M","T","?","M","R","M","M","R","B",null,"M","?","?","M","$","R","E","M","T","R","E","M","$","M","R","B",null,"M","M","$","?","?","R","E","M","T","?","R","M","R","M","R","B","B",null],"character_chosen":"DEFECT","items_purchased":["Self Repair","Meat on the Bone","Undo","Defragment"],"campfire_rested":0,"item_purchase_floors":[5,22,30,30],"current_hp_per_floor":[54,54,47,47,47,47,12,18,18,41,44,44,53,51,51,27,60,57,57,50,45,45,45,55,52,52,52,62,68,68,77,77,48,71,65,39,39,39,39,39,39,61,61,78,78,78,78,78,78,47,33],"gold":193,"neow_bonus":"UPGRADE_CARD","is_prod":false,"is_daily":false,"chose_seed":false,"campfire_upgraded":10,"win_rate":0,"timestamp":1548466883,"path_taken":["M","?","?","?","$","R","E","M","T","?","M","R","M","M","R","BOSS","M","?","?","M","$","R","E","M","T","R","E","M","?","M","R","BOSS","M","M","$","?","?","R","E","?","T","?","R","M","R","M","R","BOSS","BOSS"],"build_version":"2019-01-23","purchased_purges":2,"victory":true,"max_hp_per_floor":[71,71,71,71,71,71,71,71,71,71,71,71,71,71,71,71,71,71,71,78,78,78,78,78,78,78,78,78,78,78,78,78,78,78,78,78,78,78,78,78,78,78,78,78,78,78,78,78,78,78,78],"card_choices":[{"not_picked":["Hologram","Double Energy"],"picked":"Leap","floor":1.0},{"not_picked":["Barrage","Turbo"],"picked":"Skim","floor":7.0},{"not_picked":["Barrage","Go for the Eyes"],"picked":"Buffer","floor":8.0},{"not_picked":["Leap","Gash"],"picked":"Rip and Tear","floor":11.0},{"not_picked":["FTL","Stack"],"picked":"Glacier","floor":13.0},{"not_picked":["Ball Lightning","Leap"],"picked":"Hyperbeam","floor":14.0},{"not_picked":["Meteor Strike","Creative AI"],"picked":"Echo Form","floor":16.0},{"not_picked":["Turbo","Compile Driver","Streamline"],"picked":"SKIP","floor":18.0},{"not_picked":["Compile Driver","Streamline"],"picked":"Turbo","floor":18.0},{"not_picked":["Rebound","Static Discharge"],"picked":"Skim","floor":21},{"not_picked":["Tempest","Chaos","White Noise"],"picked":"SKIP","floor":24},{"not_picked":["Reprogram","Redo"],"picked":"Coolheaded+1","floor":25},{"not_picked":["Chill","Redo"],"picked":"Reboot","floor":28},{"not_picked":["Barrage","Beam Cell","Redo"],"picked":"SKIP","floor":29},{"not_picked":["Hologram","Rebound+1"],"picked":"Auto Shields","floor":31},{"not_picked":["Hyperbeam","Creative AI"],"picked":"Multi-Cast","floor":33},{"not_picked":["Compile Driver+1","Ball Lightning"],"picked":"Stack+1","floor":35},{"not_picked":["Stack+1","Go for the Eyes+1","Conserve Battery"],"picked":"SKIP","floor":36},{"not_picked":["Stack+1","Go for the Eyes+1","Conserve Battery"],"picked":"SKIP","floor":36},{"not_picked":["Aggregate+1","Storm"],"picked":"Hologram","floor":41},{"not_picked":["Compile Driver+1","Sweeping Beam"],"picked":"Buffer","floor":42},{"not_picked":["Redo","Hello World"],"picked":"Force Field","floor":46},{"not_picked":["Stack","Leap","Hologram+1"],"picked":"SKIP","floor":48}],"player_experience":695824,"relics_obtained":[{"floor":7.0,"key":"Bottled Tornado"},{"floor":9.0,"key":"Letter Opener"},{"floor":24,"key":"Ornamental Fan"},{"floor":26,"key":"Boot"},{"floor":28,"key":"Happy Flower"},{"floor":41,"key":"Blood Vial"},{"floor":43,"key":"Pantograph"},{"floor":44,"key":"Ginger"}],"event_choices":[{"damage_healed":0.0,"max_hp_gain":0.0,"max_hp_loss":0.0,"gold_gain":0.0,"event_name":"Shining Light","player_choice":"Ignored","floor":2.0,"gold_loss":0.0,"damage_taken":0.0},{"cards_removed":["Strike_B"],"damage_healed":0.0,"max_hp_gain":0.0,"max_hp_loss":0.0,"gold_gain":0.0,"event_name":"Golden Wing","player_choice":"Card Removal","floor":3.0,"gold_loss":0.0,"damage_taken":7.0},{"cards_removed":["Strike_B"],"damage_healed":0.0,"max_hp_gain":0.0,"max_hp_loss":0.0,"gold_gain":0.0,"event_name":"The Cleric","player_choice":"Card Removal","floor":4.0,"gold_loss":75.0,"damage_taken":0.0},{"damage_healed":23.0,"max_hp_gain":0.0,"max_hp_loss":0.0,"gold_gain":0.0,"event_name":"Big Fish","player_choice":"Banana","floor":10.0,"gold_loss":0.0,"damage_taken":0.0},{"damage_healed":0,"gold_gain":0,"player_choice":"Ignored","damage_taken":0,"max_hp_gain":0,"max_hp_loss":0,"event_name":"The Moai Head","floor":38,"gold_loss":0},{"damage_healed":0,"gold_gain":0,"player_choice":"0 cards matched","damage_taken":0,"max_hp_gain":0,"max_hp_loss":0,"event_name":"Match and Keep!","floor":39,"gold_loss":0,"cards_obtained":[]},{"damage_healed":0,"gold_gain":0,"player_choice":"Fight","damage_taken":0,"max_hp_gain":0,"max_hp_loss":0,"event_name":"MindBloom","floor":44,"gold_loss":0}],"is_beta":true,"boss_relics":[{"not_picked":["Coffee Dripper","Lizard Tail"],"picked":"Astrolabe"},{"not_picked":["Nuclear Battery","Pandora\u0027s Box"],"picked":"Inserter"}],"items_purged_floors":[22,37],"is_endless":false,"potions_floor_spawned":[13,14,24,25,29,41,44],"ascension_level":20}