{"gold_per_floor":[116,116,31,31,31,31,64,64,90,106,106,133,159,179,179,258,258,274,254,75,94,94,94,111,111,134,152,162,197,197,228,228,300,300,316,316,416,204,221,221,221,235,235,235,99,126,126,153,153,153,153],"floor_reached":51,"playtime":2809,"items_purged":["Defend_B","Defend_B","Defend_B"],"score":1654,"play_id":"c02c87ad-dbae-460b-a47c-53d664c4fece","local_time":"20190101130118","is_ascension_mode":true,"campfire_choices":[{"data":"Hyperbeam","floor":6.0,"key":"SMITH"},{"data":"Enlightenment","floor":8.0,"key":"SMITH"},{"data":"Beam Cell","floor":11.0,"key":"SMITH"},{"data":"Dualcast","floor":15.0,"key":"SMITH"},{"data":"Self Repair","floor":23.0,"key":"SMITH"},{"data":"Chill","floor":25.0,"key":"SMITH"},{"data":"Zap","floor":30.0,"key":"SMITH"},{"data":"Electrodynamics","floor":32.0,"key":"SMITH"},{"data":"Buffer","floor":40.0,"key":"SMITH"},{"data":"Seek","floor":47.0,"key":"SMITH"},{"data":"Consume","floor":49.0,"key":"SMITH"}],"neow_cost":"TEN_PERCENT_HP_LOSS","seed_source_timestamp":0,"circlet_count":0,"master_deck":["AscendersBane","Defend_B","Zap+1","Dualcast+1","Enlightenment+1","Panacea+1","Ball Lightning+1","Electrodynamics+1","Hyperbeam+1","Beam Cell+1","Chill+1","Core Surge","Hologram+1","All For One+1","Conserve Battery","Self Repair+1","Coolheaded+1","Seek+1","Consume+1","Buffer+1","Leap","Steam+1","Turbo+1"],"special_seed":0,"relics":["Cracked Core","Bag of Preparation","Smiling Mask","Oddly Smooth Stone","PreservedInsect","Astrolabe","Ancient Tea Set","Centennial Puzzle","Letter Opener","Inserter","FossilizedHelix","Bird Faced Urn","Calipers"],"potions_floor_usage":[],"damage_taken":[{"damage":1.0,"enemies":"2 Louse","floor":1.0,"turns":3.0},{"damage":10.0,"enemies":"3 Sentries","floor":7.0,"turns":3.0},{"damage":0.0,"enemies":"Cultist","floor":10.0,"turns":2.0},{"damage":0.0,"enemies":"Gremlin Nob","floor":13.0,"turns":2.0},{"damage":0.0,"enemies":"Small Slimes","floor":14.0,"turns":1.0},{"damage":11.0,"enemies":"The Guardian","floor":16.0,"turns":9.0},{"damage":7.0,"enemies":"Shell Parasite","floor":18.0,"turns":3.0},{"damage":0.0,"enemies":"Chosen","floor":21.0,"turns":3.0},{"damage":0.0,"enemies":"3 Cultists","floor":24.0,"turns":2.0},{"damage":0.0,"enemies":"Cultist and Chosen","floor":27.0,"turns":3.0},{"damage":5.0,"enemies":"Centurion and Healer","floor":28.0,"turns":4.0},{"damage":7.0,"enemies":"Slavers","floor":29.0,"turns":2.0},{"damage":0.0,"enemies":"Gremlin Leader","floor":31.0,"turns":4.0},{"damage":46.0,"enemies":"Collector","floor":33.0,"turns":6.0},{"damage":2.0,"enemies":"3 Shapes","floor":35.0,"turns":2.0},{"damage":0.0,"enemies":"Mind Bloom Boss Battle","floor":37.0,"turns":4.0},{"damage":10.0,"enemies":"3 Darklings","floor":39.0,"turns":3.0},{"damage":0.0,"enemies":"Nemesis","floor":41.0,"turns":6.0},{"damage":0.0,"enemies":"Transient","floor":42.0,"turns":6.0},{"damage":0.0,"enemies":"Giant Head","floor":46.0,"turns":6.0},{"damage":0.0,"enemies":"Reptomancer","floor":48.0,"turns":3.0},{"damage":42,"enemies":"Donu and Deca","floor":50,"turns":9},{"damage":38,"enemies":"Awakened One","floor":51,"turns":6}],"seed_played":"6462004434575782926","potions_obtained":[{"floor":1.0,"key":"SteroidPotion"},{"floor":7.0,"key":"Strength Potion"},{"floor":13.0,"key":"SmokeBomb"},{"floor":35.0,"key":"Ancient Potion"}],"is_trial":false,"path_per_floor":["M","?","$","?","?","R","R","T","M","R","T","E","M","R",null,"?","$","M","?","R","M","R","T","M","E","R","E","R","B",null,"M","?","$","M","R","E","M","T","?","$","R","E","R","B"],"character_chosen":"DEFECT","items_purchased":["Electrodynamics","Conserve Battery","Self Repair","Buffer","Ancient Potion"],"campfire_rested":0,"item_purchase_floors":[3,20,20,38,45],"current_hp_per_floor":[63,63,63,44,44,44,34,34,34,34,34,34,34,34,34,23,54,47,47,47,54,64,64,64,64,64,64,59,52,52,62,62,26,55,53,53,63,63,53,53,63,64,64,61,61,61,61,61,61,33,0],"gold":153,"neow_bonus":"RANDOM_COLORLESS_2","is_prod":false,"is_daily":false,"chose_seed":false,"campfire_upgraded":11,"win_rate":0,"timestamp":1546318878,"path_taken":["M","?","$","?","?","R","E","R","T","M","R","?","E","M","R","BOSS","M","?","?","M","?","R","M","R","T","M","M","E","R","E","R","BOSS","M","?","?","$","M","R","E","M","T","?","?","E","R","E","R","BOSS","BOSS"],"build_version":"2018-12-25","purchased_purges":3,"victory":false,"max_hp_per_floor":[64,64,64,64,64,64,64,64,64,64,64,64,64,64,64,64,64,64,64,64,64,64,64,64,64,64,64,64,64,64,64,64,64,64,64,64,64,64,64,64,64,64,64,61,61,61,61,61,61,61,61],"card_choices":[{"not_picked":["Turbo","Beam Cell"],"picked":"Ball Lightning","floor":1.0},{"not_picked":["Doom and Gloom","Compile Driver","Gash"],"picked":"SKIP","floor":7.0},{"not_picked":["Rebound","Sweeping Beam"],"picked":"Beam Cell","floor":10.0},{"not_picked":["Streamline","Turbo","Redo"],"picked":"SKIP","floor":13.0},{"not_picked":["Chaos","Force Field"],"picked":"Chill","floor":14.0},{"not_picked":["Electrodynamics","Machine Learning"],"picked":"Core Surge","floor":16.0},{"not_picked":["Sunder","Cold Snap","Tempest+1"],"picked":"SKIP","floor":18.0},{"not_picked":["Sweeping Beam+1","Compile Driver","Lockon+1"],"picked":"SKIP","floor":21.0},{"not_picked":["Gash","Genetic Algorithm+1","Stack"],"picked":"SKIP","floor":24.0},{"not_picked":["Turbo","BootSequence"],"picked":"Coolheaded+1","floor":27.0},{"not_picked":["Doom and Gloom","Lockon","Barrage"],"picked":"SKIP","floor":28.0},{"not_picked":["Coolheaded","Doom and Gloom","Steam Power"],"picked":"SKIP","floor":29.0},{"not_picked":["Heatsinks","Compile Driver","Beam Cell"],"picked":"SKIP","floor":31.0},{"not_picked":["All For One","Multi-Cast"],"picked":"Seek","floor":33.0},{"not_picked":["Compile Driver","Gash+1"],"picked":"Consume","floor":35.0},{"not_picked":["Beam Cell","Melter"],"picked":"Leap","floor":39.0},{"not_picked":["Go for the Eyes","Compile Driver","Self Repair"],"picked":"SKIP","floor":42.0},{"not_picked":["Redo","Barrage+1"],"picked":"Steam+1","floor":46.0},{"not_picked":["All For One","Loop"],"picked":"Turbo+1","floor":48.0}],"player_experience":664543,"relics_obtained":[{"floor":7.0,"key":"Bag of Preparation"},{"floor":9.0,"key":"Smiling Mask"},{"floor":12.0,"key":"Oddly Smooth Stone"},{"floor":13.0,"key":"PreservedInsect"},{"floor":26.0,"key":"Ancient Tea Set"},{"floor":29.0,"key":"Centennial Puzzle"},{"floor":31.0,"key":"Letter Opener"},{"floor":37.0,"key":"FossilizedHelix"},{"floor":46.0,"key":"Bird Faced Urn"},{"floor":48.0,"key":"Calipers"}],"event_choices":[{"damage_healed":0.0,"max_hp_gain":0.0,"max_hp_loss":0.0,"gold_gain":0.0,"event_name":"The Cleric","player_choice":"Leave","floor":2.0,"gold_loss":0.0,"damage_taken":0.0},{"damage_healed":0.0,"max_hp_gain":0.0,"max_hp_loss":0.0,"gold_gain":0.0,"event_name":"Shining Light","player_choice":"Entered Light","floor":4.0,"gold_loss":0.0,"damage_taken":19.0,"cards_upgraded":["Ball Lightning","Panacea"]},{"damage_healed":0.0,"max_hp_gain":0.0,"max_hp_loss":0.0,"gold_gain":0.0,"cards_transformed":["Strike_B"],"event_name":"Living Wall","player_choice":"Change","floor":5.0,"gold_loss":0.0,"damage_taken":0.0,"cards_obtained":["Hyperbeam"]},{"damage_healed":0.0,"max_hp_gain":0.0,"max_hp_loss":0.0,"gold_gain":0.0,"event_name":"The Woman in Blue","player_choice":"Bought 1 Potion","floor":19.0,"gold_loss":0.0,"damage_taken":0.0},{"cards_removed":["Tempest"],"damage_healed":10.0,"max_hp_gain":0.0,"max_hp_loss":0.0,"gold_gain":0.0,"event_name":"Bonfire Elementals","player_choice":"Offered Uncommon","floor":22.0,"gold_loss":0.0,"damage_taken":0.0},{"damage_healed":0.0,"max_hp_gain":0.0,"max_hp_loss":0.0,"gold_gain":0.0,"event_name":"Mysterious Sphere","player_choice":"Ignored","floor":36.0,"gold_loss":0.0,"damage_taken":0.0},{"damage_healed":0.0,"max_hp_gain":0.0,"max_hp_loss":0.0,"gold_gain":0.0,"event_name":"MindBloom","player_choice":"Fight","floor":37.0,"gold_loss":0.0,"damage_taken":0.0},{"damage_healed":0.0,"max_hp_gain":0.0,"max_hp_loss":3.0,"gold_gain":0.0,"event_name":"Winding Halls","player_choice":"Max HP","floor":44.0,"gold_loss":0.0,"damage_taken":0.0}],"is_beta":true,"boss_relics":[{"not_picked":["White Beast Statue","Philosopher\u0027s Stone"],"picked":"Astrolabe"},{"not_picked":["Empty Cage","Lizard Tail"],"picked":"Inserter"}],"items_purged_floors":[20,38,45],"is_endless":false,"potions_floor_spawned":[1,7,13,18,21,28,29,33,35,37,48],"killed_by":"Awakened One","ascension_level":20}