{"gold_per_floor":[110,110,35,50,60,60,76,111,185,197,197,197,232,250,250,250],"floor_reached":16,"playtime":553,"items_purged":["Strike_G"],"score":196,"play_id":"127aa6fc-3936-428e-9a82-f13dc1351093","local_time":"20190213172755","is_ascension_mode":true,"campfire_choices":[{"data":"Deadly Poison","floor":6,"key":"SMITH"},{"data":"Neutralize","floor":11,"key":"SMITH"},{"floor":15,"key":"REST"}],"neow_cost":"PERCENT_DAMAGE","seed_source_timestamp":4199229948465,"circlet_count":0,"master_deck":["AscendersBane","Defend_G","Defend_G","Defend_G","Defend_G","Strike_G","Strike_G","Survivor","Neutralize+1","Backflip","Deadly Poison+1","Bane","Noxious Fumes","Predator","Bouncing Flask"],"relics":["Ring of the Snake","StoneCalendar","Mummified Hand","Omamori"],"potions_floor_usage":[8,10,14,16],"damage_taken":[{"damage":2,"enemies":"Jaw Worm","floor":1,"turns":5},{"damage":9,"enemies":"Cultist","floor":4,"turns":6},{"damage":0,"enemies":"2 Louse","floor":5,"turns":3},{"damage":0,"enemies":"2 Fungi Beasts","floor":7,"turns":4},{"damage":21,"enemies":"3 Sentries","floor":8,"turns":11},{"damage":7,"enemies":"3 Louse","floor":10,"turns":3},{"damage":6,"enemies":"Gremlin Nob","floor":13,"turns":3},{"damage":2,"enemies":"Gremlin Gang","floor":14,"turns":4},{"damage":0,"enemies":"Slime Boss","floor":16,"turns":3}],"seed_played":"7411160039215348174","potions_obtained":[{"floor":5,"key":"AttackPotion"},{"floor":7,"key":"GhostInAJar"},{"floor":10,"key":"Fruit Juice"},{"floor":14,"key":"Swift Potion"}],"is_trial":false,"path_per_floor":["M","?","$","M","M","R","M","E","T","M","R","?","E","M","R","B"],"character_chosen":"THE_SILENT","items_purchased":[],"campfire_rested":1,"item_purchase_floors":[],"current_hp_per_floor":[42,42,42,33,33,33,33,12,12,10,10,10,4,2,23,23],"gold":250,"neow_bonus":"REMOVE_TWO","is_prod":false,"is_daily":false,"chose_seed":false,"campfire_upgraded":2,"win_rate":0,"timestamp":1550050075,"path_taken":["M","?","$","M","?","R","M","E","T","M","R","?","E","M","R","BOSS"],"build_version":"2019-02-06","purchased_purges":1,"victory":false,"max_hp_per_floor":[66,66,66,66,66,66,66,66,66,71,71,71,71,71,71,71],"card_choices":[{"not_picked":["Prepared","Heel Hook","Leg Sweep"],"picked":"SKIP","floor":1},{"not_picked":["Blade Dance","Distraction"],"picked":"Backflip","floor":4},{"not_picked":["Well Laid Plans","Dagger Throw"],"picked":"Deadly Poison","floor":5},{"not_picked":["Concentrate","Footwork"],"picked":"Bane","floor":7},{"not_picked":["Terror","Blade Dance"],"picked":"Noxious Fumes","floor":8},{"not_picked":["Deflect","Choke"],"picked":"Predator","floor":10},{"not_picked":["Prepared","Backflip"],"picked":"Bouncing Flask","floor":13},{"not_picked":["Dagger Spray","Deadly Poison","Skewer"],"picked":"SKIP","floor":14}],"player_experience":783000,"relics_obtained":[{"floor":8,"key":"StoneCalendar"},{"floor":9,"key":"Mummified Hand"},{"floor":13,"key":"Omamori"}],"event_choices":[{"cards_removed":["Strike_G"],"damage_healed":0,"gold_gain":0,"player_choice":"Purged","damage_taken":0,"max_hp_gain":0,"max_hp_loss":0,"event_name":"Purifier","floor":2,"gold_loss":0},{"damage_healed":0,"gold_gain":0,"player_choice":"Ignored","damage_taken":0,"max_hp_gain":0,"max_hp_loss":0,"event_name":"Shining Light","floor":12,"gold_loss":0}],"is_beta":true,"boss_relics":[],"items_purged_floors":[3],"is_endless":false,"potions_floor_spawned":[5,7,10,14],"killed_by":"Slime Boss","ascension_level":15}