{"gold_per_floor":[115,115,131,146,146,174,174,188,235,89,107,107,132,95,95,193,193,205,61,61,75,94,94,94,113,190,190],"floor_reached":27,"playtime":1350,"items_purged":[],"score":248,"play_id":"b1944ae0-9094-4f37-a262-2237bcd5e9e6","local_time":"20190805090538","is_ascension_mode":false,"campfire_choices":[{"data":"Juggernaut","floor":7,"key":"SMITH"},{"data":"Infernal Blade","floor":12,"key":"SMITH"},{"floor":15,"key":"REST"},{"floor":23,"key":"REST"}],"neow_cost":"NONE","seed_source_timestamp":1123625756871780,"circlet_count":0,"master_deck":["Strike_R","Strike_R","Strike_R","Strike_R","Strike_R","Defend_R","Defend_R","Defend_R","Defend_R","Bash","Anger","Bash","Juggernaut+1","Seeing Red+1","Perfected Strike","Clash","Flex","Whirlwind","Infernal Blade+1","Pommel Strike","Flex","Thunderclap","Juggernaut","Shrug It Off","Shrug It Off","Battle Trance","Body Slam","Bash","Bludgeon"],"relics":["Black Blood","Ornamental Fan","Strawberry","Dream Catcher","Omamori","Mummified Hand"],"potions_floor_usage":[6,13,16,22,25],"damage_taken":[{"damage":0,"enemies":"2 Louse","floor":1,"turns":3},{"damage":1,"enemies":"Cultist","floor":3,"turns":4},{"damage":6,"enemies":"Jaw Worm","floor":4,"turns":3},{"damage":20,"enemies":"Gremlin Nob","floor":6,"turns":5},{"damage":15,"enemies":"Exordium Thugs","floor":8,"turns":3},{"damage":3,"enemies":"Large Slime","floor":11,"turns":4},{"damage":21,"enemies":"Lagavulin","floor":13,"turns":4},{"damage":17,"enemies":"Slime Boss","floor":16,"turns":7},{"damage":42,"enemies":"2 Thieves","floor":18,"turns":4},{"damage":2,"enemies":"Chosen","floor":21,"turns":3},{"damage":42,"enemies":"3 Cultists","floor":22,"turns":6},{"damage":40,"enemies":"Sentry and Sphere","floor":25,"turns":7},{"damage":24,"enemies":"Gremlin Leader","floor":27,"turns":4}],"seed_played":"5500710695811839117","potions_obtained":[{"floor":4,"key":"Weak Potion"},{"floor":6,"key":"AttackPotion"},{"floor":8,"key":"Regen Potion"},{"floor":11,"key":"Poison Potion"},{"floor":21,"key":"Energy Potion"}],"is_trial":false,"path_per_floor":["M","?","M","M","?","E","R","M","T","$","M","R","E","?","R","B",null,"M","$","?","M","M","R","?","M","T","E"],"character_chosen":"IRONCLAD","items_purchased":["Whirlwind","Infernal Blade","Omamori"],"campfire_rested":2,"item_purchase_floors":[10,10,19],"current_hp_per_floor":[88,88,88,88,88,74,74,65,72,72,75,75,69,69,95,84,95,63,63,44,52,20,50,50,20,20,0],"gold":190,"neow_bonus":"TEN_PERCENT_HP_BONUS","is_prod":false,"is_daily":false,"chose_seed":false,"campfire_upgraded":2,"win_rate":0,"timestamp":1565010338,"path_taken":["M","?","?","M","?","E","R","M","T","?","M","R","E","?","R","BOSS","M","$","?","M","M","R","?","?","T","E"],"build_version":"2019-06-28","purchased_purges":0,"victory":false,"max_hp_per_floor":[88,88,88,88,88,88,88,88,95,95,95,95,95,95,95,95,95,95,95,100,100,100,100,100,100,100,100],"card_choices":[{"not_picked":["Sword Boomerang","Searing Blow"],"picked":"Anger","floor":1},{"not_picked":["Burning Pact","Sword Boomerang"],"picked":"Seeing Red","floor":3},{"not_picked":["Twin Strike","Combust"],"picked":"Perfected Strike","floor":4},{"not_picked":["Sever Soul","Dropkick"],"picked":"Clash","floor":6},{"not_picked":["Warcry","Feel No Pain"],"picked":"Flex","floor":8},{"not_picked":["Searing Blow","Clash"],"picked":"Pommel Strike","floor":11},{"not_picked":["Warcry","Cleave"],"picked":"Flex","floor":13},{"not_picked":["Pommel Strike","True Grit"],"picked":"Thunderclap","floor":15},{"not_picked":["Barricade","Demon Form"],"picked":"Juggernaut","floor":16},{"not_picked":["Rampage","Body Slam"],"picked":"Shrug It Off","floor":18},{"not_picked":["True Grit+1","Cleave"],"picked":"Shrug It Off","floor":21},{"not_picked":["Combust","Headbutt+1"],"picked":"Battle Trance","floor":22},{"not_picked":["Iron Wave","Corruption+1"],"picked":"Body Slam","floor":23},{"not_picked":["Bloodletting","Infernal Blade"],"picked":"Bludgeon","floor":25}],"player_experience":17600,"relics_obtained":[{"floor":6,"key":"Ornamental Fan"},{"floor":9,"key":"Strawberry"},{"floor":13,"key":"Dream Catcher"},{"floor":26,"key":"Mummified Hand"}],"event_choices":[{"damage_healed":0,"gold_gain":0,"player_choice":"2 cards matched","damage_taken":0,"max_hp_gain":0,"max_hp_loss":0,"event_name":"Match and Keep!","floor":2,"gold_loss":0,"cards_obtained":["Bash","Juggernaut"]},{"damage_healed":0,"gold_gain":0,"player_choice":"Upgraded","damage_taken":0,"max_hp_gain":0,"max_hp_loss":0,"event_name":"Upgrade Shrine","floor":5,"gold_loss":0,"cards_upgraded":["Seeing Red"]},{"damage_healed":0,"gold_gain":0,"player_choice":"Left Gold","damage_taken":0,"max_hp_gain":0,"max_hp_loss":0,"event_name":"World of Goop","floor":14,"gold_loss":37},{"damage_healed":0,"gold_gain":0,"player_choice":"Shed Blood","damage_taken":24,"max_hp_gain":5,"max_hp_loss":0,"event_name":"Forgotten Altar","floor":20,"gold_loss":0},{"damage_healed":0,"gold_gain":0,"player_choice":"1 cards matched","damage_taken":0,"max_hp_gain":0,"max_hp_loss":0,"event_name":"Match and Keep!","floor":24,"gold_loss":0,"cards_obtained":["Bash"]}],"is_beta":true,"boss_relics":[{"not_picked":["Sozu","Philosopher\u0027s Stone"],"picked":"Black Blood"}],"items_purged_floors":[],"is_endless":false,"potions_floor_spawned":[4,6,8,11,21],"killed_by":"Gremlin Leader","ascension_level":0}