{"gold_per_floor":[113,113,188,207,207,207,238,238,292,322,8,8,27,40,40,40],"floor_reached":16,"playtime":348,"items_purged":[],"score":266,"play_id":"18394902-522d-4290-8fe6-5bc4169f5dbc","local_time":"20190427121952","is_ascension_mode":true,"campfire_choices":[{"data":"Dualcast","floor":6,"key":"SMITH"},{"data":"Skim","floor":8,"key":"SMITH"},{"data":"Zap","floor":15,"key":"SMITH"}],"neow_cost":"NONE","seed_source_timestamp":8914828886413,"circlet_count":0,"master_deck":["AscendersBane","Strike_B","Strike_B","Strike_B","Strike_B","Defend_B","Defend_B","Defend_B","Defend_B","Zap+1","Dualcast+1","Defragment+1","Skim+1","Echo Form","Undo","Defragment"],"relics":["Cracked Core","NeowsBlessing","Omamori","Regal Pillow","Smiling Mask","OrangePellets","Golden Idol"],"potions_floor_usage":[16],"damage_taken":[{"damage":0,"enemies":"Small Slimes","floor":1,"turns":1},{"damage":0,"enemies":"Jaw Worm","floor":4,"turns":1},{"damage":0,"enemies":"Lagavulin","floor":7,"turns":1},{"damage":35,"enemies":"3 Sentries","floor":10,"turns":7},{"damage":0,"enemies":"2 Louse","floor":13,"turns":3},{"damage":6,"enemies":"Blue Slaver","floor":14,"turns":4},{"damage":18,"enemies":"Hexaghost","floor":16,"turns":9}],"seed_played":"5262740163308998229","potions_obtained":[{"floor":1,"key":"GamblersBrew"},{"floor":7,"key":"FairyPotion"},{"floor":13,"key":"Dexterity Potion"}],"is_trial":false,"path_per_floor":["M","?","?","M","?","R","E","R","T","E","$","?","M","M","R","B"],"character_chosen":"DEFECT","items_purchased":["OrangePellets","Defragment"],"campfire_rested":0,"item_purchase_floors":[11,11],"current_hp_per_floor":[64,69,58,58,58,58,58,58,58,23,23,23,23,17,17,0],"gold":40,"neow_bonus":"THREE_ENEMY_KILL","is_prod":false,"is_daily":false,"chose_seed":false,"campfire_upgraded":3,"win_rate":0,"timestamp":1556338792,"path_taken":["M","?","?","M","?","R","E","R","T","E","$","?","M","M","R","BOSS"],"build_version":"2019-01-23","purchased_purges":0,"victory":false,"max_hp_per_floor":[71,76,76,76,76,76,76,76,76,76,76,69,69,69,69,69],"card_choices":[{"not_picked":["Double Energy","Redo"],"picked":"Defragment","floor":1},{"not_picked":["Redo","Double Energy"],"picked":"Skim","floor":4},{"not_picked":["Go for the Eyes","Sweeping Beam"],"picked":"Echo Form","floor":7},{"not_picked":["Tempest","Hello World"],"picked":"Undo","floor":10},{"not_picked":["Streamline","Steam","Go for the Eyes"],"picked":"SKIP","floor":13},{"not_picked":["Streamline","Steam","Go for the Eyes"],"picked":"SKIP","floor":13},{"not_picked":["Recycle","Hologram","Stack"],"picked":"SKIP","floor":14}],"player_experience":958401,"relics_obtained":[{"floor":7,"key":"Omamori"},{"floor":9,"key":"Regal Pillow"},{"floor":10,"key":"Smiling Mask"}],"event_choices":[{"damage_healed":0,"gold_gain":0,"player_choice":"Donut","damage_taken":0,"max_hp_gain":5,"max_hp_loss":0,"event_name":"Big Fish","floor":2,"gold_loss":0},{"damage_healed":0,"gold_gain":75,"player_choice":"Gather Gold","damage_taken":11,"max_hp_gain":0,"max_hp_loss":0,"event_name":"World of Goop","floor":3,"gold_loss":0},{"damage_healed":0,"gold_gain":0,"player_choice":"Grow","damage_taken":0,"max_hp_gain":0,"max_hp_loss":0,"event_name":"Living Wall","floor":5,"gold_loss":0,"cards_upgraded":["Defragment"]},{"damage_healed":0,"gold_gain":0,"player_choice":"Lose Max HP","damage_taken":0,"relics_obtained":["Golden Idol"],"max_hp_gain":0,"max_hp_loss":7,"event_name":"Golden Idol","floor":12,"gold_loss":0}],"is_beta":false,"boss_relics":[],"items_purged_floors":[],"is_endless":false,"potions_floor_spawned":[1,7,10,13,14],"killed_by":"Hexaghost","ascension_level":20}