{"gold_per_floor":[111,129,129,148,160,160,187,187,187,187,206,218,218],"floor_reached":13,"playtime":520,"items_purged":[],"score":139,"play_id":"36a9ed27-df16-4483-8764-469ca2cff7ae","local_time":"20181222224518","is_ascension_mode":true,"campfire_choices":[{"data":"Whirlwind","floor":6,"key":"SMITH"},{"data":"Anger","floor":8,"key":"SMITH"}],"neow_cost":"NONE","seed_source_timestamp":15939189024222,"circlet_count":0,"master_deck":["AscendersBane","Strike_R","Strike_R","Strike_R","Strike_R","Strike_R","Defend_R","Defend_R","Defend_R","Defend_R","Bash+1","Anger+1","Whirlwind+1","Ghostly Armor","True Grit","Blood for Blood"],"relics":["Burning Blood","Happy Flower","Bronze Scales","Darkstone Periapt"],"potions_floor_usage":[12,13],"damage_taken":[{"damage":7,"enemies":"Small Slimes","floor":1,"turns":3},{"damage":11,"enemies":"Cultist","floor":2,"turns":4},{"damage":7,"enemies":"Jaw Worm","floor":4,"turns":3},{"damage":28,"enemies":"3 Louse","floor":5,"turns":5},{"damage":35,"enemies":"Lagavulin","floor":7,"turns":7},{"damage":9,"enemies":"2 Fungi Beasts","floor":11,"turns":3},{"damage":8,"enemies":"Blue Slaver","floor":12,"turns":3},{"damage":10,"enemies":"Large Slime","floor":13,"turns":4}],"seed_played":"-4426532173996216213","potions_obtained":[{"floor":1,"key":"Weak Potion"},{"floor":5,"key":"Weak Potion"}],"is_trial":false,"path_per_floor":["M","M","?","M","M","R","E","R","T","?","M","M","M"],"character_chosen":"IRONCLAD","items_purchased":[],"campfire_rested":0,"item_purchase_floors":[],"current_hp_per_floor":[71,66,66,65,43,43,14,14,14,14,11,9,0],"gold":218,"neow_bonus":"RANDOM_COMMON_RELIC","is_prod":false,"is_daily":false,"chose_seed":false,"campfire_upgraded":2,"win_rate":0,"timestamp":1545489918,"path_taken":["M","M","?","M","M","R","E","R","T","?","M","M","?"],"build_version":"2018-12-20","purchased_purges":0,"victory":false,"max_hp_per_floor":[80,80,80,80,80,80,80,80,80,80,80,80,80],"card_choices":[{"not_picked":["Dropkick","Clash","Reckless Charge"],"picked":"SKIP","floor":1},{"not_picked":["Clothesline","Warcry","Armaments"],"picked":"SKIP","floor":2},{"not_picked":["Armaments","Evolve"],"picked":"Anger","floor":4},{"not_picked":["Warcry","Anger"],"picked":"Whirlwind","floor":5},{"not_picked":["Warcry","Sever Soul"],"picked":"Ghostly Armor","floor":7},{"not_picked":["Heavy Blade","Searing Blow"],"picked":"True Grit","floor":11},{"not_picked":["Feel No Pain","Clash"],"picked":"Blood for Blood","floor":12}],"player_experience":630615,"relics_obtained":[{"floor":7,"key":"Bronze Scales"},{"floor":9,"key":"Darkstone Periapt"}],"event_choices":[{"damage_healed":0,"gold_gain":0,"player_choice":"Ignored","damage_taken":0,"max_hp_gain":0,"max_hp_loss":0,"event_name":"Liars Game","floor":3,"gold_loss":0},{"damage_healed":0,"gold_gain":0,"player_choice":"Upgraded","damage_taken":0,"max_hp_gain":0,"max_hp_loss":0,"event_name":"Upgrade Shrine","floor":10,"gold_loss":0,"cards_upgraded":["Bash"]}],"is_beta":true,"boss_relics":[],"items_purged_floors":[],"is_endless":false,"potions_floor_spawned":[1,5],"killed_by":"Large Slime","ascension_level":12}