{"gold_per_floor":[110,110,285,285,61,87,87,87,111,146,164,40,54,66,66,170,170,183,183,199,199,199,199,399,418,418,418,429,429],"floor_reached":29,"playtime":1191,"items_purged":["Doubt","Strike_R"],"score":533,"play_id":"c0d187a0-a1ef-4591-a9d3-0ce4f56d8d08","local_time":"20181222231345","is_ascension_mode":true,"campfire_choices":[{"data":"Limit Break","floor":7.0,"key":"SMITH"},{"data":"Whirlwind","floor":15.0,"key":"SMITH"},{"data":"Burning Pact","floor":23.0,"key":"SMITH"},{"data":"RitualDagger","floor":27.0,"key":"SMITH"}],"neow_cost":"NONE","seed_source_timestamp":16491316316983,"circlet_count":0,"master_deck":["AscendersBane","Strike_R+1","Strike_R","Strike_R","Strike_R+1","Defend_R","Defend_R","Defend_R","Defend_R","Bash","Cleave","Limit Break+1","Spot Weakness","Whirlwind+1","Flex","Impervious","Reaper","Burning Pact+1","Flex","RitualDagger+1","Battle Trance"],"special_seed":0,"relics":["Burning Blood","NeowsBlessing","Oddly Smooth Stone","Gambling Chip","Pen Nib","Lantern","Orrery","The Courier"],"potions_floor_usage":[29],"damage_taken":[{"damage":0.0,"enemies":"Cultist","floor":1.0,"turns":1.0},{"damage":0.0,"enemies":"Lagavulin","floor":6.0,"turns":2.0},{"damage":0.0,"enemies":"Gremlin Nob","floor":10.0,"turns":1.0},{"damage":6.0,"enemies":"Small Slimes","floor":11.0,"turns":2.0},{"damage":0.0,"enemies":"2 Louse","floor":13.0,"turns":1.0},{"damage":3.0,"enemies":"Blue Slaver","floor":14.0,"turns":3.0},{"damage":0.0,"enemies":"Slime Boss","floor":16.0,"turns":3.0},{"damage":18.0,"enemies":"Spheric Guardian","floor":18.0,"turns":4.0},{"damage":22.0,"enemies":"2 Thieves","floor":20.0,"turns":4.0},{"damage":0.0,"enemies":"Cultist and Chosen","floor":22.0,"turns":1.0},{"damage":37.0,"enemies":"Centurion and Healer","floor":25.0,"turns":7.0},{"damage":26.0,"enemies":"3 Cultists","floor":28.0,"turns":5.0},{"damage":54,"enemies":"Gremlin Leader","floor":29,"turns":6}],"seed_played":"-6976787026983104274","potions_obtained":[{"floor":10.0,"key":"SmokeBomb"},{"floor":11.0,"key":"SteroidPotion"},{"floor":16.0,"key":"LiquidBronze"},{"floor":25.0,"key":"SteroidPotion"}],"is_trial":false,"path_per_floor":["M","?","?","?","$","E","R","T","T","E","M","$","M","M","R","B",null,"M","?","M","?","M","R","?","M","T","R","M","E"],"character_chosen":"IRONCLAD","items_purchased":["Limit Break","Flex"],"campfire_rested":0,"item_purchase_floors":[5,12],"current_hp_per_floor":[78,62,62,67,67,73,73,73,73,79,79,79,85,85,85,85,85,73,57,61,55,61,61,61,62,62,62,42,0],"gold":429,"neow_bonus":"THREE_ENEMY_KILL","is_prod":false,"is_daily":false,"chose_seed":false,"campfire_upgraded":4,"win_rate":0,"timestamp":1545491625,"path_taken":["M","?","?","?","?","E","R","?","T","E","M","$","M","M","R","BOSS","M","?","M","?","M","R","?","?","T","R","M","E"],"build_version":"2018-12-20","purchased_purges":2,"victory":false,"max_hp_per_floor":[80,80,80,85,85,85,85,85,85,85,85,85,85,85,85,85,85,85,90,90,90,90,90,90,90,90,90,90,90],"card_choices":[{"not_picked":["Twin Strike","Headbutt"],"picked":"Cleave","floor":1.0},{"not_picked":["Blood for Blood","Shrug It Off"],"picked":"Spot Weakness","floor":6.0},{"not_picked":["Perfected Strike","Bludgeon"],"picked":"Whirlwind","floor":10.0},{"not_picked":["Blood for Blood","Reckless Charge","Wild Strike"],"picked":"SKIP","floor":11.0},{"not_picked":["Havoc","Pommel Strike","Perfected Strike"],"picked":"SKIP","floor":13.0},{"not_picked":["Havoc","Pommel Strike","Perfected Strike"],"picked":"SKIP","floor":13.0},{"not_picked":["Flame Barrier","Reckless Charge","Body Slam"],"picked":"SKIP","floor":14.0},{"not_picked":["Exhume","Berserk"],"picked":"Impervious","floor":16.0},{"not_picked":["Carnage","Anger"],"picked":"Reaper","floor":17.0},{"not_picked":["Cleave","Thunderclap"],"picked":"Burning Pact","floor":17.0},{"not_picked":["Hemokinesis","Twin Strike"],"picked":"Flex","floor":17.0},{"not_picked":["Rampage","Feel No Pain","Disarm"],"picked":"SKIP","floor":18.0},{"not_picked":["Dual Wield","Iron Wave","Headbutt"],"picked":"SKIP","floor":20.0},{"not_picked":["Havoc","True Grit+1"],"picked":"Battle Trance","floor":25.0},{"not_picked":["Rage","Clash+1","Clothesline"],"picked":"SKIP","floor":28.0}],"player_experience":631135,"relics_obtained":[{"floor":6.0,"key":"Oddly Smooth Stone"},{"floor":8.0,"key":"Gambling Chip"},{"floor":9.0,"key":"Pen Nib"},{"floor":10.0,"key":"Lantern"},{"floor":26.0,"key":"The Courier"}],"event_choices":[{"damage_healed":0.0,"max_hp_gain":0.0,"max_hp_loss":0.0,"gold_gain":0.0,"event_name":"Shining Light","player_choice":"Entered Light","floor":2.0,"gold_loss":0.0,"damage_taken":16.0,"cards_upgraded":["Strike_R","Strike_R"]},{"damage_healed":0.0,"max_hp_gain":0.0,"max_hp_loss":0.0,"gold_gain":175.0,"event_name":"Liars Game","player_choice":"AGREE","floor":3.0,"gold_loss":0.0,"damage_taken":0.0,"cards_obtained":["Doubt"]},{"damage_healed":0.0,"max_hp_gain":5.0,"max_hp_loss":0.0,"gold_gain":0.0,"event_name":"Big Fish","player_choice":"Donut","floor":4.0,"gold_loss":0.0,"damage_taken":0.0},{"damage_healed":0.0,"max_hp_gain":5.0,"max_hp_loss":0.0,"gold_gain":0.0,"event_name":"Forgotten Altar","player_choice":"Shed Blood","floor":19.0,"gold_loss":0.0,"damage_taken":21.0},{"damage_healed":0.0,"max_hp_gain":0.0,"max_hp_loss":0.0,"gold_gain":0.0,"event_name":"Nest","player_choice":"Joined the Cult","floor":21.0,"gold_loss":0.0,"damage_taken":6.0,"cards_obtained":["RitualDagger"]},{"damage_healed":0.0,"max_hp_gain":0.0,"max_hp_loss":0.0,"gold_gain":200.0,"event_name":"Wheel of Change","player_choice":"Gold","floor":24.0,"gold_loss":0.0,"damage_taken":0.0}],"is_beta":true,"boss_relics":[{"not_picked":["Black Blood","Eternal Feather"],"picked":"Orrery"}],"items_purged_floors":[5,12],"is_endless":false,"potions_floor_spawned":[10,11,14,16,22,25,28],"killed_by":"Gremlin Leader","ascension_level":12}