{"gold_per_floor":[366,366,378,378,395,427,427,31,31,31,31,75,0,40,40,160,160,174,209,233,203,219,237,237,237,237,268,23,43,43,58,58,188,188,204,204,537,552,370,370,403,403,403,403,625,625,55,74,74,74],"floor_reached":51,"playtime":2792,"items_purged":["Strike_B","Defend_B","Strike_B"],"score":887,"play_id":"d0833170-cdcc-449d-a059-3fb3aecca996","local_time":"20180718225314","is_ascension_mode":true,"campfire_choices":[{"floor":7,"key":"REST"},{"floor":11,"key":"REST"},{"data":"Defragment","floor":15,"key":"SMITH"},{"data":"Double Energy","floor":25,"key":"SMITH"},{"data":"Seek","floor":30,"key":"SMITH"},{"data":"Chaos","floor":32,"key":"SMITH"},{"data":"Creative AI","floor":40,"key":"SMITH"},{"floor":42,"key":"REST"},{"data":"Darkness","floor":44,"key":"SMITH"},{"data":"Turbo","floor":46,"key":"SMITH"},{"floor":49,"key":"REST"}],"neow_cost":"TEN_PERCENT_HP_LOSS","seed_source_timestamp":46256569356625,"circlet_count":0,"master_deck":["Strike_B","Defend_B","Defend_B","Zap","Dualcast","Cold Snap+1","Leap","Conserve Battery","Consume","Glacier","Defragment+1","Sunder","FTL","Consume","Coolheaded","Loop","Chaos+1","Seek+1","Blizzard+1","Go for the Eyes+1","Fusion","Hologram+1","Go for the Eyes+1","Creative AI+1","Double Energy+1","Beam Cell+1","Streamline","Heatsinks","Turbo+1","Cold Snap","Storm","Darkness+1","Sweeping Beam","Reboot","Biased Cognition","Stack","Reprogram+1","Capacitor","Capacitor+1","Defragment","Scrape","Barrage+1","Chaos+1"],"relics":["Cracked Core","Regal Pillow","Mercury Hourglass","Bird Faced Urn","Mummified Hand","Prayer Wheel","Empty Cage","Red Mask","Emotion Chip","Whetstone","Lee\u0027s Waffle","Nuclear Battery","CultistMask","Ornamental Fan","Question Card","Torii"],"potions_floor_usage":[19,33,35,35,41,50,50],"damage_taken":[{"damage":7,"enemies":"Jaw Worm","floor":1,"turns":3},{"damage":2,"enemies":"Small Slimes","floor":3,"turns":3},{"damage":0,"enemies":"Cultist","floor":5,"turns":3},{"damage":43,"enemies":"Lagavulin","floor":6,"turns":8},{"damage":19,"enemies":"3 Sentries","floor":12,"turns":5},{"damage":13,"enemies":"Lagavulin","floor":14,"turns":9},{"damage":11,"enemies":"Hexaghost","floor":16,"turns":13},{"damage":11,"enemies":"3 Byrds","floor":18,"turns":5},{"damage":14,"floor":19,"turns":4},{"damage":7,"enemies":"Chosen","floor":20,"turns":5},{"damage":6,"enemies":"Snecko","floor":22,"turns":5},{"damage":3,"enemies":"Snake Plant","floor":23,"turns":5},{"damage":40,"enemies":"Slavers","floor":27,"turns":7},{"damage":17,"enemies":"Chosen and Byrds","floor":29,"turns":4},{"damage":0,"enemies":"Centurion and Healer","floor":31,"turns":6},{"damage":34,"enemies":"Collector","floor":33,"turns":11},{"damage":21,"enemies":"Flame Bruiser 1 Orb","floor":35,"turns":7},{"damage":27,"enemies":"3 Darklings","floor":38,"turns":7},{"damage":76,"enemies":"Giant Head","floor":41,"turns":16},{"damage":1,"enemies":"4 Shapes","floor":48,"turns":3},{"damage":26,"enemies":"Time Eater","floor":50,"turns":8}],"seed_played":"-1324591751330221233","potions_obtained":[{"floor":5,"key":"Strength Potion"},{"floor":12,"key":"SkillPotion"},{"floor":14,"key":"Fire Potion"},{"floor":20,"key":"Poison Potion"},{"floor":21,"key":"EntropicBrew"},{"floor":21,"key":"Ancient Potion"},{"floor":27,"key":"FairyPotion"},{"floor":38,"key":"Block Potion"},{"floor":48,"key":"Poison Potion"}],"is_trial":false,"path_per_floor":["M","?","M","T","M","E","R","$","T","?","R","E","$","E","R","B",null,"M","?","M","?","M","M","?","R","T","E","$","M","R","M","R","B",null,"M","?","?","M","$","R","E","R","T","R","?","R","$","M","R","B"],"character_chosen":"DEFECT","items_purchased":["Glacier","Defragment","Sunder","FTL","Consume","Loop","Turbo","Lee\u0027s Waffle","Capacitor","Defragment","Torii","Scrape"],"campfire_rested":4,"item_purchase_floors":[8,8,8,8,8,13,28,28,39,47,47,47],"current_hp_per_floor":[61,66,64,64,64,21,57,57,57,39,73,54,54,45,45,38,73,66,54,51,51,47,46,46,46,46,12,80,63,63,75,75,49,80,72,72,72,61,61,61,10,49,49,49,49,49,49,50,80,62],"gold":74,"neow_bonus":"TWO_FIFTY_GOLD","is_prod":false,"is_daily":false,"chose_seed":false,"campfire_upgraded":7,"win_rate":0,"timestamp":1531925594,"path_taken":["M","?","?","?","M","E","R","$","T","?","R","E","?","E","R","BOSS","M","?","?","?","M","M","?","R","T","E","?","M","R","M","R","BOSS","M","?","?","?","?","R","E","R","T","R","?","R","$","?","R","BOSS"],"build_version":"2018-07-12","purchased_purges":3,"victory":true,"max_hp_per_floor":[68,73,73,73,73,73,73,73,73,73,73,73,73,73,73,73,73,73,73,73,73,73,73,73,73,73,73,80,80,80,80,80,80,80,80,80,80,80,80,80,80,80,80,80,80,80,80,80,80,80],"card_choices":[{"not_picked":["Darkness","Storm"],"picked":"Cold Snap","floor":1},{"not_picked":["Compile Driver","Reprogram"],"picked":"Leap","floor":3},{"not_picked":["Turbo","Coolheaded"],"picked":"Conserve Battery","floor":5},{"not_picked":["Scrape","Ball Lightning"],"picked":"Consume","floor":6},{"not_picked":["Rebound","Compile Driver"],"picked":"Coolheaded","floor":12},{"not_picked":["Rebound","Steam"],"picked":"Chaos","floor":14},{"not_picked":["Hyperbeam","All For One"],"picked":"Seek","floor":16},{"not_picked":["Conserve Battery","Streamline"],"picked":"Blizzard+1","floor":18},{"not_picked":["Blizzard","Leap"],"picked":"Go for the Eyes+1","floor":18},{"not_picked":["Chill","Go for the Eyes+1"],"picked":"Fusion","floor":19},{"not_picked":["Stack","Coolheaded"],"picked":"Hologram+1","floor":20},{"not_picked":["Consume","Sunder"],"picked":"Go for the Eyes+1","floor":20},{"not_picked":["Skim","Leap"],"picked":"Creative AI","floor":22},{"not_picked":["Leap+1","Redo"],"picked":"Double Energy","floor":22},{"not_picked":["Go for the Eyes","Compile Driver"],"picked":"Beam Cell","floor":23},{"not_picked":["Gash","Sunder"],"picked":"Streamline","floor":23},{"not_picked":["Fusion+1","Thunder Strike"],"picked":"Heatsinks","floor":27},{"not_picked":["Stack","Compile Driver"],"picked":"Cold Snap","floor":29},{"not_picked":["Steam+1","Leap"],"picked":"Storm","floor":29},{"not_picked":["Chaos","Gash"],"picked":"Darkness","floor":31},{"not_picked":["FTL","Leap+1"],"picked":"Sweeping Beam","floor":31},{"not_picked":["Seek","Hyperbeam"],"picked":"Reboot","floor":33},{"not_picked":["Stack","Compile Driver"],"picked":"Biased Cognition","floor":35},{"not_picked":["Gash","Steam"],"picked":"Stack","floor":35},{"not_picked":["Redo+1","Steam+1"],"picked":"Reprogram+1","floor":38},{"not_picked":["Conserve Battery+1","Hologram","Heatsinks"],"picked":"SKIP","floor":38},{"not_picked":["Genetic Algorithm+1","Conserve Battery"],"picked":"Capacitor+1","floor":41},{"not_picked":["Redo+1","Turbo","Rebound"],"picked":"Barrage+1","floor":48},{"not_picked":["Genetic Algorithm+1","FTL","Biased Cognition"],"picked":"Chaos+1","floor":48}],"player_experience":111139,"relics_obtained":[{"floor":4,"key":"Regal Pillow"},{"floor":6,"key":"Mercury Hourglass"},{"floor":9,"key":"Bird Faced Urn"},{"floor":12,"key":"Mummified Hand"},{"floor":14,"key":"Prayer Wheel"},{"floor":19,"key":"Red Mask"},{"floor":26,"key":"Emotion Chip"},{"floor":27,"key":"Whetstone"},{"floor":41,"key":"Ornamental Fan"},{"floor":43,"key":"Question Card"}],"event_choices":[{"event_name":"Big Fish","player_choice":"Donut","floor":2,"damage_taken":0},{"event_name":"Golden Idol","player_choice":"Take Damage","floor":10,"damage_taken":0},{"event_name":"Masked Bandits","player_choice":"Fought over 174 gold","floor":19,"damage_taken":0},{"event_name":"The Woman in Blue","player_choice":"Bought 2 Potions","floor":21,"damage_taken":0},{"event_name":"Cursed Tome","player_choice":"Ignored","floor":24,"damage_taken":0},{"event_name":"FaceTrader","player_choice":"Trade","floor":36,"damage_taken":0},{"event_name":"The Moai Head","player_choice":"Gave Idol","floor":37,"damage_taken":0},{"event_name":"Tomb of Lord Red Mask","player_choice":"Wore Mask","floor":45,"damage_taken":0}],"boss_relics":[{"not_picked":["Busted Crown","Eternal Feather"],"picked":"Empty Cage"},{"not_picked":["Black Star","Sozu"],"picked":"Nuclear Battery"}],"items_purged_floors":[8,39,47],"is_endless":false,"potions_floor_spawned":[5,12,14,18,20,27,31,38,48],"ascension_level":3}