{"gold_per_floor":[110,110,120,295,314,167,167,186,186,196,196,196,196,212,212,212],"floor_reached":16,"playtime":457,"items_purged":["Doubt"],"score":143,"play_id":"4167e2b6-07cc-490e-aa58-5319548e232f","local_time":"20180812182418","is_ascension_mode":true,"campfire_choices":[{"data":"Gash","floor":7,"key":"SMITH"},{"data":"Dualcast","floor":11,"key":"SMITH"},{"floor":15,"key":"REST"}],"neow_cost":"","seed_source_timestamp":18766690597961,"circlet_count":0,"master_deck":["Strike_B","Strike_B","Strike_B","Strike_B","Defend_B","Defend_B","Defend_B","Defend_B","Zap","Dualcast+1","AscendersBane","Turbo","Steam","Gash+1","Conserve Battery","Cold Snap","Capacitor","Consume","Decay","Core Surge"],"relics":["Cracked Core","Smiling Mask","The Courier","Golden Idol"],"potions_floor_usage":[16],"damage_taken":[{"damage":5,"enemies":"2 Louse","floor":1,"turns":3},{"damage":4,"enemies":"Jaw Worm","floor":3,"turns":4},{"damage":0,"enemies":"Cultist","floor":5,"turns":4},{"damage":3,"enemies":"Exordium Wildlife","floor":8,"turns":4},{"damage":8,"enemies":"2 Fungi Beasts","floor":10,"turns":4},{"damage":24,"enemies":"Lots of Slimes","floor":14,"turns":5},{"damage":27,"enemies":"Hexaghost","floor":16,"turns":9}],"seed_played":"-7107205077846124836","potions_obtained":[{"floor":3,"key":"EssenceOfSteel"},{"floor":10,"key":"Swift Potion"}],"is_trial":false,"path_per_floor":["M","?","M","?","M","$","R","M","T","M","R","?","?","M","R"],"character_chosen":"DEFECT","items_purchased":["Conserve Battery","Cold Snap"],"campfire_rested":1,"item_purchase_floors":[6,6],"current_hp_per_floor":[63,45,41,41,41,41,41,38,38,30,30,30,30,6,26,0],"gold":212,"neow_bonus":"","is_prod":false,"is_daily":false,"chose_seed":false,"campfire_upgraded":2,"win_rate":0,"timestamp":1534069458,"path_taken":["M","?","?","?","M","$","R","M","T","M","R","?","?","M","R","BOSS"],"build_version":"2018-08-09","purchased_purges":1,"victory":false,"max_hp_per_floor":[75,75,75,75,75,75,75,75,75,75,75,69,69,69,69,69],"card_choices":[{"not_picked":["Coolheaded","Streamline"],"picked":"Turbo","floor":1},{"not_picked":["Turbo","Hello World"],"picked":"Steam","floor":3},{"not_picked":["Hologram","Double Energy"],"picked":"Gash","floor":5},{"not_picked":["Ball Lightning","Recycle"],"picked":"Capacitor","floor":8},{"not_picked":["Redo","Blizzard"],"picked":"Consume","floor":10},{"not_picked":["Cold Snap","Beam Cell"],"picked":"Core Surge","floor":14}],"player_experience":231800,"relics_obtained":[{"floor":9,"key":"The Courier"}],"event_choices":[{"event_name":"Scrap Ooze","player_choice":"success","floor":2,"damage_taken":18},{"event_name":"Liars Game","player_choice":"agreed","floor":4,"damage_taken":0},{"event_name":"Golden Idol","player_choice":"Lose Max HP","floor":12,"damage_taken":0},{"event_name":"Wheel of Change","player_choice":"Curse","floor":13,"damage_taken":0}],"is_beta":false,"boss_relics":[],"items_purged_floors":[6],"is_endless":false,"potions_floor_spawned":[3,10],"killed_by":"Hexaghost","ascension_level":11}