{"gold_per_floor":[117,64,64,64,83,83,109,109,109,109,137,137,149,168,168,247,247,187,53,53,53,53,53,53,53,53,53,53,53,53,53,53,53],"floor_reached":33,"playtime":982,"items_purged":["Strike_B"],"score":732,"play_id":"a697fac2-5bab-4a67-976f-74a7385053d3","local_time":"20190301193912","is_ascension_mode":true,"campfire_choices":[{"data":"Hyperbeam","floor":6.0,"key":"SMITH"},{"data":"Self Repair","floor":8.0,"key":"SMITH"},{"data":"Streamline","floor":12.0,"key":"SMITH"},{"data":"Go for the Eyes","floor":15.0,"key":"SMITH"},{"data":"Ghostly","floor":23.0,"key":"SMITH"},{"data":"Ghostly","floor":25.0,"key":"SMITH"},{"data":"Ghostly","floor":29.0,"key":"SMITH"},{"data":"Recycle","floor":32.0,"key":"SMITH"}],"neow_cost":"NONE","seed_source_timestamp":694186777669,"circlet_count":0,"master_deck":["AscendersBane","Strike_B","Strike_B","Defend_B","Defend_B","Defend_B","Defend_B","Zap","Dualcast","Beam Cell+1","Streamline+1","Hyperbeam+1","FTL","Rebound","Self Repair+1","Gash","Go for the Eyes+1","Leap","Core Surge","Gash+1","Hologram+1","Ghostly+1","Ghostly+1","Ghostly+1","BootSequence+1","Recycle+1","Gash"],"special_seed":0,"relics":["Cracked Core","NeowsBlessing","Ancient Tea Set","Juzu Bracelet","Potion Belt","Ectoplasm","Question Card","Pear"],"potions_floor_usage":[33,33],"damage_taken":[{"damage":0.0,"enemies":"Jaw Worm","floor":1.0,"turns":1.0},{"damage":0.0,"enemies":"Small Slimes","floor":5.0,"turns":1.0},{"damage":0.0,"enemies":"3 Sentries","floor":7.0,"turns":1.0},{"damage":20.0,"enemies":"Lagavulin","floor":11.0,"turns":3.0},{"damage":0.0,"enemies":"Cultist","floor":13.0,"turns":2.0},{"damage":14.0,"enemies":"2 Fungi Beasts","floor":14.0,"turns":3.0},{"damage":0.0,"enemies":"Slime Boss","floor":16.0,"turns":5.0},{"damage":16.0,"enemies":"2 Thieves","floor":18.0,"turns":3.0},{"damage":4.0,"enemies":"3 Byrds","floor":21.0,"turns":3.0},{"damage":5.0,"enemies":"Gremlin Leader","floor":24.0,"turns":4.0},{"damage":5.0,"enemies":"Snecko","floor":28.0,"turns":5.0},{"damage":25.0,"enemies":"Book of Stabbing","floor":30.0,"turns":6.0},{"damage":7.0,"enemies":"Shelled Parasite and Fungi","floor":31.0,"turns":5.0},{"damage":21,"enemies":"Champ","floor":33,"turns":10}],"seed_played":"-7973068604833019091","potions_obtained":[{"floor":11.0,"key":"Dexterity Potion"},{"floor":16.0,"key":"FocusPotion"},{"floor":21.0,"key":"Fire Potion"},{"floor":24.0,"key":"SkillPotion"}],"is_trial":false,"path_per_floor":["M","$","?","?","M","R","E","R","T","?","E","R","M","M","R","B",null,"M","$","?","M","?","R","E","R","T","?","M","R","E","M","R","B"],"character_chosen":"DEFECT","items_purchased":["Streamline","Hologram"],"campfire_rested":0,"item_purchase_floors":[2,19],"current_hp_per_floor":[64,64,64,64,64,64,64,64,64,57,37,37,37,33,33,43,64,48,48,35,31,31,31,26,26,26,26,31,31,26,29,29,8],"gold":53,"neow_bonus":"THREE_ENEMY_KILL","is_prod":false,"is_daily":false,"chose_seed":false,"campfire_upgraded":8,"win_rate":0,"timestamp":1551440352,"path_taken":["M","$","?","?","M","R","E","R","T","?","E","R","M","M","R","BOSS","M","$","?","M","?","R","E","R","T","?","M","R","E","M","R","BOSS"],"build_version":"2019-02-06","purchased_purges":1,"victory":false,"max_hp_per_floor":[71,71,71,71,71,71,71,71,71,71,71,71,71,71,71,71,71,71,71,35,35,35,35,35,35,35,35,35,35,45,45,45,45],"card_choices":[{"not_picked":["Conserve Battery","Steam"],"picked":"Beam Cell","floor":1.0},{"not_picked":["Gash","Stack"],"picked":"Rebound","floor":5.0},{"not_picked":["Sweeping Beam","Gash"],"picked":"Self Repair","floor":7.0},{"not_picked":["Conserve Battery","Self Repair"],"picked":"Gash","floor":11.0},{"not_picked":["Consume","Rainbow"],"picked":"Go for the Eyes","floor":13.0},{"not_picked":["Sweeping Beam","Turbo"],"picked":"Leap","floor":14.0},{"not_picked":["Electrodynamics","Meteor Strike"],"picked":"Core Surge","floor":16.0},{"not_picked":["Storm","Beam Cell"],"picked":"Gash+1","floor":18.0},{"not_picked":["Blizzard","Capacitor","Hologram"],"picked":"SKIP","floor":21.0},{"not_picked":["White Noise","Genetic Algorithm"],"picked":"BootSequence+1","floor":24.0},{"not_picked":["Ball Lightning","Force Field","Sweeping Beam+1","Streamline"],"picked":"SKIP","floor":28.0},{"not_picked":["Defragment","Storm","Darkness"],"picked":"Recycle","floor":30.0},{"not_picked":["Barrage","Chaos","Go for the Eyes"],"picked":"Gash","floor":31.0}],"player_experience":807776,"relics_obtained":[{"floor":7.0,"key":"Ancient Tea Set"},{"floor":9.0,"key":"Juzu Bracelet"},{"floor":11.0,"key":"Potion Belt"},{"floor":24.0,"key":"Question Card"},{"floor":30.0,"key":"Pear"}],"event_choices":[{"damage_healed":0.0,"max_hp_gain":0.0,"max_hp_loss":0.0,"gold_gain":0.0,"event_name":"Living Wall","player_choice":"Grow","floor":3.0,"gold_loss":0.0,"damage_taken":0.0,"cards_upgraded":["Beam Cell"]},{"damage_healed":0.0,"max_hp_gain":0.0,"max_hp_loss":0.0,"gold_gain":0.0,"event_name":"Match and Keep!","player_choice":"2 cards matched","floor":4.0,"gold_loss":0.0,"damage_taken":0.0,"cards_obtained":["Hyperbeam","FTL"]},{"cards_removed":["Strike_B"],"damage_healed":0.0,"max_hp_gain":0.0,"max_hp_loss":0.0,"gold_gain":0.0,"event_name":"Golden Wing","player_choice":"Card Removal","floor":10.0,"gold_loss":0.0,"damage_taken":7.0},{"damage_healed":0.0,"max_hp_gain":0.0,"max_hp_loss":36.0,"gold_gain":0.0,"event_name":"Ghosts","player_choice":"Became a Ghost","floor":20.0,"gold_loss":0.0,"damage_taken":0.0,"cards_obtained":["Ghostly","Ghostly","Ghostly"]},{"damage_healed":0.0,"max_hp_gain":0.0,"max_hp_loss":0.0,"gold_gain":0.0,"event_name":"Upgrade Shrine","player_choice":"Upgraded","floor":22.0,"gold_loss":0.0,"damage_taken":0.0,"cards_upgraded":["Hologram"]},{"damage_healed":0.0,"max_hp_gain":0.0,"max_hp_loss":0.0,"gold_gain":0.0,"event_name":"Beggar","player_choice":"Ignored","floor":27.0,"gold_loss":0.0,"damage_taken":0.0}],"is_beta":true,"boss_relics":[{"not_picked":["Runic Pyramid","Sozu"],"picked":"Ectoplasm"}],"items_purged_floors":[19],"is_endless":false,"potions_floor_spawned":[11,16,21,24,28],"killed_by":"Champ","ascension_level":20}