{"gold_per_floor":[110,125,125,143,68,81,81,97,97,132,132,149,162,176,176,272,272,291,314,333,333,383,383,85,108,134,233,244,244,66,85,85,186,186,198,209,119,136,482,482,135,135,135,135,135,135,149,168,168,168],"floor_reached":51,"playtime":5334,"items_purged":["Defend_R","Defend_R","Second Wind","Bloodletting+1"],"score":649,"play_id":"4f5e19b9-0018-45d7-b618-605fe8942863","local_time":"20190802044627","is_ascension_mode":false,"campfire_choices":[{"data":"Perfected Strike","floor":7,"key":"SMITH"},{"floor":11,"key":"REST"},{"data":"Perfected Strike","floor":15,"key":"SMITH"},{"floor":23,"key":"REST"},{"floor":32,"key":"REST"},{"floor":40,"key":"REST"},{"floor":44,"key":"REST"},{"data":"Perfected Strike","floor":46,"key":"SMITH"},{"data":"Madness","floor":49,"key":"SMITH"}],"neow_cost":"NONE","seed_source_timestamp":42299245249732,"circlet_count":0,"master_deck":["Strike_R","Strike_R","Strike_R","Strike_R","Strike_R","Clash","Shrug It Off","Ghostly Armor","Perfected Strike+1","Twin Strike","Perfected Strike+1","Perfected Strike","Perfected Strike+1","Berserk","Perfected Strike+1","Twin Strike+1","Madness","Madness+1","Perfected Strike+1","Perfected Strike+1"],"relics":["Burning Blood","Pear","Pen Nib","Lizard Tail","Juzu Bracelet","Charon\u0027s Ashes","Blood Vial","Dream Catcher","Orichalcum","Philosopher\u0027s Stone","Old Coin","Medical Kit","Toxic Egg 2"],"potions_floor_usage":[16,16,33,33,38],"damage_taken":[{"damage":10,"enemies":"2 Louse","floor":1,"turns":3},{"damage":0,"enemies":"Cultist","floor":2,"turns":3},{"damage":0,"enemies":"Small Slimes","floor":4,"turns":3},{"damage":9,"enemies":"Exordium Thugs","floor":6,"turns":6},{"damage":5,"enemies":"Lots of Slimes","floor":8,"turns":5},{"damage":45,"enemies":"3 Sentries","floor":10,"turns":9},{"damage":0,"enemies":"3 Louse","floor":12,"turns":3},{"damage":9,"enemies":"Gremlin Gang","floor":13,"turns":3},{"damage":0,"enemies":"2 Fungi Beasts","floor":14,"turns":2},{"damage":38,"enemies":"Hexaghost","floor":16,"turns":7},{"damage":25,"enemies":"3 Byrds","floor":18,"turns":8},{"damage":30,"enemies":"2 Thieves","floor":20,"turns":4},{"damage":24,"enemies":"Centurion and Healer","floor":28,"turns":4},{"damage":18,"enemies":"Chosen and Byrds","floor":31,"turns":6},{"damage":55,"enemies":"Automaton","floor":33,"turns":6},{"damage":0,"enemies":"3 Shapes","floor":35,"turns":3},{"damage":5,"enemies":"Orb Walker","floor":36,"turns":2},{"damage":17,"enemies":"Spire Growth","floor":38,"turns":3},{"damage":38,"enemies":"2 Orb Walkers","floor":39,"turns":4},{"damage":0,"enemies":"Transient","floor":47,"turns":5},{"damage":3,"enemies":"Sphere and 2 Shapes","floor":48,"turns":2},{"damage":180,"enemies":"Awakened One","floor":50,"turns":9}],"seed_played":"744648559033099228","potions_obtained":[{"floor":1,"key":"GamblersBrew"},{"floor":2,"key":"FearPotion"},{"floor":10,"key":"Energy Potion"},{"floor":13,"key":"Weak Potion"},{"floor":14,"key":"Explosive Potion"},{"floor":28,"key":"Ancient Potion"},{"floor":31,"key":"Poison Potion"},{"floor":33,"key":"AttackPotion"},{"floor":35,"key":"Fire Potion"},{"floor":38,"key":"SneckoOil"},{"floor":39,"key":"BloodPotion"}],"is_trial":false,"path_per_floor":["M","M","?","M","$","M","R","M","T","E","R","M","M","M","R","B",null,"M","T","M","?","?","R","$","T","T","?","M","?","$","M","R","B",null,"M","M","?","M","?","R","$","?","T","R","?","R","M","M","R","B",null],"character_chosen":"IRONCLAD","items_purchased":["Blood Vial","Energy Potion","Perfected Strike","Medical Kit"],"campfire_rested":5,"item_purchase_floors":[24,24,30,41],"current_hp_per_floor":[76,80,80,80,80,77,77,78,88,49,76,82,79,85,85,53,90,71,71,47,47,47,74,74,74,74,74,58,58,58,48,75,28,90,90,90,90,79,49,76,76,65,65,90,90,90,90,90,90,11],"gold":168,"neow_bonus":"TRANSFORM_CARD","is_prod":false,"is_daily":false,"chose_seed":false,"campfire_upgraded":4,"win_rate":0.0,"timestamp":1564710387,"path_taken":["M","M","?","M","$","M","R","M","T","E","R","M","M","M","R","BOSS","M","?","M","?","?","R","$","?","T","?","M","?","$","M","R","BOSS","M","M","?","M","?","R","$","?","T","R","?","R","M","M","R","BOSS"],"build_version":"2019-07-17","purchased_purges":4,"victory":true,"max_hp_per_floor":[80,80,80,80,80,80,80,80,90,90,90,90,90,90,90,90,90,90,90,90,90,90,90,90,90,90,90,90,90,90,90,90,90,90,90,90,90,90,90,90,90,90,90,90,90,90,90,90,90,90],"card_choices":[{"not_picked":["Combust","Warcry"],"picked":"Clash","floor":1},{"not_picked":["Cleave","Body Slam","Warcry"],"picked":"SKIP","floor":2},{"not_picked":["Entrench","Perfected Strike"],"picked":"Ghostly Armor","floor":4},{"not_picked":["Sword Boomerang","Thunderclap"],"picked":"Perfected Strike","floor":6},{"not_picked":["Armaments","Sword Boomerang"],"picked":"Warcry","floor":8},{"not_picked":["Fiend Fire","Flex","Infernal Blade"],"picked":"SKIP","floor":10},{"not_picked":["Cleave","Dropkick","Entrench"],"picked":"SKIP","floor":12},{"not_picked":["Iron Wave","Body Slam"],"picked":"Twin Strike","floor":13},{"not_picked":["Shrug It Off","Iron Wave"],"picked":"Perfected Strike","floor":14},{"not_picked":["Flex+1","Thunderclap+1","Rampage+1"],"picked":"SKIP","floor":18},{"not_picked":["Flex","Clothesline+1"],"picked":"Bloodletting+1","floor":20},{"not_picked":["Feel No Pain","Pummel","Dropkick"],"picked":"SKIP","floor":28},{"not_picked":["Rupture+1","Burning Pact","Shrug It Off"],"picked":"SKIP","floor":31},{"not_picked":["Feel No Pain","Demon Form"],"picked":"Perfected Strike+1","floor":32},{"not_picked":["Demon Form","Fiend Fire"],"picked":"Berserk","floor":33},{"not_picked":["Shrug It Off+1","Flex"],"picked":"Perfected Strike+1","floor":35},{"not_picked":["Sword Boomerang","Thunderclap"],"picked":"Twin Strike","floor":36},{"not_picked":["Dual Wield+1","Flex+1","Sever Soul"],"picked":"SKIP","floor":38},{"not_picked":["Rupture+1","Carnage"],"picked":"Perfected Strike","floor":44},{"not_picked":["Armaments+1","Body Slam+1"],"picked":"Perfected Strike+1","floor":47},{"not_picked":["Shockwave+1","Anger","Infernal Blade+1"],"picked":"SKIP","floor":48}],"player_experience":5571,"relics_obtained":[{"floor":9,"key":"Pear"},{"floor":10,"key":"Pen Nib"},{"floor":19,"key":"Juzu Bracelet"},{"floor":25,"key":"Dream Catcher"},{"floor":26,"key":"Orichalcum"},{"floor":39,"key":"Old Coin"},{"floor":43,"key":"Toxic Egg 2"}],"event_choices":[{"damage_healed":0,"gold_gain":0,"cards_transformed":["Bash"],"player_choice":"Transformed","damage_taken":0,"max_hp_gain":0,"max_hp_loss":0,"event_name":"Transmorgrifier","floor":3,"gold_loss":0,"cards_obtained":["Shrug It Off"]},{"damage_healed":0,"gold_gain":0,"player_choice":"Opened","damage_taken":0,"relics_obtained":["Charon\u0027s Ashes"],"max_hp_gain":0,"max_hp_loss":0,"event_name":"The Mausoleum","floor":21,"gold_loss":0},{"damage_healed":0,"gold_gain":100,"player_choice":"Bet on Murderer","damage_taken":0,"max_hp_gain":0,"max_hp_loss":0,"event_name":"The Joust","floor":22,"gold_loss":50},{"damage_healed":0,"gold_gain":99,"player_choice":"Stole From Cult","damage_taken":0,"max_hp_gain":0,"max_hp_loss":0,"event_name":"Nest","floor":27,"gold_loss":0},{"damage_healed":0,"gold_gain":0,"player_choice":"Ignored","damage_taken":0,"max_hp_gain":0,"max_hp_loss":0,"event_name":"Ghosts","floor":29,"gold_loss":0},{"cards_removed":["Defend_R"],"damage_healed":0,"gold_gain":0,"player_choice":"Upgrade and Remove","damage_taken":0,"max_hp_gain":0,"max_hp_loss":0,"event_name":"Designer","floor":37,"gold_loss":90,"cards_upgraded":["Twin Strike"]},{"damage_healed":0,"gold_gain":0,"player_choice":"Fight","damage_taken":0,"max_hp_gain":0,"max_hp_loss":0,"event_name":"Mysterious Sphere","floor":39,"gold_loss":0},{"damage_healed":0,"gold_gain":0,"player_choice":"Embrace Madness","damage_taken":11,"max_hp_gain":0,"max_hp_loss":0,"event_name":"Winding Halls","floor":42,"gold_loss":0,"cards_obtained":["Madness","Madness"]},{"cards_removed":["Warcry"],"damage_healed":0,"gold_gain":0,"player_choice":"Removed Skill","damage_taken":0,"max_hp_gain":0,"max_hp_loss":0,"event_name":"Falling","floor":45,"gold_loss":0}],"is_beta":false,"boss_relics":[{"not_picked":["Orrery","Eternal Feather"],"picked":"Lizard Tail"},{"not_picked":["Runic Cube","White Beast Statue"],"picked":"Philosopher\u0027s Stone"}],"items_purged_floors":[5,24,30,41],"is_endless":false,"potions_floor_spawned":[1,2,10,13,14,28,31,33,35,38,39],"ascension_level":0}