{"gold_per_floor":[16,35,35,310,321,321,351,12,35,68,86,86,120,43,43,138,138,138,138,138,138,138,138,138,138],"floor_reached":25,"playtime":1108,"items_purged":["Regret"],"score":506,"play_id":"c0d0ca4d-cc28-4c4d-bc0e-dfac5e4eddef","local_time":"20181006150436","is_ascension_mode":true,"campfire_choices":[{"data":"Zap","floor":6.0,"key":"SMITH"},{"data":"Buffer","floor":12.0,"key":"SMITH"},{"data":"Defragment","floor":15.0,"key":"SMITH"}],"neow_cost":"NO_GOLD","seed_source_timestamp":1083059172117,"circlet_count":0,"master_deck":["Strike_B","Strike_B","Strike_B","Strike_B","Defend_B","Defend_B","Defend_B","Defend_B","Zap+1","Dualcast","AscendersBane","Multi-Cast","Go for the Eyes","Ball Lightning","Stack","Self Repair","Chaos","Genetic Algorithm","Leap","Buffer+1","Steam","Defragment+1","Creative AI","Hologram","Redo","Darkness"],"special_seed":0,"relics":["Cracked Core","Regal Pillow","PreservedInsect","Juzu Bracelet","Bronze Scales","FossilizedHelix","Ectoplasm","Oddly Smooth Stone"],"potions_floor_usage":[21,24],"damage_taken":[{"damage":0.0,"enemies":"2 Louse","floor":1.0,"turns":2.0},{"damage":6.0,"enemies":"Cultist","floor":2.0,"turns":3.0},{"damage":2.0,"enemies":"Small Slimes","floor":5.0,"turns":3.0},{"damage":8.0,"enemies":"3 Sentries","floor":7.0,"turns":5.0},{"damage":20.0,"enemies":"Lagavulin","floor":10.0,"turns":6.0},{"damage":13.0,"enemies":"Looter","floor":11.0,"turns":3.0},{"damage":0.0,"enemies":"Gremlin Nob","floor":13.0,"turns":4.0},{"damage":0.0,"enemies":"Slime Boss","floor":16.0,"turns":10.0},{"damage":0.0,"enemies":"Chosen","floor":18.0,"turns":4.0},{"damage":0.0,"enemies":"Spheric Guardian","floor":20.0,"turns":4.0},{"damage":16,"enemies":"Snake Plant","floor":21,"turns":4},{"damage":26,"enemies":"Book of Stabbing","floor":23,"turns":4},{"damage":24,"enemies":"Cultist and Chosen","floor":24,"turns":7},{"damage":18,"enemies":"Gremlin Leader","floor":25,"turns":3}],"seed_played":"-8872432700688128314","potions_obtained":[{"floor":1.0,"key":"SpeedPotion"},{"floor":2.0,"key":"AttackPotion"},{"floor":7.0,"key":"SpeedPotion"},{"floor":20.0,"key":"Poison Potion"},{"floor":23,"key":"SkillPotion"}],"is_trial":false,"path_per_floor":["M","M","$","?","M","R","E","$","T","E","M","R","E","$","R","B",null,"M","?","M","M","?","E","M"],"character_chosen":"DEFECT","items_purchased":["PreservedInsect","Chaos","Genetic Algorithm","Defragment"],"campfire_rested":0,"item_purchase_floors":[8,8,8,14],"current_hp_per_floor":[68,62,62,62,60,60,52,52,52,39,33,33,40,40,40,47,68,75,75,75,66,52,33,16,0],"gold":138,"neow_bonus":"THREE_RARE_CARDS","is_prod":false,"is_daily":false,"chose_seed":false,"campfire_upgraded":3,"win_rate":0,"timestamp":1538809476,"path_taken":["M","M","$","?","M","R","E","$","T","E","M","R","E","$","R","BOSS","M","?","M","M","?","E","M","E"],"build_version":"2018-10-04","purchased_purges":1,"victory":false,"max_hp_per_floor":[75,75,75,75,75,75,75,75,75,75,75,75,75,75,75,75,75,75,75,75,75,80,80,80,80],"card_choices":[{"not_picked":["Amplify","Meteor Strike"],"picked":"Multi-Cast","floor":0.0},{"not_picked":["Blizzard","Force Field"],"picked":"Go for the Eyes","floor":1.0},{"not_picked":["Hologram","Static Discharge"],"picked":"Ball Lightning","floor":2.0},{"not_picked":["Barrage","Ball Lightning"],"picked":"Stack","floor":5.0},{"not_picked":["Cold Snap","Stack"],"picked":"Self Repair","floor":7.0},{"not_picked":["Sweeping Beam","Melter"],"picked":"Leap","floor":10.0},{"not_picked":["Hologram","Compile Driver"],"picked":"Buffer","floor":11.0},{"not_picked":["Melter","Leap"],"picked":"Steam","floor":13.0},{"not_picked":["Buffer","All For One"],"picked":"Creative AI","floor":16.0},{"not_picked":["Rebound+1","Storm"],"picked":"Hologram","floor":18.0},{"not_picked":["Go for the Eyes","Conserve Battery"],"picked":"Redo","floor":20.0},{"not_picked":["Conserve Battery","Redo","Recycle"],"picked":"SKIP","floor":21},{"not_picked":["Conserve Battery","Redo","Recycle"],"picked":"SKIP","floor":21},{"not_picked":["Ball Lightning","Beam Cell","Turbo"],"picked":"SKIP","floor":23},{"not_picked":["FTL+1","Barrage"],"picked":"Darkness","floor":24}],"player_experience":413640,"relics_obtained":[{"floor":7.0,"key":"Regal Pillow"},{"floor":9.0,"key":"Juzu Bracelet"},{"floor":10.0,"key":"Bronze Scales"},{"floor":13.0,"key":"FossilizedHelix"},{"floor":23,"key":"Oddly Smooth Stone"}],"event_choices":[{"event_name":"Golden Shrine","player_choice":"Desecrate","floor":4.0,"damage_taken":0.0},{"event_name":"Vampires","player_choice":"Ignored","floor":19.0,"damage_taken":0.0},{"event_name":"Forgotten Altar","player_choice":"Shed Blood","floor":22,"damage_taken":0}],"is_beta":true,"boss_relics":[{"not_picked":["Fusion Hammer","Black Star"],"picked":"Ectoplasm"}],"items_purged_floors":[8],"is_endless":false,"potions_floor_spawned":[1,2,7,20,23],"killed_by":"Gremlin Leader","ascension_level":12}