{"gold_per_floor":[116,126,138,155,175,175,175,121,144,4,34,45,75,86,86,157,157,67,67,67,67,67,67,67,67,67,67,67,67,67,67,67,67,67,67,67,67,67,67,0,0,0,0,0,0,0,0,0,0,0],"floor_reached":51,"playtime":3914,"items_purged":[],"score":1136,"play_id":"76cb0bac-cace-4754-bfe3-1e212cbf4b18","local_time":"20180908152007","is_ascension_mode":true,"campfire_choices":[{"data":"Multi-Cast","floor":6.0,"key":"SMITH"},{"floor":15.0,"key":"REST"},{"floor":23.0,"key":"REST"},{"data":"Defragment","floor":25.0,"key":"SMITH"},{"floor":32.0,"key":"REST"},{"floor":42.0,"key":"REST"},{"data":"Darkness","floor":47.0,"key":"SMITH"},{"data":"Creative AI","floor":49.0,"key":"SMITH"}],"neow_cost":"NONE","seed_source_timestamp":9252140006593,"circlet_count":0,"master_deck":["Strike_B","Defend_B","Defend_B","Defend_B","Defend_B","Dualcast","AscendersBane","Multi-Cast+1","Consume","Glacier","White Noise","Capacitor","Coolheaded","Echo Form","Hologram","Darkness+1","Chaos+1","Self Repair","Reboot","Go for the Eyes","Compile Driver","Defragment+1","Stack+1","Creative AI+1","Seek","White Noise+1","Skim+1","Hello World+1","Barrage+1","Reinforced Body","Hologram+1","Panacea","Doubt","Stack"],"special_seed":0,"relics":["Cracked Core","Regal Pillow","Centennial Puzzle","Ectoplasm","Ornamental Fan","Astrolabe","Juzu Bracelet","Red Mask","Happy Flower","Bag of Marbles"],"potions_floor_usage":[50],"damage_taken":[{"damage":2.0,"enemies":"2 Louse","floor":1.0,"turns":4.0},{"damage":6.0,"enemies":"Cultist","floor":2.0,"turns":4.0},{"damage":2.0,"enemies":"Jaw Worm","floor":3.0,"turns":3.0},{"damage":13.0,"enemies":"3 Louse","floor":4.0,"turns":3.0},{"damage":0.0,"enemies":"Large Slime","floor":5.0,"turns":6.0},{"damage":0.0,"enemies":"Looter","floor":12.0,"turns":4.0},{"damage":28.0,"enemies":"3 Sentries","floor":13.0,"turns":12.0},{"damage":6.0,"enemies":"Red Slaver","floor":14.0,"turns":5.0},{"damage":33.0,"enemies":"Slime Boss","floor":16.0,"turns":14.0},{"damage":25.0,"enemies":"2 Thieves","floor":18.0,"turns":5.0},{"damage":2.0,"enemies":"Chosen","floor":20.0,"turns":3.0},{"damage":10.0,"enemies":"Snecko","floor":21.0,"turns":5.0},{"damage":12.0,"enemies":"Snake Plant","floor":22.0,"turns":6.0},{"damage":21.0,"enemies":"Centurion and Healer","floor":24.0,"turns":10.0},{"damage":14.0,"enemies":"Chosen and Byrds","floor":29.0,"turns":5.0},{"damage":20.0,"enemies":"Snake Plant","floor":31.0,"turns":6.0},{"damage":47.0,"enemies":"Collector","floor":33.0,"turns":13.0},{"damage":11.0,"enemies":"Orb Walker","floor":35.0,"turns":4.0},{"damage":14.0,"enemies":"3 Shapes","floor":37.0,"turns":3.0},{"damage":0.0,"enemies":"3 Darklings","floor":41.0,"turns":1.0},{"damage":19.0,"enemies":"Giant Head","floor":44.0,"turns":10.0},{"damage":12.0,"enemies":"Reptomancer","floor":48.0,"turns":6.0},{"damage":31,"enemies":"Awakened One","floor":50,"turns":25}],"seed_played":"-1467235038398952127","potions_obtained":[{"floor":3.0,"key":"FearPotion"},{"floor":4.0,"key":"Dexterity Potion"},{"floor":7.0,"key":"Fire Potion"},{"floor":21.0,"key":"GamblersBrew"},{"floor":29.0,"key":"SkillPotion"},{"floor":33.0,"key":"Explosive Potion"},{"floor":35.0,"key":"Ancient Potion"},{"floor":37.0,"key":"SmokeBomb"},{"floor":48.0,"key":"EssenceOfSteel"}],"is_trial":false,"path_per_floor":["M","M","M","M","M","R","?","$","T","$","?","M","E","M","R","B",null,"M","?","M","M","M","R","M","R","T","$","?","M","?","M","R","B",null,"M","?","M","?","?","?","M","R","T","E","?","?","R","M","R","B"],"character_chosen":"DEFECT","items_purchased":["Coolheaded","Echo Form","Hologram"],"campfire_rested":4,"item_purchase_floors":[8,10,10],"current_hp_per_floor":[62,56,54,41,48,48,48,48,48,48,48,48,20,14,50,24,59,34,30,28,25,13,49,35,35,35,35,35,28,28,15,51,4,54,43,43,29,29,29,29,29,65,65,46,46,71,71,66,66,42],"gold":0,"neow_bonus":"ONE_RANDOM_RARE_CARD","is_prod":false,"is_daily":false,"chose_seed":false,"campfire_upgraded":4,"win_rate":0,"timestamp":1536391207,"path_taken":["M","M","M","M","M","R","?","$","T","?","?","M","E","M","R","BOSS","M","?","?","M","M","R","M","R","T","$","?","M","?","M","R","BOSS","M","?","M","?","?","?","M","R","T","E","?","?","R","M","R","BOSS"],"build_version":"2018-09-06","purchased_purges":0,"victory":true,"max_hp_per_floor":[71,71,71,71,71,71,71,71,71,71,71,71,71,71,71,71,71,71,71,71,71,71,71,71,71,71,71,71,71,71,71,71,71,71,71,71,71,71,71,71,71,71,71,71,71,71,71,71,71,71],"card_choices":[{"not_picked":["Gash","Undo"],"picked":"Consume","floor":1.0},{"not_picked":["Gash","Compile Driver"],"picked":"Glacier","floor":2.0},{"not_picked":["Sweeping Beam","Compile Driver"],"picked":"Ball Lightning","floor":3.0},{"not_picked":["Turbo","Skim"],"picked":"White Noise","floor":4.0},{"not_picked":["Steam","Go for the Eyes"],"picked":"Capacitor","floor":5.0},{"not_picked":["Beam Cell","Echo Form"],"picked":"Darkness","floor":12.0},{"not_picked":["Go for the Eyes","Storm"],"picked":"Chaos","floor":13.0},{"not_picked":["Sweeping Beam","White Noise"],"picked":"Self Repair","floor":14.0},{"not_picked":["Biased Cognition","Creative AI"],"picked":"Reboot","floor":16.0},{"not_picked":["Coolheaded","Streamline"],"picked":"Go for the Eyes","floor":18.0},{"not_picked":["Conserve Battery","Consume"],"picked":"Compile Driver","floor":20.0},{"not_picked":["Coolheaded","Recycle","Ball Lightning"],"picked":"SKIP","floor":21.0},{"not_picked":["Gash+1","Coolheaded","Streamline"],"picked":"SKIP","floor":22.0},{"not_picked":["Hologram+1","Ball Lightning"],"picked":"Defragment","floor":24.0},{"not_picked":["Coolheaded","Chaos"],"picked":"Stack+1","floor":29.0},{"not_picked":["Ball Lightning","Sweeping Beam+1"],"picked":"Creative AI","floor":31.0},{"not_picked":["Rainbow","Creative AI"],"picked":"Seek","floor":33.0},{"not_picked":["Stack","Doom and Gloom"],"picked":"Barrage+1","floor":35.0},{"not_picked":["Genetic Algorithm","Steam Power"],"picked":"Reinforced Body","floor":37.0},{"not_picked":["Turbo","Storm"],"picked":"Hologram+1","floor":44.0},{"not_picked":["PanicButton","Impatience"],"picked":"Panacea","floor":45.0},{"not_picked":["Sweeping Beam","Compile Driver+1"],"picked":"Stack","floor":48.0}],"player_experience":313889,"relics_obtained":[{"floor":9.0,"key":"Regal Pillow"},{"floor":13.0,"key":"Centennial Puzzle"},{"floor":26.0,"key":"Ornamental Fan"},{"floor":43.0,"key":"Happy Flower"},{"floor":44.0,"key":"Bag of Marbles"}],"event_choices":[{"event_name":"The Lab","player_choice":"Got Potions","floor":7.0,"damage_taken":0.0},{"event_name":"Dead Adventurer","player_choice":"Searched \u00271\u0027 times","floor":11.0,"damage_taken":0.0},{"event_name":"The Woman in Blue","player_choice":"Bought 0 Potions","floor":19.0,"damage_taken":0.0},{"event_name":"Purifier","player_choice":"One Purge","floor":28.0,"damage_taken":0.0},{"event_name":"WeMeetAgain","player_choice":"Potion","floor":36.0,"damage_taken":0.0},{"event_name":"Falling","player_choice":"Removed Attack","floor":38.0,"damage_taken":0.0},{"event_name":"Upgrade Shrine","player_choice":"Upgraded","floor":39.0,"damage_taken":0.0},{"event_name":"Tomb of Lord Red Mask","player_choice":"Paid","floor":40.0,"damage_taken":0.0},{"event_name":"SensoryStone","player_choice":"Memory 1","floor":45.0,"damage_taken":0.0},{"event_name":"MindBloom","player_choice":"Heal","floor":46.0,"damage_taken":0.0}],"is_beta":true,"boss_relics":[{"not_picked":["FrozenCore","Empty Cage"],"picked":"Ectoplasm"},{"not_picked":["Philosopher\u0027s Stone","White Beast Statue"],"picked":"Astrolabe"}],"items_purged_floors":[],"is_endless":false,"potions_floor_spawned":[3,4,13,14,20,21,22,29,33,35,37,48],"ascension_level":16}