{"gold_per_floor":[111,111,111,131,131,131,150,150,150,168,196,196,230,250,250,345,345,345,345,345,345,345,345,345,345,345,345],"floor_reached":27,"playtime":1967,"items_purged":[],"score":331,"play_id":"ed89b151-8e74-4b05-86b3-fb0d3e96032a","local_time":"20190810020029","is_ascension_mode":true,"campfire_choices":[{"data":"Self Repair","floor":6,"key":"SMITH"},{"data":"Zap","floor":12,"key":"SMITH"},{"data":"Leap","floor":15,"key":"SMITH"}],"neow_cost":"NONE","seed_source_timestamp":348274253106366,"circlet_count":0,"master_deck":["Strike_B","Defend_B","Defend_B","Defend_B","Zap+1","Hologram+1","Sunder+1","Multi-Cast+1","Tempest","Self Repair+1","Rip and Tear","Steam","White Noise","Steam","Leap+1","Fission","Double Energy","Doom and Gloom+1","Self Repair"],"relics":["Astrolabe","Ancient Tea Set","Oddly Smooth Stone","Bag of Preparation","Ectoplasm","Peace Pipe","Happy Flower","Meat on the Bone"],"potions_floor_usage":[13,25,27],"damage_taken":[{"damage":2,"enemies":"2 Louse","floor":1,"turns":2},{"damage":1,"enemies":"Cultist","floor":4,"turns":3},{"damage":7,"enemies":"Jaw Worm","floor":7,"turns":3},{"damage":3,"enemies":"3 Louse","floor":10,"turns":3},{"damage":11,"enemies":"3 Sentries","floor":11,"turns":5},{"damage":0,"enemies":"Gremlin Nob","floor":13,"turns":3},{"damage":0,"enemies":"Large Slime","floor":14,"turns":3},{"damage":40,"enemies":"Slime Boss","floor":16,"turns":6},{"damage":0,"enemies":"Chosen","floor":18,"turns":4},{"damage":1,"enemies":"Shell Parasite","floor":19,"turns":4},{"damage":24,"enemies":"Chosen and Byrds","floor":22,"turns":6},{"damage":29,"enemies":"Gremlin Leader","floor":23,"turns":6},{"damage":19,"enemies":"Centurion and Healer","floor":24,"turns":6},{"damage":44,"enemies":"Book of Stabbing","floor":25,"turns":6},{"damage":20,"enemies":"Gremlin Leader","floor":27,"turns":5}],"seed_played":"-6394733650850975767","potions_obtained":[{"floor":1,"key":"SteroidPotion"},{"floor":4,"key":"SpeedPotion"},{"floor":11,"key":"AttackPotion"},{"floor":16,"key":"SteroidPotion"},{"floor":25,"key":"SkillPotion"}],"is_trial":false,"path_per_floor":["M","?","?","M","?","R","M","?","T","M","E","R","E","M","R","B",null,"M","M","?","?","M","E","M","E","T","E"],"character_chosen":"DEFECT","items_purchased":[],"campfire_rested":0,"item_purchase_floors":[],"current_hp_per_floor":[73,66,71,70,70,70,63,63,63,70,69,69,79,80,80,50,80,80,80,80,80,66,47,45,18,18,0],"gold":345,"neow_bonus":"BOSS_RELIC","is_prod":false,"is_daily":false,"chose_seed":false,"campfire_upgraded":3,"win_rate":0,"timestamp":1565416829,"path_taken":["M","?","?","M","?","R","?","?","T","M","E","R","E","M","R","BOSS","M","M","?","?","M","E","M","E","T","E"],"build_version":"2019-07-17","purchased_purges":0,"victory":false,"max_hp_per_floor":[75,75,80,80,80,80,80,80,80,80,80,80,80,80,80,80,80,80,80,80,80,80,80,80,80,80,80],"card_choices":[{"not_picked":["Lockon","Redo"],"picked":"Tempest","floor":1},{"not_picked":["Double Energy","Barrage"],"picked":"Self Repair","floor":4},{"not_picked":["Gash","Chaos"],"picked":"Steam","floor":7},{"not_picked":["Streamline","Steam"],"picked":"White Noise","floor":10},{"not_picked":["Sunder","Reprogram"],"picked":"Steam","floor":11},{"not_picked":["Go for the Eyes","Hyperbeam","Meteor Strike"],"picked":"SKIP","floor":13},{"not_picked":["Aggregate","Rip and Tear"],"picked":"Leap","floor":14},{"not_picked":["Hyperbeam","Seek"],"picked":"Fission","floor":16},{"not_picked":["Ball Lightning+1","Barrage"],"picked":"Double Energy","floor":18},{"not_picked":["Loop","Sweeping Beam"],"picked":"Doom and Gloom+1","floor":19},{"not_picked":["Hologram","Barrage","Rebound"],"picked":"SKIP","floor":22},{"not_picked":["Conserve Battery","Reboot"],"picked":"Self Repair","floor":23},{"not_picked":["Hologram","Tempest","Barrage"],"picked":"SKIP","floor":24},{"not_picked":["Tempest","Beam Cell","Streamline"],"picked":"SKIP","floor":25}],"player_experience":144062,"relics_obtained":[{"floor":9,"key":"Ancient Tea Set"},{"floor":11,"key":"Oddly Smooth Stone"},{"floor":13,"key":"Bag of Preparation"},{"floor":23,"key":"Peace Pipe"},{"floor":25,"key":"Happy Flower"},{"floor":26,"key":"Meat on the Bone"}],"event_choices":[{"cards_removed":["Strike_B"],"damage_healed":0,"gold_gain":0,"player_choice":"Card Removal","damage_taken":7,"max_hp_gain":0,"max_hp_loss":0,"event_name":"Golden Wing","floor":2,"gold_loss":0},{"damage_healed":0,"gold_gain":0,"player_choice":"Donut","damage_taken":0,"max_hp_gain":5,"max_hp_loss":0,"event_name":"Big Fish","floor":3,"gold_loss":0},{"damage_healed":0,"gold_gain":0,"cards_transformed":["Strike_B"],"player_choice":"Transformed","damage_taken":0,"max_hp_gain":0,"max_hp_loss":0,"event_name":"Transmorgrifier","floor":5,"gold_loss":0,"cards_obtained":["Rip and Tear"]},{"damage_healed":0,"gold_gain":0,"player_choice":"Ignored","damage_taken":0,"max_hp_gain":0,"max_hp_loss":0,"event_name":"Liars Game","floor":8,"gold_loss":0},{"damage_healed":0,"gold_gain":0,"player_choice":"Ignored","damage_taken":0,"max_hp_gain":0,"max_hp_loss":0,"event_name":"Vampires","floor":20,"gold_loss":0},{"damage_healed":0,"gold_gain":0,"player_choice":"Ignored","damage_taken":0,"max_hp_gain":0,"max_hp_loss":0,"event_name":"The Mausoleum","floor":21,"gold_loss":0}],"is_beta":false,"boss_relics":[{"not_picked":["Runic Dome","Eternal Feather"],"picked":"Ectoplasm"}],"items_purged_floors":[],"is_endless":false,"potions_floor_spawned":[1,4,11,16,23,24,25],"killed_by":"Gremlin Leader","ascension_level":3}