{"gold_per_floor":[14,29,48,60,60,60,71,104,104,136,200,215,215,238,238,312,312,325,344,344,357,373,373,129,129,129,129,142,142,168,188,188,262,262,277,277,377,377,117,117,137,137,137,155,170,188,188,56,56,56,56],"floor_reached":52,"playtime":3279,"items_purged":["Strike_G","Clumsy"],"score":1918,"play_id":"9eb82138-16c5-4269-bbd6-55aa8f19332f","local_time":"20181128211252","is_ascension_mode":true,"campfire_choices":[{"data":"Predator","floor":6.0,"key":"SMITH"},{"data":"Neutralize","floor":13.0,"key":"SMITH"},{"data":"Well Laid Plans","floor":15.0,"key":"SMITH"},{"data":"Deadly Poison","floor":23.0,"key":"SMITH"},{"data":"Catalyst","floor":25.0,"key":"SMITH"},{"floor":29.0,"key":"REST"},{"data":"Acrobatics","floor":32.0,"key":"SMITH"},{"data":"Corpse Explosion","floor":40.0,"key":"SMITH"},{"floor":47.0,"key":"REST"},{"data":"Survivor","floor":49.0,"key":"SMITH"}],"neow_cost":"NO_GOLD","seed_source_timestamp":5459337599430,"circlet_count":0,"master_deck":["AscendersBane","Defend_G","Defend_G","Defend_G","Defend_G","Survivor+1","Neutralize+1","Terror","Reflex","Predator+1","Dash","Well Laid Plans+1","Adrenaline","Noxious Fumes+1","Deadly Poison+1","Acrobatics+1","Catalyst+1","Corpse Explosion+1","Concentrate+1","Escape Plan+1","Deflect+1","Tools of the Trade","Dagger Spray+1","Infinite Blades+1","Predator+1","PiercingWail+1","Catalyst+1","Apotheosis+1","Bandage Up+1","Bouncing Flask+1","Tactician+1","PiercingWail+1","Crippling Poison+1","PiercingWail+1","Dodge and Roll+1","Discovery+1"],"special_seed":0,"relics":["Ring of the Snake","Mango","FossilizedHelix","Pocketwatch","Girya","Orichalcum","Cursed Key","Toxic Egg 2","Blood Vial","Astrolabe","Du-Vu Doll"],"potions_floor_usage":[],"damage_taken":[{"damage":3.0,"enemies":"Cultist","floor":1.0,"turns":4.0},{"damage":2.0,"enemies":"Small Slimes","floor":2.0,"turns":4.0},{"damage":4.0,"enemies":"Jaw Worm","floor":3.0,"turns":4.0},{"damage":3.0,"enemies":"Looter","floor":4.0,"turns":4.0},{"damage":4.0,"enemies":"Blue Slaver","floor":7.0,"turns":3.0},{"damage":27.0,"enemies":"Lagavulin","floor":8.0,"turns":5.0},{"damage":0.0,"enemies":"Gremlin Nob","floor":10.0,"turns":3.0},{"damage":9.0,"enemies":"3 Sentries","floor":11.0,"turns":9.0},{"damage":0.0,"enemies":"Exordium Thugs","floor":12.0,"turns":3.0},{"damage":16.0,"enemies":"Slime Boss","floor":16.0,"turns":12.0},{"damage":0.0,"enemies":"3 Byrds","floor":18.0,"turns":6.0},{"damage":1.0,"enemies":"Spheric Guardian","floor":19.0,"turns":5.0},{"damage":0.0,"enemies":"Centurion and Healer","floor":21.0,"turns":5.0},{"damage":2.0,"enemies":"Snake Plant","floor":22.0,"turns":4.0},{"damage":0.0,"enemies":"Chosen and Byrds","floor":28.0,"turns":4.0},{"damage":32.0,"enemies":"Book of Stabbing","floor":30.0,"turns":4.0},{"damage":0.0,"enemies":"Centurion and Healer","floor":31.0,"turns":5.0},{"damage":24.0,"enemies":"Champ","floor":33.0,"turns":9.0},{"damage":0.0,"enemies":"Orb Walker","floor":35.0,"turns":3.0},{"damage":0.0,"enemies":"Mind Bloom Boss Battle","floor":37.0,"turns":5.0},{"damage":9.0,"enemies":"3 Darklings","floor":41.0,"turns":3.0},{"damage":1.0,"enemies":"Writhing Mass","floor":44.0,"turns":4.0},{"damage":0.0,"enemies":"Maw","floor":45.0,"turns":4.0},{"damage":33.0,"enemies":"3 Darklings","floor":46.0,"turns":4.0},{"damage":49.0,"enemies":"Awakened One","floor":50.0,"turns":23.0},{"damage":0,"enemies":"Time Eater","floor":51,"turns":5}],"seed_played":"1649135134282173613","potions_obtained":[{"floor":1.0,"key":"AttackPotion"},{"floor":2.0,"key":"GhostInAJar"},{"floor":12.0,"key":"Dexterity Potion"},{"floor":16.0,"key":"SpeedPotion"},{"floor":18.0,"key":"SpeedPotion"},{"floor":21.0,"key":"Swift Potion"},{"floor":31.0,"key":"SkillPotion"},{"floor":33.0,"key":"Block Potion"},{"floor":45.0,"key":"Energy Potion"}],"is_trial":false,"path_per_floor":["M","M","M","M","$","R","M","E","T","E","?","M","R","T","R","B",null,"M","M","?","M","M","R","$","R","T","?","M","R","E","M","R","B",null,"M","?","?","?","$","R","M","?","T","M","M","M","R","$","R","B","B",null],"character_chosen":"THE_SILENT","items_purchased":["Corpse Explosion","Bouncing Flask+1","Tactician+1","Dodge and Roll+1","Discovery+1"],"campfire_rested":2,"item_purchase_floors":[24,39,39,48,48],"current_hp_per_floor":[56,54,50,47,47,47,43,30,30,30,21,21,21,21,21,5,61,61,60,37,37,35,35,35,35,35,35,35,60,28,30,30,8,66,68,68,70,60,60,60,53,53,53,60,68,43,67,67,67,26,28],"gold":56,"neow_bonus":"REMOVE_TWO","is_prod":false,"is_daily":false,"chose_seed":false,"campfire_upgraded":8,"win_rate":0,"timestamp":1543410772,"path_taken":["M","?","M","M","$","R","M","E","T","E","?","M","R","?","R","BOSS","M","M","?","M","M","R","$","R","T","?","?","R","E","M","R","BOSS","M","?","?","?","$","R","M","?","T","M","M","?","R","$","R","BOSS","BOSS"],"build_version":"2018-11-15","purchased_purges":2,"victory":true,"max_hp_per_floor":[66,66,66,66,66,66,66,80,80,80,80,80,80,80,80,80,80,80,80,85,85,85,85,85,85,85,85,85,85,85,85,85,85,85,85,81,81,81,81,81,81,81,81,81,81,81,81,81,81,81,81],"card_choices":[{"not_picked":["Acrobatics","Setup"],"picked":"Terror","floor":1.0},{"not_picked":["Cloak And Dagger","PiercingWail"],"picked":"Reflex","floor":2.0},{"not_picked":["Dagger Throw","Backflip"],"picked":"Predator","floor":3.0},{"not_picked":["Deadly Poison","Blur","Heel Hook"],"picked":"SKIP","floor":4.0},{"not_picked":["Setup","Blur","Outmaneuver"],"picked":"SKIP","floor":7.0},{"not_picked":["PiercingWail","Blade Dance","Leg Sweep"],"picked":"SKIP","floor":8.0},{"not_picked":["Distraction","Caltrops","Terror"],"picked":"SKIP","floor":10.0},{"not_picked":["Poisoned Stab","Crippling Poison"],"picked":"Dash","floor":11.0},{"not_picked":["Slice","Cloak And Dagger"],"picked":"Well Laid Plans","floor":12.0},{"not_picked":["Tools of the Trade","After Image"],"picked":"Adrenaline","floor":16.0},{"not_picked":["Sucker Punch","Infinite Blades"],"picked":"Noxious Fumes+1","floor":18.0},{"not_picked":["Sucker Punch","Outmaneuver+1"],"picked":"Deadly Poison","floor":19.0},{"not_picked":["PiercingWail","Masterful Stab"],"picked":"Acrobatics","floor":21.0},{"not_picked":["Deadly Poison+1","Infinite Blades+1"],"picked":"Catalyst","floor":22.0},{"not_picked":["Dagger Spray","Phantasmal Killer+1"],"picked":"Concentrate+1","floor":28.0},{"not_picked":["Cloak And Dagger+1","Deflect+1"],"picked":"Escape Plan+1","floor":30.0},{"not_picked":["Slice","Endless Agony"],"picked":"Deflect+1","floor":31.0},{"not_picked":["A Thousand Cuts","Envenom"],"picked":"Tools of the Trade","floor":33.0},{"not_picked":["Flying Knee","Acrobatics+1"],"picked":"PiercingWail+1","floor":35.0},{"not_picked":["Cloak And Dagger+1","Sucker Punch"],"picked":"Catalyst+1","floor":37.0},{"not_picked":["Good Instincts+1","Mayhem"],"picked":"Apotheosis+1","floor":38.0},{"not_picked":["Metamorphosis+1","Enlightenment+1"],"picked":"Bandage Up+1","floor":38.0},{"not_picked":["Blade Dance+1","Expertise+1","Eviscerate"],"picked":"SKIP","floor":41.0},{"not_picked":["Slice","Bane"],"picked":"PiercingWail+1","floor":44.0},{"not_picked":["Underhanded Strike","Concentrate+1"],"picked":"Crippling Poison+1","floor":45.0},{"not_picked":["Expertise+1","Distraction+1"],"picked":"PiercingWail+1","floor":46.0}],"player_experience":576746,"relics_obtained":[{"floor":8.0,"key":"Mango"},{"floor":9.0,"key":"FossilizedHelix"},{"floor":10.0,"key":"Pocketwatch"},{"floor":11.0,"key":"Girya"},{"floor":14.0,"key":"Orichalcum"},{"floor":26.0,"key":"Toxic Egg 2"},{"floor":30.0,"key":"Blood Vial"},{"floor":37.0,"key":"Du-Vu Doll"}],"event_choices":[{"damage_healed":0.0,"max_hp_gain":0.0,"max_hp_loss":0.0,"gold_gain":0.0,"event_name":"Dead Adventurer","player_choice":"Searched \u00271\u0027 times","floor":11.0,"gold_loss":0.0,"damage_taken":0.0},{"damage_healed":0.0,"max_hp_gain":5.0,"max_hp_loss":0.0,"gold_gain":0.0,"event_name":"Forgotten Altar","player_choice":"Shed Blood","floor":20.0,"gold_loss":0.0,"damage_taken":28.0},{"damage_healed":0.0,"max_hp_gain":0.0,"max_hp_loss":0.0,"gold_gain":0.0,"event_name":"Ghosts","player_choice":"Ignored","floor":27.0,"gold_loss":0.0,"damage_taken":0.0},{"damage_healed":0.0,"max_hp_gain":0.0,"max_hp_loss":4.0,"gold_gain":0.0,"event_name":"Winding Halls","player_choice":"Max HP","floor":36.0,"gold_loss":0.0,"damage_taken":0.0},{"damage_healed":0.0,"max_hp_gain":0.0,"max_hp_loss":0.0,"gold_gain":0.0,"event_name":"MindBloom","player_choice":"Fight","floor":37.0,"gold_loss":0.0,"damage_taken":0.0},{"damage_healed":0.0,"max_hp_gain":0.0,"max_hp_loss":0.0,"gold_gain":0.0,"event_name":"SensoryStone","player_choice":"Memory 3","floor":38.0,"gold_loss":0.0,"damage_taken":10.0},{"damage_healed":0.0,"max_hp_gain":0.0,"max_hp_loss":0.0,"gold_gain":0.0,"event_name":"Tomb of Lord Red Mask","player_choice":"Ignored","floor":42.0,"gold_loss":0.0,"damage_taken":0.0}],"is_beta":true,"boss_relics":[{"not_picked":["Black Star","Coffee Dripper"],"picked":"Cursed Key"},{"not_picked":["Calling Bell","White Beast Statue"],"picked":"Astrolabe"}],"items_purged_floors":[24,39],"is_endless":false,"potions_floor_spawned":[1,2,4,12,16,18,21,31,33,35,37,45],"ascension_level":20}