{"gold_per_floor":[114,125,125,125,200,231,231,246,270,294,469,31,69,92,92,92],"floor_reached":16,"playtime":356,"items_purged":["Normality"],"score":121,"play_id":"8bdb6b4e-72b1-4bb2-ad54-8b33d25adcfd","local_time":"20190807135033","is_ascension_mode":true,"campfire_choices":[{"floor":7,"key":"REST"},{"floor":15,"key":"REST"}],"neow_cost":"CURSE","seed_source_timestamp":1314516258432386,"circlet_count":0,"master_deck":["Strike_R","Strike_R","Strike_R","Strike_R","Strike_R","Defend_R","Defend_R","Defend_R","Defend_R","Bash","Clash","Anger","Injury","Battle Trance","Carnage","Anger","Doubt","Searing Blow"],"relics":["Burning Blood","Charon\u0027s Ashes","Golden Idol","Strawberry","Dodecahedron","Pen Nib","Omamori","Brimstone","Sundial"],"potions_floor_usage":[6,16,16,16],"damage_taken":[{"damage":0,"enemies":"Small Slimes","floor":1,"turns":3},{"damage":7,"enemies":"Jaw Worm","floor":2,"turns":3},{"damage":27,"enemies":"Gremlin Nob","floor":6,"turns":5},{"damage":1,"enemies":"Cultist","floor":8,"turns":3},{"damage":12,"enemies":"Exordium Wildlife","floor":10,"turns":3},{"damage":26,"enemies":"Lagavulin","floor":13,"turns":5},{"damage":10,"enemies":"Red Slaver","floor":14,"turns":2},{"damage":74,"enemies":"Hexaghost","floor":16,"turns":4}],"seed_played":"-3919666686596862693","potions_obtained":[{"floor":1,"key":"EssenceOfSteel"},{"floor":8,"key":"Ancient Potion"},{"floor":10,"key":"EssenceOfSteel"},{"floor":14,"key":"LiquidBronze"}],"is_trial":false,"path_per_floor":["M","M","?","?","?","E","R","M","T","M","?","$","E","M","R","B"],"character_chosen":"IRONCLAD","items_purchased":["Omamori","Brimstone"],"campfire_rested":2,"item_purchase_floors":[12,12],"current_hp_per_floor":[80,79,79,79,68,47,73,78,78,72,72,72,52,48,74,0],"gold":92,"neow_bonus":"ONE_RARE_RELIC","is_prod":false,"is_daily":false,"chose_seed":false,"campfire_upgraded":0,"win_rate":0,"timestamp":1565200233,"path_taken":["M","M","?","?","?","E","R","M","T","M","?","$","E","?","R","BOSS"],"build_version":"2019-06-28","purchased_purges":1,"victory":false,"max_hp_per_floor":[80,80,80,87,87,87,87,87,87,87,87,87,87,87,87,87],"card_choices":[{"not_picked":["Warcry","Shrug It Off"],"picked":"Clash","floor":1},{"not_picked":["Thunderclap","Rage"],"picked":"Anger","floor":2},{"not_picked":["Berserk","Wild Strike"],"picked":"Battle Trance","floor":6},{"not_picked":["Twin Strike","Perfected Strike"],"picked":"Carnage","floor":8},{"not_picked":["Seeing Red","Armaments"],"picked":"Anger","floor":10},{"not_picked":["Perfected Strike","Second Wind"],"picked":"Searing Blow","floor":13},{"not_picked":["Twin Strike","Iron Wave","Sever Soul"],"picked":"SKIP","floor":14}],"player_experience":46181,"relics_obtained":[{"floor":6,"key":"Dodecahedron"},{"floor":9,"key":"Pen Nib"},{"floor":13,"key":"Sundial"}],"event_choices":[{"damage_healed":0,"gold_gain":0,"player_choice":"Take Wound","damage_taken":0,"relics_obtained":["Golden Idol"],"max_hp_gain":0,"max_hp_loss":0,"event_name":"Golden Idol","floor":3,"gold_loss":0,"cards_obtained":["Injury"]},{"damage_healed":0,"gold_gain":0,"player_choice":"Success","damage_taken":7,"relics_obtained":["Strawberry"],"max_hp_gain":0,"max_hp_loss":0,"event_name":"Scrap Ooze","floor":4,"gold_loss":0},{"damage_healed":0,"gold_gain":75,"player_choice":"Gather Gold","damage_taken":11,"max_hp_gain":0,"max_hp_loss":0,"event_name":"World of Goop","floor":5,"gold_loss":0},{"damage_healed":0,"gold_gain":175,"player_choice":"AGREE","damage_taken":0,"max_hp_gain":0,"max_hp_loss":0,"event_name":"Liars Game","floor":11,"gold_loss":0,"cards_obtained":["Doubt"]}],"is_beta":true,"boss_relics":[],"items_purged_floors":[12],"is_endless":false,"potions_floor_spawned":[1,8,10,14],"killed_by":"Hexaghost","ascension_level":2}