{"gold_per_floor":[116,27,27,45,65,65,99,99,122,149,169,169,169,190,190,190],"floor_reached":16,"playtime":595,"items_purged":[],"score":220,"play_id":"54983cef-854d-4292-9efd-3f43bd88519a","local_time":"20181104172915","is_ascension_mode":true,"campfire_choices":[{"data":"Zap","floor":6.0,"key":"SMITH"},{"data":"Sunder","floor":12,"key":"SMITH"},{"floor":15,"key":"REST"}],"neow_cost":"NONE","seed_source_timestamp":22567098507188,"circlet_count":0,"master_deck":["AscendersBane","Strike_B","Strike_B","Strike_B","Strike_B","Defend_B","Defend_B","Defend_B","Defend_B","Zap+1","Dualcast","Ball Lightning","Glacier","Chaos","Sunder+1","Streamline","Creative AI"],"special_seed":0,"relics":["Cracked Core","PreservedInsect","Omamori","Lantern","DataDisk","Golden Idol"],"potions_floor_usage":[16],"damage_taken":[{"damage":14.0,"enemies":"Jaw Worm","floor":1.0,"turns":4.0},{"damage":12.0,"enemies":"Small Slimes","floor":4.0,"turns":2.0},{"damage":3.0,"enemies":"2 Louse","floor":5.0,"turns":3.0},{"damage":11.0,"enemies":"3 Sentries","floor":7.0,"turns":6.0},{"damage":3,"enemies":"Gremlin Nob","floor":10,"turns":3},{"damage":3,"enemies":"Exordium Wildlife","floor":11,"turns":3},{"damage":11,"enemies":"Gremlin Gang","floor":14,"turns":4},{"damage":26,"enemies":"Slime Boss","floor":16,"turns":6}],"seed_played":"-6135983644002776738","potions_obtained":[{"floor":4.0,"key":"PowerPotion"},{"floor":5.0,"key":"GamblersBrew"}],"is_trial":false,"path_per_floor":["M","$","?","M","M","R","E","?","T","E","M","R","?","M","R","B"],"character_chosen":"DEFECT","items_purchased":["Glacier"],"campfire_rested":1,"item_purchase_floors":[2],"current_hp_per_floor":[50,50,50,38,35,35,24,24,24,21,18,18,18,7,26,0],"gold":190,"neow_bonus":"RANDOM_COMMON_RELIC","is_prod":false,"is_daily":false,"chose_seed":false,"campfire_upgraded":2,"win_rate":0,"timestamp":1541323755,"path_taken":["M","$","?","M","M","R","E","?","T","E","M","R","?","?","R","BOSS"],"build_version":"2018-11-02","purchased_purges":0,"victory":false,"max_hp_per_floor":[71,71,71,71,71,71,71,71,71,71,71,71,64,64,64,64],"card_choices":[{"not_picked":["Leap","Stack"],"picked":"Ball Lightning","floor":1.0},{"not_picked":["Redo","Sweeping Beam","Compile Driver"],"picked":"SKIP","floor":4.0},{"not_picked":["Rebound","Stack","Go for the Eyes"],"picked":"SKIP","floor":5.0},{"not_picked":["Double Energy","Skim"],"picked":"Chaos","floor":7.0},{"not_picked":["Ball Lightning","Cold Snap"],"picked":"Sunder","floor":10},{"not_picked":["Compile Driver","Genetic Algorithm"],"picked":"Streamline","floor":11},{"not_picked":["Melter","Recycle"],"picked":"Creative AI","floor":14}],"player_experience":497857,"relics_obtained":[{"floor":7.0,"key":"Omamori"},{"floor":9,"key":"Lantern"},{"floor":10,"key":"DataDisk"}],"event_choices":[{"damage_healed":0.0,"max_hp_gain":0.0,"max_hp_loss":0.0,"gold_gain":0.0,"event_name":"Liars Game","player_choice":"Ignored","floor":3.0,"gold_loss":0.0,"damage_taken":0.0},{"damage_healed":0,"gold_gain":0,"player_choice":"Ignored","damage_taken":0,"max_hp_gain":0,"max_hp_loss":0,"event_name":"Shining Light","floor":8,"gold_loss":0},{"damage_healed":0,"gold_gain":0,"player_choice":"Lose Max HP","damage_taken":0,"relics_obtained":["Golden Idol"],"max_hp_gain":0,"max_hp_loss":7,"event_name":"Golden Idol","floor":13,"gold_loss":0}],"is_beta":true,"boss_relics":[],"items_purged_floors":[],"is_endless":false,"potions_floor_spawned":[4,5,7,10,14],"killed_by":"Slime Boss","ascension_level":20}