{"gold_per_floor":[14,14,189,209,25,25,37,37,37,49,49,64,75,0,0,0],"floor_reached":16,"playtime":670,"items_purged":["Doubt"],"score":92,"play_id":"15c7d980-eab8-4fdc-9f39-ae2e39d05312","local_time":"20190804081112","is_ascension_mode":false,"campfire_choices":[{"data":"Clothesline","floor":6,"key":"SMITH"},{"data":"Mind Blast","floor":8,"key":"SMITH"},{"data":"Whirlwind","floor":11,"key":"SMITH"},{"data":"Perfected Strike","floor":15,"key":"SMITH"}],"neow_cost":"NO_GOLD","seed_source_timestamp":1034645546284646,"circlet_count":0,"master_deck":["Strike_R","Strike_R","Strike_R","Strike_R","Strike_R","Defend_R","Defend_R","Defend_R","Bash","Pommel Strike","Clothesline+1","Whirlwind+1","Mind Blast+1","Cleave","Anger","Warcry+1","Dual Wield+1","Thunderclap","Warcry+1","Perfected Strike+1"],"relics":["Burning Blood","Peace Pipe","Toxic Egg 2"],"potions_floor_usage":[],"damage_taken":[{"damage":6,"enemies":"Cultist","floor":1,"turns":3},{"damage":8,"enemies":"Jaw Worm","floor":4,"turns":3},{"damage":3,"enemies":"Small Slimes","floor":7,"turns":3},{"damage":27,"enemies":"Exordium Thugs","floor":10,"turns":3},{"damage":8,"enemies":"Lots of Slimes","floor":12,"turns":2},{"damage":0,"enemies":"3 Louse","floor":13,"turns":2},{"damage":65,"enemies":"Hexaghost","floor":16,"turns":8}],"seed_played":"6332272993113359686","potions_obtained":[{"floor":4,"key":"Swift Potion"},{"floor":10,"key":"Swift Potion"},{"floor":12,"key":"Block Potion"},{"floor":13,"key":"PowerPotion"}],"is_trial":false,"path_per_floor":["M","?","?","M","$","R","M","R","T","M","R","M","M","$","R","B"],"character_chosen":"IRONCLAD","items_purchased":["Mind Blast","Cleave","Warcry+1","Perfected Strike"],"campfire_rested":0,"item_purchase_floors":[5,5,14,14],"current_hp_per_floor":[80,80,80,78,78,78,80,80,80,59,59,57,63,63,63,0],"gold":0,"neow_bonus":"ONE_RARE_RELIC","is_prod":false,"is_daily":false,"chose_seed":false,"campfire_upgraded":4,"win_rate":0.0,"timestamp":1564920672,"path_taken":["M","?","?","M","$","R","M","R","T","M","R","?","M","$","R","BOSS"],"build_version":"2019-06-28","purchased_purges":1,"victory":false,"max_hp_per_floor":[80,80,80,80,80,80,80,80,80,80,80,80,80,80,80,80],"card_choices":[{"not_picked":["True Grit","Reckless Charge"],"picked":"Pommel Strike","floor":1},{"not_picked":["Shrug It Off","Body Slam"],"picked":"Whirlwind","floor":4},{"not_picked":["Pommel Strike","Twin Strike"],"picked":"Anger","floor":7},{"not_picked":["Flame Barrier+1","Cleave"],"picked":"Warcry+1","floor":10},{"not_picked":["Demon Form","Iron Wave"],"picked":"Dual Wield+1","floor":12},{"not_picked":["Iron Wave","Corruption"],"picked":"Thunderclap","floor":13}],"player_experience":2066,"relics_obtained":[{"floor":9,"key":"Toxic Egg 2"}],"event_choices":[{"damage_healed":0,"gold_gain":0,"cards_transformed":["Defend_R"],"player_choice":"Change","damage_taken":0,"max_hp_gain":0,"max_hp_loss":0,"event_name":"Living Wall","floor":2,"gold_loss":0,"cards_obtained":["Clothesline"]},{"damage_healed":0,"gold_gain":175,"player_choice":"AGREE","damage_taken":0,"max_hp_gain":0,"max_hp_loss":0,"event_name":"Liars Game","floor":3,"gold_loss":0,"cards_obtained":["Doubt"]}],"is_beta":true,"boss_relics":[],"items_purged_floors":[5],"is_endless":false,"potions_floor_spawned":[4,10,12,13],"killed_by":"Hexaghost","ascension_level":0}