{"gold_per_floor":[118,130,130,305,53,82,82,108,108,124,124,139,139,158,158,263,263,277,289,308,308,308,308,325,255,279,308,321,347,357,6,6,105,105,123,472,472,176,191,223,223,299,323,340,340,358,393,409,409,409],"floor_reached":51,"playtime":2594,"items_purged":[],"score":1122,"play_id":"35940d21-81db-4be2-8f75-5e9589f97101","local_time":"20180724152559","is_ascension_mode":false,"campfire_choices":[{"data":"Feed","floor":7,"key":"SMITH"},{"data":"Pommel Strike","floor":11,"key":"SMITH"},{"data":"Infernal Blade","floor":13,"key":"SMITH"},{"data":"Perfected Strike","floor":15,"key":"SMITH"},{"data":"Limit Break","floor":23,"key":"SMITH"},{"floor":32,"key":"REST"},{"data":"Double Tap","floor":45,"key":"SMITH"},{"floor":49,"key":"REST"}],"neow_cost":"NONE","seed_source_timestamp":2159941755269,"circlet_count":0,"master_deck":["Strike_R+1","Strike_R+1","Strike_R+1","Strike_R+1","Strike_R+1","Defend_R+1","Defend_R+1","Defend_R+1","Defend_R+1","Bash","Infernal Blade+1","Flex","Doubt","Ghostly Armor","Feed+1","Carnage","Double Tap+1","Battle Trance","Pommel Strike+1","Seeing Red","Perfected Strike+1","Limit Break+1","Clash","Thunderclap","Disarm","Uppercut","Inflame","Perfected Strike","Flex+1","Thunderclap+1","Shrug It Off+1","Enlightenment","Offering","Twin Strike","Madness","Master of Strategy","Disarm+1","Second Wind","Dropkick","Flex+1","Spot Weakness","Warcry+1","Brutality+1"],"relics":["Burning Blood","Art of War","Dodecahedron","Pen Nib","Odd Mushroom","Red Skull","Sozu","Letter Opener","Ancient Tea Set","Mercury Hourglass","Centennial Puzzle","Orichalcum","Mark of Pain","Old Coin","Lantern","Shovel","Question Card","Strawberry","Frozen Egg 2"],"potions_floor_usage":[6,40,48,50],"damage_taken":[{"damage":1,"enemies":"Cultist","floor":1,"turns":3},{"damage":0,"enemies":"2 Louse","floor":2,"turns":2},{"damage":26,"enemies":"Lagavulin","floor":6,"turns":5},{"damage":36,"floor":8,"turns":5},{"damage":0,"enemies":"Small Slimes","floor":10,"turns":2},{"damage":0,"enemies":"3 Louse","floor":12,"turns":3},{"damage":13,"enemies":"2 Fungi Beasts","floor":14,"turns":4},{"damage":0,"enemies":"Slime Boss","floor":16,"turns":6},{"damage":5,"enemies":"3 Byrds","floor":18,"turns":6},{"damage":1,"enemies":"Chosen","floor":19,"turns":4},{"damage":0,"enemies":"Snecko","floor":20,"turns":2},{"damage":21,"enemies":"3 Cultists","floor":24,"turns":6},{"damage":27,"enemies":"Book of Stabbing","floor":27,"turns":5},{"damage":4,"enemies":"Centurion and Healer","floor":28,"turns":3},{"damage":30,"enemies":"Slavers","floor":29,"turns":5},{"damage":13,"enemies":"Snake Plant","floor":30,"turns":2},{"damage":21,"enemies":"Collector","floor":33,"turns":6},{"damage":16,"enemies":"Flame Bruiser 1 Orb","floor":35,"turns":3},{"damage":9,"floor":36,"turns":2},{"damage":4,"enemies":"Orb Walker","floor":39,"turns":2},{"damage":39,"enemies":"Giant Head","floor":40,"turns":7},{"damage":6,"floor":41,"turns":6},{"damage":1,"enemies":"Sphere and 2 Shapes","floor":44,"turns":3},{"damage":20,"enemies":"Spire Growth","floor":46,"turns":4},{"damage":14,"enemies":"2 Orb Walkers","floor":47,"turns":2},{"damage":11,"enemies":"Transient","floor":48,"turns":5},{"damage":82,"enemies":"Time Eater","floor":50,"turns":11}],"seed_played":"-2909314995561680091","potions_obtained":[{"floor":2,"key":"AttackPotion"},{"floor":6,"key":"Block Potion"},{"floor":10,"key":"LiquidBronze"},{"floor":14,"key":"Weak Potion"}],"is_trial":false,"path_per_floor":["M","M","T","?","$","E","R","?","T","M","R","M","R","M","R","B",null,"M","M","M","?","T","R","M","$","T","E","M","E","M","$","R","B",null,"M","?","$","$","M","E","?","T","T","M","R","M","E","M","R","B"],"character_chosen":"IRONCLAD","items_purchased":["Ghostly Armor","Feed","Carnage","Inflame","Orichalcum","Enlightenment","Madness","Master of Strategy"],"campfire_rested":2,"item_purchase_floors":[5,5,5,25,31,31,38,38],"current_hp_per_floor":[80,80,80,80,80,60,60,34,34,44,44,54,54,51,51,61,100,104,104,104,104,104,104,93,93,93,72,74,50,43,43,75,60,108,98,95,95,95,101,68,68,68,75,80,80,66,58,58,93,17],"gold":409,"neow_bonus":"RANDOM_COMMON_RELIC","is_prod":false,"is_daily":false,"chose_seed":false,"campfire_upgraded":6,"win_rate":0,"timestamp":1532417159,"path_taken":["M","M","?","?","$","E","R","?","T","?","R","M","R","M","R","BOSS","M","?","M","?","?","R","M","?","T","E","M","E","?","$","R","BOSS","M","?","?","$","?","E","?","?","T","M","R","M","E","M","R","BOSS"],"build_version":"2018-07-19v2","purchased_purges":0,"victory":true,"max_hp_per_floor":[80,80,80,80,80,80,80,84,84,88,88,92,92,96,96,100,100,104,104,104,104,104,104,108,108,108,108,108,108,108,108,108,108,108,108,108,108,108,112,112,112,112,119,119,119,119,119,119,119,119],"card_choices":[{"not_picked":["Sword Boomerang","Armaments"],"picked":"Infernal Blade","floor":1},{"not_picked":["Corruption","Blood for Blood"],"picked":"Flex","floor":2},{"not_picked":["Headbutt","Pommel Strike"],"picked":"Double Tap","floor":6},{"not_picked":["Fire Breathing","Sever Soul"],"picked":"Battle Trance","floor":8},{"not_picked":["Rampage","Armaments"],"picked":"Pommel Strike","floor":10},{"not_picked":["Pommel Strike","Dual Wield"],"picked":"Seeing Red","floor":12},{"not_picked":["Headbutt","Blood for Blood"],"picked":"Perfected Strike","floor":14},{"not_picked":["Reaper","Double Tap"],"picked":"Limit Break","floor":16},{"not_picked":["Battle Trance+1","Carnage"],"picked":"Clash","floor":18},{"not_picked":["Perfected Strike","Anger+1"],"picked":"Thunderclap","floor":19},{"not_picked":["Rupture","Burning Pact"],"picked":"Disarm","floor":20},{"not_picked":["Hemokinesis","Body Slam"],"picked":"Uppercut","floor":24},{"not_picked":["Bloodletting","Intimidate"],"picked":"Perfected Strike","floor":27},{"not_picked":["Warcry","Double Tap"],"picked":"Flex+1","floor":28},{"not_picked":["Pommel Strike","Wild Strike"],"picked":"Thunderclap+1","floor":29},{"not_picked":["Warcry","Blood for Blood"],"picked":"Shrug It Off+1","floor":30},{"not_picked":["Juggernaut","Immolate"],"picked":"Offering","floor":33},{"not_picked":["Dual Wield+1","Iron Wave"],"picked":"Twin Strike","floor":35},{"not_picked":["Sword Boomerang+1","Body Slam"],"picked":"Disarm+1","floor":39},{"not_picked":["Searing Blow+1","Cleave+1"],"picked":"Second Wind","floor":40},{"not_picked":["True Grit+1","Armaments"],"picked":"Dropkick","floor":41},{"not_picked":["Searing Blow+1","Disarm","Cleave"],"picked":"Flex+1","floor":44},{"not_picked":["Fire Breathing+1","Fiend Fire","Anger"],"picked":"Spot Weakness","floor":46},{"not_picked":["Thunderclap+1","Body Slam+1","Power Through"],"picked":"Warcry+1","floor":47},{"not_picked":["True Grit+1","Clothesline","Flex+1"],"picked":"Brutality+1","floor":48}],"player_experience":167971,"relics_obtained":[{"floor":3,"key":"Dodecahedron"},{"floor":6,"key":"Pen Nib"},{"floor":8,"key":"Odd Mushroom"},{"floor":9,"key":"Red Skull"},{"floor":22,"key":"Letter Opener"},{"floor":26,"key":"Ancient Tea Set"},{"floor":27,"key":"Mercury Hourglass"},{"floor":29,"key":"Centennial Puzzle"},{"floor":36,"key":"Old Coin"},{"floor":40,"key":"Lantern"},{"floor":41,"key":"Shovel"},{"floor":42,"key":"Question Card"},{"floor":43,"key":"Strawberry"},{"floor":47,"key":"Frozen Egg 2"}],"event_choices":[{"event_name":"Liars Game","player_choice":"agreed","floor":4,"damage_taken":0},{"event_name":"Mushrooms","player_choice":"Fought Mushrooms","floor":8,"damage_taken":0},{"event_name":"Back to Basics","player_choice":"Simplicity","floor":21,"damage_taken":0},{"event_name":"Mysterious Sphere","player_choice":"Fight","floor":36,"damage_taken":0},{"event_name":"MindBloom","player_choice":"Fight","floor":41,"damage_taken":0}],"is_beta":false,"boss_relics":[{"not_picked":["Busted Crown","Calling Bell"],"picked":"Sozu"},{"not_picked":["Runic Pyramid","Runic Cube"],"picked":"Mark of Pain"}],"items_purged_floors":[],"is_endless":false,"potions_floor_spawned":[2,6,10,14,16,20,24,28,30,35,39,46,48],"ascension_level":0}