{"gold_per_floor":[114,33,48,63,78,108,108,63,88,118,133,148,223,238,238,338,338,353,368,137,152,167,167,182,182,232,247,247,262,262],"floor_reached":30,"playtime":2477,"items_purged":[],"score":273,"play_id":"5107f62d-95bf-433d-a1c0-4ec3ce1ce9a4","local_time":"20190804222122","daily_mods":["Specialized","Green Cards","Lethality"],"is_ascension_mode":false,"campfire_choices":[{"data":"1","floor":7,"key":"LIFT"},{"floor":15,"key":"REST"},{"floor":23,"key":"REST"}],"neow_cost":"","seed_source_timestamp":0,"circlet_count":0,"master_deck":["Strike_R+1","Strike_R+1","Strike_R+1","Strike_R+1","Strike_R+1","Defend_R+1","Defend_R+1","Defend_R+1","Defend_R+1","Bash","Metallicize","Metallicize","Metallicize","Metallicize","Metallicize","Shrug It Off","Entrench","Dodge and Roll+1","Cloak And Dagger","Body Slam","Iron Wave","Inflame+1","Sentinel","Rage+1","Body Slam","Shrug It Off+1"],"special_seed":18113,"relics":["Black Blood","Girya","Red Skull","Frozen Egg 2","Strawberry","War Paint"],"potions_floor_usage":[],"damage_taken":[{"damage":1,"enemies":"Small Slimes","floor":1,"turns":5},{"damage":7,"enemies":"2 Louse","floor":3,"turns":5},{"damage":3,"enemies":"Jaw Worm","floor":4,"turns":5},{"damage":7,"enemies":"2 Fungi Beasts","floor":5,"turns":5},{"damage":9,"enemies":"Gremlin Nob","floor":6,"turns":5},{"damage":14,"enemies":"Lagavulin","floor":10,"turns":9},{"damage":29,"enemies":"Gremlin Gang","floor":11,"turns":7},{"damage":2,"enemies":"Red Slaver","floor":12,"turns":6},{"damage":2,"enemies":"Looter","floor":14,"turns":3},{"damage":48,"enemies":"The Guardian","floor":16,"turns":16},{"damage":5,"enemies":"Shell Parasite","floor":18,"turns":11},{"damage":15,"enemies":"Spheric Guardian","floor":19,"turns":8},{"damage":22,"enemies":"Snecko","floor":21,"turns":9},{"damage":40,"enemies":"Centurion and Healer","floor":22,"turns":10},{"damage":35,"enemies":"Sentry and Sphere","floor":24,"turns":10},{"damage":33,"enemies":"Shelled Parasite and Fungi","floor":27,"turns":6},{"damage":5,"enemies":"Snecko","floor":29,"turns":4},{"damage":28,"enemies":"Sentry and Sphere","floor":30,"turns":7}],"seed_played":"4943417397018078465","potions_obtained":[{"floor":1,"key":"SkillPotion"},{"floor":4,"key":"Weak Potion"},{"floor":11,"key":"Poison Potion"}],"is_trial":false,"path_per_floor":["M","$","M","M","M","E","R","$","T","E","M","M","?","M","R","B",null,"M","M","$","M","M","R","M","?","T","M","?","M","M"],"character_chosen":"IRONCLAD","items_purchased":["Entrench","Cloak And Dagger","Sentinel","Strawberry"],"campfire_rested":2,"item_purchase_floors":[2,8,20,20],"current_hp_per_floor":[80,80,79,80,79,76,76,76,76,68,45,49,38,42,66,24,80,80,75,82,70,40,66,41,41,41,18,18,23,0],"gold":262,"neow_bonus":"","is_prod":false,"is_daily":true,"chose_seed":false,"campfire_upgraded":0,"win_rate":0.0,"timestamp":1564975282,"path_taken":["M","$","M","M","M","E","R","$","T","E","M","M","?","M","R","BOSS","M","M","$","M","M","R","M","?","T","M","?","M","M"],"build_version":"2019-07-17","purchased_purges":0,"victory":false,"max_hp_per_floor":[80,80,80,80,80,80,80,80,80,80,80,80,80,80,80,80,80,80,80,87,87,87,87,87,87,87,87,87,87,87],"card_choices":[{"not_picked":["Masterful Stab","Outmaneuver"],"picked":"Shrug It Off","floor":1},{"not_picked":["Carnage","True Grit"],"picked":"Dodge and Roll","floor":3},{"not_picked":["Predator","Acrobatics","Anger"],"picked":"SKIP","floor":4},{"not_picked":["Clash","Clothesline","Dropkick"],"picked":"SKIP","floor":5},{"not_picked":["Havoc","Reflex","Clash"],"picked":"SKIP","floor":6},{"not_picked":["Rampage","Backstab","PiercingWail"],"picked":"SKIP","floor":10},{"not_picked":["Twin Strike","All Out Attack","Bane"],"picked":"SKIP","floor":11},{"not_picked":["Sucker Punch","Exhume"],"picked":"Body Slam","floor":12},{"not_picked":["Dagger Throw","Noxious Fumes+1"],"picked":"Iron Wave","floor":14},{"not_picked":["Perfected Strike","Uppercut","Headbutt"],"picked":"SKIP","floor":18},{"not_picked":["Dagger Throw","Pommel Strike"],"picked":"Inflame+1","floor":19},{"not_picked":["Backstab","Infernal Blade+1"],"picked":"Rage","floor":21},{"not_picked":["Bouncing Flask+1","Clash+1"],"picked":"Body Slam","floor":22},{"not_picked":["Quick Slash+1","Sword Boomerang","Corruption+1"],"picked":"SKIP","floor":24},{"not_picked":["PiercingWail","Skewer"],"picked":"Shrug It Off+1","floor":27},{"not_picked":["Tactician","Bane","Battle Trance"],"picked":"SKIP","floor":29}],"player_experience":87084,"relics_obtained":[{"floor":6,"key":"Girya"},{"floor":9,"key":"Red Skull"},{"floor":10,"key":"Frozen Egg 2"},{"floor":26,"key":"War Paint"}],"event_choices":[{"damage_healed":0,"gold_gain":75,"player_choice":"Gather Gold","damage_taken":11,"max_hp_gain":0,"max_hp_loss":0,"event_name":"World of Goop","floor":13,"gold_loss":0},{"damage_healed":0,"gold_gain":0,"player_choice":"Ignored","damage_taken":0,"max_hp_gain":0,"max_hp_loss":0,"event_name":"Ghosts","floor":25,"gold_loss":0},{"damage_healed":0,"gold_gain":0,"player_choice":"Simplicity","damage_taken":0,"max_hp_gain":0,"max_hp_loss":0,"event_name":"Back to Basics","floor":28,"gold_loss":0,"cards_upgraded":["Strike_R","Strike_R","Strike_R","Strike_R","Strike_R","Defend_R","Defend_R","Defend_R","Defend_R"]}],"is_beta":false,"boss_relics":[{"not_picked":["Calling Bell","Runic Cube"],"picked":"Black Blood"}],"items_purged_floors":[],"is_endless":false,"potions_floor_spawned":[1,4,11,14,18,24,29],"killed_by":"Sentry and Sphere","ascension_level":0}