{"gold_per_floor":[116,116,129,142,160,191,191,201,228,241,241,254,285,285,285,387,387,402,402,415,415,415,450,365,365],"floor_reached":25,"playtime":1151,"items_purged":[],"score":258,"play_id":"d7d7eea6-6c78-45f4-864f-b7b305086cd7","local_time":"20190805092502","is_ascension_mode":false,"campfire_choices":[{"data":"Impervious","floor":7,"key":"SMITH"},{"data":"Flex","floor":15,"key":"SMITH"}],"neow_cost":"NONE","seed_source_timestamp":1124989748863654,"circlet_count":0,"master_deck":["Strike_R","Strike_R","Strike_R","Strike_R","Strike_R","Defend_R","Defend_R","Defend_R","Defend_R","Bash","Battle Trance","Anger","Anger","Carnage","Impervious+1","Flex+1","Inflame","Whirlwind","Enlightenment","Intimidate","Flex+1","Anger","Heavy Blade"],"relics":["Velvet Choker","Pantograph","Bronze Scales","Anchor","Mark of Pain","Bag of Marbles","Girya","PreservedInsect"],"potions_floor_usage":[6,6,6,20],"damage_taken":[{"damage":1,"enemies":"Cultist","floor":1,"turns":4},{"damage":0,"enemies":"Small Slimes","floor":3,"turns":2},{"damage":0,"enemies":"2 Louse","floor":4,"turns":2},{"damage":0,"enemies":"Exordium Thugs","floor":5,"turns":4},{"damage":18,"enemies":"3 Sentries","floor":6,"turns":5},{"damage":0,"enemies":"2 Fungi Beasts","floor":8,"turns":2},{"damage":6,"enemies":"Large Slime","floor":10,"turns":4},{"damage":0,"enemies":"3 Louse","floor":12,"turns":3},{"damage":0,"enemies":"Gremlin Nob","floor":13,"turns":3},{"damage":73,"enemies":"The Guardian","floor":16,"turns":8},{"damage":21,"enemies":"Chosen","floor":18,"turns":5},{"damage":2,"enemies":"Shell Parasite","floor":20,"turns":3},{"damage":67,"enemies":"Slavers","floor":23,"turns":8},{"damage":24,"enemies":"Centurion and Healer","floor":25,"turns":5}],"seed_played":"6689280789790989650","potions_obtained":[{"floor":1,"key":"Weak Potion"},{"floor":4,"key":"Dexterity Potion"},{"floor":5,"key":"Fire Potion"},{"floor":8,"key":"Swift Potion"},{"floor":10,"key":"PowerPotion"},{"floor":11,"key":"FairyPotion"},{"floor":11,"key":"FairyPotion"}],"is_trial":false,"path_per_floor":["M","?","M","M","M","E","R","M","T","M","?","M","E","?","R","B",null,"M","?","M","?","?","E","?","M"],"character_chosen":"IRONCLAD","items_purchased":[],"campfire_rested":0,"item_purchase_floors":[],"current_hp_per_floor":[79,79,79,79,79,61,61,61,61,55,55,55,55,55,55,7,80,59,59,57,57,57,6,6,0],"gold":365,"neow_bonus":"BOSS_RELIC","is_prod":false,"is_daily":false,"chose_seed":false,"campfire_upgraded":2,"win_rate":0,"timestamp":1565011502,"path_taken":["M","?","M","M","M","E","R","M","T","?","?","?","E","?","R","BOSS","M","?","M","?","?","E","?","M"],"build_version":"2019-06-28","purchased_purges":0,"victory":false,"max_hp_per_floor":[80,80,80,80,80,80,80,80,80,80,80,80,80,80,80,80,80,80,80,80,80,80,80,80,80],"card_choices":[{"not_picked":["Reckless Charge","Clash"],"picked":"Battle Trance","floor":1},{"not_picked":["Cleave","Armaments"],"picked":"Anger","floor":3},{"not_picked":["Entrench","Sever Soul"],"picked":"Anger","floor":4},{"not_picked":["Cleave","Headbutt"],"picked":"Carnage","floor":5},{"not_picked":["Cleave","Bloodletting"],"picked":"Impervious","floor":6},{"not_picked":["Pommel Strike","Intimidate"],"picked":"Flex","floor":8},{"not_picked":["Shrug It Off","Headbutt"],"picked":"Inflame","floor":10},{"not_picked":["Flame Barrier","Twin Strike"],"picked":"Whirlwind","floor":12},{"not_picked":["Burning Pact","Rage","Dropkick"],"picked":"SKIP","floor":13},{"not_picked":["Sword Boomerang","Armaments"],"picked":"Flex+1","floor":18},{"not_picked":["Disarm","Blood for Blood"],"picked":"Anger","floor":20},{"not_picked":["Body Slam","Whirlwind"],"picked":"Heavy Blade","floor":23}],"player_experience":18950,"relics_obtained":[{"floor":6,"key":"Pantograph"},{"floor":9,"key":"Bronze Scales"},{"floor":13,"key":"Anchor"},{"floor":23,"key":"Girya"}],"event_choices":[{"damage_healed":0,"gold_gain":0,"player_choice":"Bought 0 Potions","damage_taken":0,"max_hp_gain":0,"max_hp_loss":0,"event_name":"The Woman in Blue","floor":2,"gold_loss":0},{"damage_healed":0,"gold_gain":0,"player_choice":"Got Potions","damage_taken":0,"max_hp_gain":0,"max_hp_loss":0,"event_name":"Lab","floor":11,"gold_loss":0},{"damage_healed":0,"gold_gain":0,"player_choice":"2 cards matched","damage_taken":0,"max_hp_gain":0,"max_hp_loss":0,"event_name":"Match and Keep!","floor":14,"gold_loss":0,"cards_obtained":["Enlightenment","Intimidate"]},{"damage_healed":0,"gold_gain":0,"player_choice":"Ignored","damage_taken":0,"max_hp_gain":0,"max_hp_loss":0,"event_name":"Vampires","floor":19,"gold_loss":0},{"damage_healed":0,"gold_gain":0,"player_choice":"Opened","damage_taken":0,"relics_obtained":["Bag of Marbles"],"max_hp_gain":0,"max_hp_loss":0,"event_name":"The Mausoleum","floor":21,"gold_loss":0},{"damage_healed":0,"gold_gain":0,"player_choice":"Ignored","damage_taken":0,"max_hp_gain":0,"max_hp_loss":0,"event_name":"Beggar","floor":22,"gold_loss":0},{"damage_healed":0,"gold_gain":0,"player_choice":"Obtained Relic","damage_taken":0,"relics_obtained":["PreservedInsect"],"max_hp_gain":0,"max_hp_loss":0,"event_name":"Addict","floor":24,"gold_loss":85}],"is_beta":true,"boss_relics":[{"not_picked":["Runic Cube","Fusion Hammer"],"picked":"Mark of Pain"}],"items_purged_floors":[],"is_endless":false,"potions_floor_spawned":[1,4,5,8,10],"killed_by":"Centurion and Healer","ascension_level":0}