{"gold_per_floor":[118,133,133,143,218,218,75,106,175,175,188,188,188,201,201,302,302,319,335,335,335,351,351,378,388,388,408,408,408,408],"floor_reached":30,"playtime":1320,"items_purged":["Defend_R"],"score":275,"play_id":"cf20c489-1e9d-4230-93a4-8618f4888e19","local_time":"20180811110102","is_ascension_mode":true,"campfire_choices":[{"data":"Bash","floor":6.0,"key":"SMITH"},{"data":"Whirlwind","floor":10.0,"key":"SMITH"},{"data":"Infernal Blade","floor":15.0,"key":"SMITH"},{"data":"Flame Barrier","floor":23,"key":"SMITH"},{"data":"Inflame","floor":28,"key":"SMITH"}],"neow_cost":"NONE","seed_source_timestamp":0,"circlet_count":0,"master_deck":["Strike_R","Strike_R","Strike_R+1","Defend_R","Defend_R","Defend_R+1","Bash+1","Flex+1","Shrug It Off","Headbutt+1","Infernal Blade+1","Whirlwind+1","Demon Form","Flame Barrier+1","Offering","Clothesline","Heavy Blade","Double Tap","Inflame+1","Rage+1"],"special_seed":0,"relics":["Burning Blood","Whetstone","Mummified Hand","Coffee Dripper","Orichalcum","War Paint","Enchiridion"],"potions_floor_usage":[16,18,22,24,30],"damage_taken":[{"damage":1.0,"enemies":"Cultist","floor":1.0,"turns":3.0},{"damage":0.0,"enemies":"Small Slimes","floor":2.0,"turns":4.0},{"damage":9.0,"enemies":"Jaw Worm","floor":4.0,"turns":4.0},{"damage":28.0,"enemies":"Lagavulin","floor":8.0,"turns":6.0},{"damage":6.0,"enemies":"Red Slaver","floor":11.0,"turns":2.0},{"damage":0.0,"enemies":"3 Louse","floor":14.0,"turns":2.0},{"damage":31,"enemies":"The Guardian","floor":16,"turns":10},{"damage":10,"enemies":"Spheric Guardian","floor":18,"turns":4},{"damage":9,"enemies":"Chosen","floor":19,"turns":3},{"damage":15,"enemies":"Snake Plant","floor":22,"turns":3},{"damage":24,"enemies":"Book of Stabbing","floor":24,"turns":4},{"damage":19,"enemies":"Centurion and Healer","floor":25,"turns":5},{"damage":7,"enemies":"Chosen and Byrds","floor":27,"turns":4},{"damage":19,"enemies":"Gremlin Leader","floor":30,"turns":3}],"seed_played":"-1712859533635234091","potions_obtained":[{"floor":2.0,"key":"SkillPotion"},{"floor":3.0,"key":"Fire Potion"},{"floor":3.0,"key":"Block Potion"},{"floor":16,"key":"BloodPotion"},{"floor":18,"key":"SpeedPotion"},{"floor":25,"key":"AttackPotion"}],"is_trial":false,"path_per_floor":["M","M","?","M","?","R","$","E","T","R","M","?","?","M","R","B",null,"M","M","?","?","M","R","E","M","T","M","R","?"],"character_chosen":"IRONCLAD","items_purchased":["Infernal Blade"],"campfire_rested":0,"item_purchase_floors":[7],"current_hp_per_floor":[80,80,80,77,66,66,66,44,44,44,44,44,49,55,55,30,85,81,81,64,64,64,64,46,33,33,32,32,16,0],"gold":408,"neow_bonus":"REMOVE_CARD","is_prod":false,"is_daily":false,"chose_seed":false,"campfire_upgraded":5,"win_rate":0,"timestamp":1533956462,"path_taken":["M","?","?","M","?","R","$","E","T","R","M","?","?","M","R","BOSS","M","?","?","?","M","R","E","M","T","M","R","?","E"],"build_version":"2018-08-09","purchased_purges":1,"victory":false,"max_hp_per_floor":[80,80,80,80,80,80,80,80,80,80,80,80,85,85,85,85,85,85,88,93,93,93,93,93,93,93,93,93,93,93],"card_choices":[{"not_picked":["Havoc","Body Slam"],"picked":"Flex","floor":1.0},{"not_picked":["Headbutt","Carnage"],"picked":"Shrug It Off","floor":2.0},{"not_picked":["Bloodletting","Rupture"],"picked":"Headbutt","floor":4.0},{"not_picked":["Shockwave","Thunderclap"],"picked":"Whirlwind","floor":8.0},{"not_picked":["Thunderclap","Shrug It Off"],"picked":"Demon Form","floor":11.0},{"not_picked":["Warcry","Perfected Strike"],"picked":"Flame Barrier","floor":14.0},{"not_picked":["Juggernaut","Exhume"],"picked":"Offering","floor":16},{"not_picked":["Fire Breathing","Havoc+1"],"picked":"Clothesline","floor":18},{"not_picked":["Headbutt","Anger"],"picked":"Heavy Blade","floor":19},{"not_picked":["Whirlwind+1","Iron Wave","Wild Strike"],"picked":"SKIP","floor":22},{"not_picked":["Sentinel","Hemokinesis","Carnage"],"picked":"SKIP","floor":24},{"not_picked":["Corruption+1","Rupture"],"picked":"Inflame","floor":25},{"not_picked":["Dual Wield","Battle Trance"],"picked":"Rage+1","floor":27}],"player_experience":227872,"relics_obtained":[{"floor":8.0,"key":"Whetstone"},{"floor":9.0,"key":"Mummified Hand"},{"floor":24,"key":"Orichalcum"},{"floor":26,"key":"War Paint"},{"floor":29,"key":"Enchiridion"}],"event_choices":[{"event_name":"The Lab","player_choice":"Got Potions","floor":3.0,"damage_taken":0.0},{"event_name":"World of Goop","player_choice":"Gather Gold","floor":5.0,"damage_taken":0.0},{"event_name":"Bonfire Elementals","player_choice":"BASIC","floor":12.0,"damage_taken":0.0},{"event_name":"Big Fish","player_choice":"Donut","floor":13.0,"damage_taken":0.0},{"event_name":"Forgotten Altar","player_choice":"Shed Blood","floor":20,"damage_taken":0},{"event_name":"The Library","player_choice":"Read","floor":21,"damage_taken":0},{"event_name":"Cursed Tome","player_choice":"Obtained Book","floor":29,"damage_taken":0}],"is_beta":false,"boss_relics":[{"not_picked":["Velvet Choker","White Beast Statue"],"picked":"Coffee Dripper"}],"items_purged_floors":[7],"is_endless":false,"potions_floor_spawned":[2,11,16,18,25],"killed_by":"Gremlin Leader","ascension_level":2}