{"gold_per_floor":[112,127,140,140,157,157,182,182,209,1,14,28,28,48,48,122,122,135,149,349,27,41,41,60,60],"floor_reached":25,"playtime":767,"items_purged":["Strike_G","Strike_G"],"score":373,"play_id":"f1c16d75-4780-4490-8602-a71a85cdec0f","local_time":"20181107173931","is_ascension_mode":true,"campfire_choices":[{"data":"Flechettes","floor":6,"key":"SMITH"},{"data":"Neutralize","floor":8,"key":"SMITH"},{"data":"Deadly Poison","floor":15,"key":"SMITH"},{"data":"Malaise","floor":23,"key":"SMITH"}],"neow_cost":"NONE","seed_source_timestamp":4678630275880,"circlet_count":0,"master_deck":["AscendersBane","Defend_G","Defend_G","Defend_G","Defend_G","Defend_G","Strike_G","Strike_G","Strike_G","Survivor","Neutralize+1","Terror","Choke","Flechettes+1","Dagger Spray","Adrenaline","Deadly Poison+1","Crippling Poison","Malaise+1","Backstab","Catalyst"],"relics":["Ring of the Snake","NeowsBlessing","Bag of Marbles","Smiling Mask","Art of War","Eternal Feather","Matryoshka"],"potions_floor_usage":[7,19],"damage_taken":[{"damage":0,"enemies":"Jaw Worm","floor":1,"turns":1},{"damage":0,"enemies":"Cultist","floor":2,"turns":1},{"damage":0,"enemies":"Small Slimes","floor":3,"turns":1},{"damage":7,"enemies":"2 Fungi Beasts","floor":5,"turns":5},{"damage":25,"enemies":"Lagavulin","floor":7,"turns":5},{"damage":0,"enemies":"Exordium Wildlife","floor":11,"turns":2},{"damage":0,"enemies":"Blue Slaver","floor":12,"turns":1},{"damage":0,"enemies":"2 Fungi Beasts","floor":14,"turns":1},{"damage":14,"enemies":"Hexaghost","floor":16,"turns":10},{"damage":12,"enemies":"Chosen","floor":18,"turns":5},{"damage":6,"enemies":"Spheric Guardian","floor":19,"turns":5},{"damage":15,"enemies":"Cultist and Chosen","floor":22,"turns":5},{"damage":29,"enemies":"Shelled Parasite and Fungi","floor":24,"turns":7},{"damage":1,"enemies":"Chosen and Byrds","floor":25,"turns":1}],"seed_played":"-2744945993386371341","potions_obtained":[{"floor":1,"key":"GamblersBrew"},{"floor":3,"key":"Poison Potion"},{"floor":12,"key":"Fire Potion"},{"floor":14,"key":"Weak Potion"},{"floor":24,"key":"LiquidBronze"}],"is_trial":false,"path_per_floor":["M","M","M","?","M","R","E","R","T","$","M","M","?","M","R","B",null,"M","M","?","$","M","R","M","M"],"character_chosen":"THE_SILENT","items_purchased":["Adrenaline","Matryoshka"],"campfire_rested":0,"item_purchase_floors":[10,21],"current_hp_per_floor":[59,59,59,50,43,43,18,18,18,18,18,18,18,18,18,4,51,39,33,33,33,18,30,1,0],"gold":60,"neow_bonus":"THREE_ENEMY_KILL","is_prod":false,"is_daily":false,"chose_seed":false,"campfire_upgraded":4,"win_rate":0,"timestamp":1541583571,"path_taken":["M","M","M","?","M","R","E","R","T","?","M","?","?","M","R","BOSS","M","?","?","$","M","R","?","M"],"build_version":"2018-11-05","purchased_purges":2,"victory":false,"max_hp_per_floor":[66,66,66,66,66,66,66,66,66,66,66,66,66,66,66,66,66,66,66,66,66,66,66,66,66],"card_choices":[{"not_picked":["Bane","Reflex"],"picked":"Terror","floor":1},{"not_picked":["Acrobatics","Prepared","Endless Agony"],"picked":"SKIP","floor":2},{"not_picked":["Concentrate","Prepared"],"picked":"Choke","floor":3},{"not_picked":["Bane","Cloak And Dagger"],"picked":"Flechettes","floor":5},{"not_picked":["Backflip","Blur"],"picked":"Dagger Spray","floor":7},{"not_picked":["Caltrops","Dodge and Roll"],"picked":"Deadly Poison","floor":11},{"not_picked":["Choke","Quick Slash"],"picked":"Crippling Poison","floor":12},{"not_picked":["Eviscerate","Wraith Form v2","Riddle With Holes"],"picked":"SKIP","floor":14},{"not_picked":["A Thousand Cuts","Envenom"],"picked":"Malaise","floor":16},{"not_picked":["Sucker Punch","Backflip","Acrobatics"],"picked":"SKIP","floor":18},{"not_picked":["Outmaneuver","Slice","Deadly Poison"],"picked":"SKIP","floor":19},{"not_picked":["Cloak And Dagger","Acrobatics"],"picked":"Backstab","floor":22},{"not_picked":["Underhanded Strike","Storm of Steel"],"picked":"Catalyst","floor":24}],"player_experience":511786,"relics_obtained":[{"floor":7,"key":"Bag of Marbles"},{"floor":9,"key":"Smiling Mask"}],"event_choices":[{"damage_healed":0,"gold_gain":0,"player_choice":"Damaged","damage_taken":9,"max_hp_gain":0,"max_hp_loss":0,"event_name":"Wheel of Change","floor":4,"gold_loss":0},{"damage_healed":0,"gold_gain":0,"player_choice":"Gave Potion","damage_taken":0,"relics_obtained":["Art of War"],"max_hp_gain":0,"max_hp_loss":0,"event_name":"WeMeetAgain","floor":13,"gold_loss":0},{"damage_healed":0,"gold_gain":200,"player_choice":"Gold","damage_taken":0,"max_hp_gain":0,"max_hp_loss":0,"event_name":"Wheel of Change","floor":20,"gold_loss":0}],"is_beta":true,"boss_relics":[{"not_picked":["Fusion Hammer","Busted Crown"],"picked":"Eternal Feather"}],"items_purged_floors":[10,21],"is_endless":false,"potions_floor_spawned":[1,3,12,14,16,24],"killed_by":"Chosen and Byrds","ascension_level":16}