{"gold_per_floor":[110,35,210,224,224,254,266,306,343,369,416,428,455,467,479,491],"floor_reached":16,"playtime":462,"items_purged":["Strike_R"],"score":200,"play_id":"e60445a0-edd9-4ae4-a86f-c385d67b3982","local_time":"20181014182853","is_ascension_mode":true,"campfire_choices":[{"data":"Carnage","floor":7,"key":"SMITH"},{"data":"Perfected Strike","floor":12,"key":"SMITH"},{"data":"Perfected Strike","floor":15,"key":"SMITH"}],"neow_cost":"NONE","seed_source_timestamp":882874995689,"circlet_count":0,"master_deck":["Strike_R","Strike_R","Strike_R+1","Strike_R","Defend_R","Defend_R","Defend_R","Defend_R","Bash","Disarm+1","Doubt","Carnage+1","Burning Pact","Perfected Strike+1","Exhume","Perfected Strike+1","Parasite"],"relics":["Burning Blood","NeowsBlessing","MawBank","Dream Catcher","Oddly Smooth Stone","Blood Vial"],"potions_floor_usage":[8,11,16],"damage_taken":[{"damage":0,"enemies":"Jaw Worm","floor":1,"turns":1},{"damage":0,"enemies":"2 Louse","floor":4,"turns":1},{"damage":0,"enemies":"3 Sentries","floor":6,"turns":2},{"damage":46,"enemies":"Lagavulin","floor":8,"turns":8},{"damage":14,"enemies":"Small Slimes","floor":10,"turns":4},{"damage":8,"enemies":"3 Sentries","floor":11,"turns":9},{"damage":15,"enemies":"Blue Slaver","floor":13,"turns":3},{"damage":37,"enemies":"Hexaghost","floor":16,"turns":12}],"seed_played":"-752344264994487943","potions_obtained":[{"floor":6,"key":"Explosive Potion"},{"floor":8,"key":"Block Potion"},{"floor":13,"key":"Poison Potion"}],"is_trial":false,"path_per_floor":["M","$","?","M","?","E","R","E","T","M","E","R","M","?","R"],"character_chosen":"IRONCLAD","items_purchased":[],"campfire_rested":0,"item_purchase_floors":[],"current_hp_per_floor":[78,78,78,80,64,70,70,30,30,22,20,20,13,33,33,0],"gold":491,"neow_bonus":"THREE_ENEMY_KILL","is_prod":false,"is_daily":false,"chose_seed":false,"campfire_upgraded":3,"win_rate":0,"timestamp":1539512933,"path_taken":["M","$","?","M","?","E","R","E","T","M","E","R","M","?","R","BOSS"],"build_version":"2018-10-11","purchased_purges":1,"victory":false,"max_hp_per_floor":[80,80,80,80,80,80,80,80,80,80,80,80,80,80,80,80],"card_choices":[{"not_picked":["Armaments","Sword Boomerang"],"picked":"Disarm","floor":1},{"not_picked":["Sentinel","Corruption"],"picked":"Carnage","floor":4},{"not_picked":["Flex","Heavy Blade"],"picked":"Burning Pact","floor":6},{"not_picked":["Power Through","Havoc"],"picked":"Perfected Strike","floor":8},{"not_picked":["Body Slam","Sword Boomerang","Hemokinesis"],"picked":"SKIP","floor":10},{"not_picked":["True Grit","Clash"],"picked":"Exhume","floor":11},{"not_picked":["Inflame","Ghostly Armor"],"picked":"Perfected Strike","floor":13}],"player_experience":442607,"relics_obtained":[{"floor":6,"key":"MawBank"},{"floor":8,"key":"Dream Catcher"},{"floor":9,"key":"Oddly Smooth Stone"},{"floor":11,"key":"Blood Vial"}],"event_choices":[{"event_name":"Liars Game","player_choice":"agreed","floor":3,"damage_taken":0},{"event_name":"Shining Light","player_choice":"Entered Light","floor":5,"damage_taken":0},{"event_name":"Mushrooms","player_choice":"Healed and dodged fight","floor":14,"damage_taken":0}],"is_beta":true,"boss_relics":[],"items_purged_floors":[2],"is_endless":false,"potions_floor_spawned":[6,8,13],"killed_by":"Hexaghost","ascension_level":8}