{"gold_per_floor":[118,118,137,212,227,252,252,262,262,296,314,338,338],"floor_reached":13,"playtime":1482,"items_purged":[],"score":190,"play_id":"222b8f90-defa-4bb5-891d-42c0acd35a50","local_time":"20181104124300","is_ascension_mode":true,"campfire_choices":[{"floor":7,"key":"REST"}],"neow_cost":"NONE","seed_source_timestamp":4533853650416,"circlet_count":0,"master_deck":["AscendersBane","Strike_B","Strike_B","Strike_B","Strike_B","Defend_B","Defend_B","Defend_B","Defend_B","Zap","Dualcast","Capacitor","Loop","Auto Shields","Seek","Streamline","Rebound","Leap"],"relics":["Cracked Core","NeowsBlessing","The Courier","Darkstone Periapt","Kunai","Bag of Preparation"],"potions_floor_usage":[6,10,13],"damage_taken":[{"damage":0,"enemies":"Cultist","floor":1,"turns":1},{"damage":0,"enemies":"Jaw Worm","floor":3,"turns":1},{"damage":0,"enemies":"2 Louse","floor":5,"turns":1},{"damage":35,"enemies":"3 Sentries","floor":6,"turns":8},{"damage":10,"enemies":"Blue Slaver","floor":8,"turns":3},{"damage":14,"enemies":"Lagavulin","floor":10,"turns":8},{"damage":0,"enemies":"Red Slaver","floor":11,"turns":3},{"damage":6,"enemies":"Gremlin Nob","floor":13,"turns":2}],"seed_played":"3351785321053910891","potions_obtained":[{"floor":1,"key":"Strength Potion"},{"floor":8,"key":"SpeedPotion"},{"floor":10,"key":"SneckoOil"}],"is_trial":false,"path_per_floor":["M","?","M","?","M","E","R","M","T","E","M","T","E"],"character_chosen":"DEFECT","items_purchased":[],"campfire_rested":1,"item_purchase_floors":[],"current_hp_per_floor":[64,54,54,43,43,8,29,19,19,5,5,5,0],"gold":338,"neow_bonus":"THREE_ENEMY_KILL","is_prod":false,"is_daily":false,"chose_seed":false,"campfire_upgraded":0,"win_rate":0,"timestamp":1541306580,"path_taken":["M","?","?","?","M","E","R","M","T","E","M","?","E"],"build_version":"2018-11-02","purchased_purges":0,"victory":false,"max_hp_per_floor":[71,71,71,71,71,71,71,71,71,71,71,71,71],"card_choices":[{"not_picked":["Rip and Tear","Loop"],"picked":"Capacitor","floor":1},{"not_picked":["Turbo","Go for the Eyes"],"picked":"Loop","floor":3},{"not_picked":["Beam Cell","Coolheaded"],"picked":"Auto Shields","floor":5},{"not_picked":["Capacitor","Force Field"],"picked":"Seek","floor":6},{"not_picked":["Beam Cell","Force Field"],"picked":"Streamline","floor":8},{"not_picked":["Blizzard","Hologram"],"picked":"Rebound","floor":10},{"not_picked":["Sweeping Beam","Steam"],"picked":"Leap","floor":11}],"player_experience":493763,"relics_obtained":[{"floor":6,"key":"The Courier"},{"floor":9,"key":"Darkstone Periapt"},{"floor":10,"key":"Kunai"},{"floor":12,"key":"Bag of Preparation"}],"event_choices":[{"damage_healed":0,"gold_gain":0,"player_choice":"Damaged","damage_taken":10,"max_hp_gain":0,"max_hp_loss":0,"event_name":"Wheel of Change","floor":2,"gold_loss":0},{"damage_healed":0,"gold_gain":75,"player_choice":"Gather Gold","damage_taken":11,"max_hp_gain":0,"max_hp_loss":0,"event_name":"World of Goop","floor":4,"gold_loss":0}],"is_beta":true,"boss_relics":[],"items_purged_floors":[],"is_endless":false,"potions_floor_spawned":[1,8,10],"killed_by":"Gremlin Nob","ascension_level":20}