{"gold_per_floor":[13,288,306,43,43,43,79,168,239,239,289,345,357,494,506,616,628,678,740,768,830,879,891,946,958,997,1052,1064],"floor_reached":28,"playtime":841,"items_purged":["Regret"],"score":545,"play_id":"c57146a3-207f-45ac-9618-8f3affaa3185","local_time":"20190130091401","is_ascension_mode":true,"campfire_choices":[{"data":"HandOfGreed","floor":6.0,"key":"SMITH"},{"data":"Tempest","floor":10.0,"key":"SMITH"},{"data":"Fission","floor":13.0,"key":"SMITH"},{"floor":15.0,"key":"REST"},{"data":"Double Energy","floor":23.0,"key":"SMITH"},{"data":"Capacitor","floor":25.0,"key":"SMITH"}],"neow_cost":"NO_GOLD","seed_source_timestamp":5936143081102,"circlet_count":0,"master_deck":["AscendersBane","Strike_B","Defend_B","Defend_B","Defend_B","Defend_B","Zap","Dualcast","Biased Cognition","Consume","Tempest+1","HandOfGreed+1","Fission+1","Ball Lightning","Capacitor+1","Hyperbeam+1","Thunder Strike+1","Multi-Cast+1","Chill","Self Repair","Undo","Double Energy+1","Loop+1","Core Surge"],"special_seed":0,"relics":["Cracked Core","SsserpentHead","Sundial","MawBank","Astrolabe","Oddly Smooth Stone"],"potions_floor_usage":[28],"damage_taken":[{"damage":2.0,"enemies":"Jaw Worm","floor":1.0,"turns":3.0},{"damage":0.0,"enemies":"Cultist","floor":3.0,"turns":2.0},{"damage":0.0,"enemies":"2 Louse","floor":7.0,"turns":2.0},{"damage":17.0,"enemies":"Lots of Slimes","floor":8.0,"turns":5.0},{"damage":4.0,"enemies":"2 Fungi Beasts","floor":12.0,"turns":4.0},{"damage":0.0,"enemies":"Slime Boss","floor":16.0,"turns":4.0},{"damage":0.0,"enemies":"Spheric Guardian","floor":18.0,"turns":2.0},{"damage":2.0,"enemies":"Chosen","floor":20.0,"turns":3.0},{"damage":18.0,"enemies":"3 Cultists","floor":22.0,"turns":4.0},{"damage":17.0,"enemies":"Centurion and Healer","floor":24.0,"turns":4.0},{"damage":20.0,"enemies":"Snake Plant","floor":27.0,"turns":4.0},{"damage":30,"enemies":"Cultist and Chosen","floor":28,"turns":3}],"seed_played":"2316511154565461295","potions_obtained":[{"floor":1.0,"key":"PowerPotion"},{"floor":12.0,"key":"Dexterity Potion"},{"floor":20.0,"key":"PowerPotion"},{"floor":24.0,"key":"Strength Potion"}],"is_trial":false,"path_per_floor":["M","?","M","$","?","R","M","M","T","R","?","M","R","?","R","B",null,"M","?","M","?","M","R","M","R","T","M","M"],"character_chosen":"DEFECT","items_purchased":["HandOfGreed"],"campfire_rested":1,"item_purchase_floors":[4],"current_hp_per_floor":[62,62,62,62,62,62,62,45,45,45,34,30,30,19,40,40,63,63,63,61,61,50,50,40,40,40,27,0],"gold":1064,"neow_bonus":"THREE_RARE_CARDS","is_prod":false,"is_daily":false,"chose_seed":false,"campfire_upgraded":5,"win_rate":0,"timestamp":1548810841,"path_taken":["M","?","?","$","?","R","M","?","T","R","?","M","R","?","R","BOSS","M","?","M","?","M","R","M","R","T","M","M"],"build_version":"2019-01-23","purchased_purges":1,"victory":false,"max_hp_per_floor":[71,71,71,71,71,71,71,71,71,71,71,71,71,71,71,71,71,71,71,71,71,71,71,71,71,71,71,71],"card_choices":[{"not_picked":["Fission","Seek"],"picked":"Biased Cognition","floor":0.0},{"not_picked":["Streamline","Steam"],"picked":"Consume","floor":1.0},{"not_picked":["Redo","Stack"],"picked":"Tempest","floor":3.0},{"not_picked":["Conserve Battery","Aggregate"],"picked":"Fission","floor":7.0},{"not_picked":["Barrage","Turbo","Ball Lightning"],"picked":"SKIP","floor":8.0},{"not_picked":["Barrage","Turbo"],"picked":"Ball Lightning","floor":8.0},{"not_picked":["Redo","Go for the Eyes"],"picked":"Capacitor","floor":12.0},{"not_picked":["Cold Snap","Lockon","Chill"],"picked":"SKIP","floor":18.0},{"not_picked":["Cold Snap","Lockon"],"picked":"Chill","floor":18.0},{"not_picked":["Melter+1","Hologram"],"picked":"Self Repair","floor":20.0},{"not_picked":["Turbo","Go for the Eyes+1"],"picked":"Double Energy","floor":22.0},{"not_picked":["Steam","Tempest"],"picked":"Loop+1","floor":24.0},{"not_picked":["Hologram","Leap"],"picked":"Core Surge","floor":27.0}],"player_experience":727041,"relics_obtained":[{"floor":9.0,"key":"Sundial"},{"floor":26.0,"key":"Oddly Smooth Stone"}],"event_choices":[{"damage_healed":0.0,"max_hp_gain":0.0,"max_hp_loss":0.0,"gold_gain":275.0,"event_name":"Golden Shrine","player_choice":"Desecrate","floor":2.0,"gold_loss":0.0,"damage_taken":0.0,"cards_obtained":["Regret"]},{"damage_healed":0.0,"max_hp_gain":0.0,"max_hp_loss":0.0,"gold_gain":0.0,"event_name":"FaceTrader","player_choice":"Trade","floor":5.0,"gold_loss":0.0,"damage_taken":0.0,"relics_obtained":["SsserpentHead"]},{"damage_healed":0.0,"max_hp_gain":0.0,"max_hp_loss":0.0,"gold_gain":0.0,"event_name":"Scrap Ooze","player_choice":"Success","floor":11.0,"gold_loss":0.0,"damage_taken":11.0,"relics_obtained":["MawBank"]},{"damage_healed":0.0,"max_hp_gain":0.0,"max_hp_loss":0.0,"gold_gain":75.0,"event_name":"World of Goop","player_choice":"Gather Gold","floor":14.0,"gold_loss":0.0,"damage_taken":11.0},{"damage_healed":0.0,"max_hp_gain":0.0,"max_hp_loss":0.0,"gold_gain":0.0,"event_name":"The Mausoleum","player_choice":"Ignored","floor":19.0,"gold_loss":0.0,"damage_taken":0.0},{"damage_healed":0.0,"max_hp_gain":0.0,"max_hp_loss":0.0,"gold_gain":0.0,"event_name":"The Library","player_choice":"Read","floor":21.0,"gold_loss":0.0,"damage_taken":0.0,"cards_obtained":["Undo"]}],"is_beta":true,"boss_relics":[{"not_picked":["Pandora\u0027s Box","Coffee Dripper"],"picked":"Astrolabe"}],"items_purged_floors":[4],"is_endless":false,"potions_floor_spawned":[1,12,20,24],"killed_by":"Cultist and Chosen","ascension_level":20}