{"gold_per_floor":[118,68,84,98,115,115,141,141,168,168,179,189,189,199,199,301,301,314,314,314,314,229,229,264,280,280,299,224,254,28,40,40,40],"floor_reached":33,"playtime":2167,"items_purged":["Defend_B"],"score":316,"play_id":"7fb8c97e-fde7-4024-b890-d85c5799bde3","local_time":"20190810024339","is_ascension_mode":true,"campfire_choices":[{"data":"Hyperbeam","floor":6,"key":"SMITH"},{"data":"Dualcast","floor":8,"key":"SMITH"},{"data":"Auto Shields","floor":13,"key":"SMITH"},{"data":"Capacitor","floor":15,"key":"SMITH"},{"data":"Echo Form","floor":23,"key":"SMITH"},{"data":"Turbo","floor":32,"key":"SMITH"}],"neow_cost":"NONE","seed_source_timestamp":455467556839918,"circlet_count":0,"master_deck":["Defend_B+1","Defend_B","Defend_B","Zap+1","Dualcast+1","Conserve Battery+1","Hyperbeam+1","Steam","FTL+1","Auto Shields+1","Capacitor+1","Echo Form+1","Aggregate","Go for the Eyes","Hologram","Turbo+1","Scrape"],"relics":["Cracked Core","War Paint","Orichalcum","Nuclear Battery","Bronze Scales","Gambling Chip","Matryoshka","Mummified Hand","Membership Card"],"potions_floor_usage":[16,24,29,33,33],"damage_taken":[{"damage":0,"enemies":"2 Louse","floor":1,"turns":1},{"damage":0,"enemies":"Jaw Worm","floor":3,"turns":3},{"damage":0,"enemies":"Cultist","floor":4,"turns":3},{"damage":0,"enemies":"Gremlin Gang","floor":5,"turns":1},{"damage":38,"enemies":"Lagavulin","floor":7,"turns":9},{"damage":4,"enemies":"Large Slime","floor":11,"turns":4},{"damage":0,"enemies":"2 Fungi Beasts","floor":12,"turns":2},{"damage":0,"enemies":"3 Louse","floor":14,"turns":1},{"damage":30,"enemies":"Slime Boss","floor":16,"turns":12},{"damage":8,"enemies":"3 Byrds","floor":18,"turns":6},{"damage":8,"enemies":"Book of Stabbing","floor":24,"turns":5},{"damage":4,"enemies":"2 Thieves","floor":25,"turns":2},{"damage":3,"enemies":"Centurion and Healer","floor":27,"turns":3},{"damage":10,"enemies":"Gremlin Leader","floor":29,"turns":6},{"damage":8,"enemies":"Shelled Parasite and Fungi","floor":31,"turns":2},{"damage":54,"enemies":"Automaton","floor":33,"turns":6}],"seed_played":"4673831401688607356","potions_obtained":[{"floor":7,"key":"Fire Potion"},{"floor":12,"key":"SpeedPotion"},{"floor":16,"key":"FearPotion"},{"floor":24,"key":"Weak Potion"},{"floor":31,"key":"LiquidBronze"}],"is_trial":false,"path_per_floor":["M","?","M","M","M","R","E","R","T","?","M","M","R","M","R","B",null,"M","?","?","?","?","R","E","M","T","M","$","E","$","M","R","B"],"character_chosen":"DEFECT","items_purchased":["Membership Card","Scrape"],"campfire_rested":0,"item_purchase_floors":[30,30],"current_hp_per_floor":[75,75,75,75,75,75,37,37,37,37,33,33,33,33,33,3,75,67,67,67,53,53,53,45,41,41,38,38,28,28,20,20,0],"gold":40,"neow_bonus":"UPGRADE_CARD","is_prod":false,"is_daily":false,"chose_seed":false,"campfire_upgraded":6,"win_rate":0,"timestamp":1565397819,"path_taken":["M","?","M","M","M","R","E","R","T","?","?","M","R","?","R","BOSS","M","?","?","?","?","R","E","M","T","M","$","E","$","M","R","BOSS"],"build_version":"2019-07-17","purchased_purges":1,"victory":false,"max_hp_per_floor":[75,75,75,75,75,75,75,75,75,75,75,75,75,75,75,75,75,75,75,75,80,80,80,80,80,80,80,80,80,80,80,80,80],"card_choices":[{"not_picked":["Stack","Compile Driver","Heatsinks"],"picked":"SKIP","floor":1},{"not_picked":["Fusion","Aggregate"],"picked":"Conserve Battery","floor":3},{"not_picked":["Coolheaded","Undo"],"picked":"Hyperbeam","floor":4},{"not_picked":["Barrage","Sweeping Beam"],"picked":"Steam","floor":5},{"not_picked":["Rebound","Conserve Battery"],"picked":"FTL","floor":7},{"not_picked":["Ball Lightning","Darkness","Coolheaded"],"picked":"SKIP","floor":11},{"not_picked":["Gash","Ball Lightning"],"picked":"Auto Shields","floor":12},{"not_picked":["Stack","Storm"],"picked":"Capacitor","floor":14},{"not_picked":["Fission","All For One"],"picked":"Echo Form","floor":16},{"not_picked":["Streamline","Compile Driver","Gash"],"picked":"SKIP","floor":18},{"not_picked":["Coolheaded+1","Sweeping Beam","Fission"],"picked":"SKIP","floor":24},{"not_picked":["Go for the Eyes","Sunder"],"picked":"Hologram","floor":25},{"not_picked":["Compile Driver+1","Rip and Tear","Rebound"],"picked":"SKIP","floor":27},{"not_picked":["Leap","Streamline"],"picked":"Turbo","floor":29},{"not_picked":["Sweeping Beam","Reinforced Body+1","Double Energy"],"picked":"SKIP","floor":31}],"player_experience":75657,"relics_obtained":[{"floor":7,"key":"War Paint"},{"floor":9,"key":"Orichalcum"},{"floor":24,"key":"Gambling Chip"},{"floor":26,"key":"Matryoshka"},{"floor":29,"key":"Mummified Hand"}],"event_choices":[{"cards_removed":["Strike_B"],"damage_healed":0,"gold_gain":0,"player_choice":"Card Removal","damage_taken":0,"max_hp_gain":0,"max_hp_loss":0,"event_name":"The Cleric","floor":2,"gold_loss":50},{"damage_healed":0,"gold_gain":0,"player_choice":"Upgraded","damage_taken":0,"max_hp_gain":0,"max_hp_loss":0,"event_name":"Upgrade Shrine","floor":10,"gold_loss":0,"cards_upgraded":["FTL"]},{"cards_removed":["Strike_B"],"damage_healed":0,"gold_gain":0,"player_choice":"Elegance","damage_taken":0,"max_hp_gain":0,"max_hp_loss":0,"event_name":"Back to Basics","floor":19,"gold_loss":0},{"damage_healed":0,"gold_gain":0,"cards_transformed":["Strike_B","Strike_B"],"player_choice":"Became Test Subject","damage_taken":0,"max_hp_gain":0,"max_hp_loss":0,"event_name":"Drug Dealer","floor":20,"gold_loss":0,"cards_obtained":["Aggregate","Go for the Eyes"]},{"damage_healed":0,"gold_gain":0,"player_choice":"Shed Blood","damage_taken":19,"max_hp_gain":5,"max_hp_loss":0,"event_name":"Forgotten Altar","floor":21,"gold_loss":0},{"damage_healed":0,"gold_gain":0,"player_choice":"Obtained Relic","damage_taken":0,"relics_obtained":["Bronze Scales"],"max_hp_gain":0,"max_hp_loss":0,"event_name":"Addict","floor":22,"gold_loss":85}],"is_beta":false,"boss_relics":[{"not_picked":["Runic Dome","FrozenCore"],"picked":"Nuclear Battery"}],"items_purged_floors":[28],"is_endless":false,"potions_floor_spawned":[7,12,16,24,31],"killed_by":"Automaton","ascension_level":2}