{"gold_per_floor":[110,123,48,68,86,86,116,128,128,128,6,24,51,63,63,63],"floor_reached":16,"playtime":590,"items_purged":["Strike_R","Strike_R"],"score":188,"play_id":"83428e45-51ba-4993-b4a9-109e2ebc6e9c","local_time":"20190128183240","is_ascension_mode":true,"campfire_choices":[{"data":"Immolate","floor":6,"key":"SMITH"},{"data":"Hemokinesis","floor":15,"key":"SMITH"}],"neow_cost":"TEN_PERCENT_HP_LOSS","seed_source_timestamp":34910038141304,"circlet_count":0,"master_deck":["AscendersBane","Strike_R","Strike_R","Strike_R","Defend_R","Defend_R","Defend_R","Defend_R","Bash","Feed+1","Hemokinesis+1","Immolate+1","Flame Barrier","Shrug It Off","Impervious"],"relics":["Burning Blood","Question Card","Paper Frog","Kunai"],"potions_floor_usage":[16,16],"damage_taken":[{"damage":15,"enemies":"Jaw Worm","floor":1,"turns":6},{"damage":8,"enemies":"Cultist","floor":2,"turns":4},{"damage":0,"enemies":"Small Slimes","floor":4,"turns":2},{"damage":14,"enemies":"3 Louse","floor":5,"turns":2},{"damage":33,"enemies":"Lagavulin","floor":7,"turns":6},{"damage":6,"enemies":"Blue Slaver","floor":8,"turns":5},{"damage":0,"enemies":"2 Fungi Beasts","floor":12,"turns":2},{"damage":38,"enemies":"3 Sentries","floor":13,"turns":6},{"damage":1,"enemies":"3 Louse","floor":14,"turns":2},{"damage":21,"enemies":"Hexaghost","floor":16,"turns":9}],"seed_played":"9066529153990971306","potions_obtained":[{"floor":1,"key":"Dexterity Potion"},{"floor":4,"key":"FearPotion"},{"floor":8,"key":"SpeedPotion"}],"is_trial":false,"path_per_floor":["M","M","$","M","M","R","E","M","T","?","$","M","E","M","R","B"],"character_chosen":"IRONCLAD","items_purchased":["Shrug It Off"],"campfire_rested":0,"item_purchase_floors":[11],"current_hp_per_floor":[66,67,67,73,68,68,41,41,41,41,41,47,19,24,24,3],"gold":63,"neow_bonus":"THREE_RARE_CARDS","is_prod":false,"is_daily":false,"chose_seed":false,"campfire_upgraded":2,"win_rate":0,"timestamp":1548671560,"path_taken":["M","M","$","M","M","R","E","M","T","?","?","M","E","M","R","BOSS"],"build_version":"2019-01-23","purchased_purges":2,"victory":false,"max_hp_per_floor":[75,78,78,78,81,81,81,81,81,81,81,81,85,85,85,85],"card_choices":[{"not_picked":["Dark Embrace","Juggernaut"],"picked":"Feed","floor":0},{"not_picked":["Warcry","Pommel Strike"],"picked":"Hemokinesis","floor":1},{"not_picked":["Heavy Blade","Armaments"],"picked":"Immolate","floor":2},{"not_picked":["Reckless Charge","Uppercut","Rage"],"picked":"SKIP","floor":4},{"not_picked":["Headbutt","Thunderclap","Whirlwind"],"picked":"SKIP","floor":5},{"not_picked":["Headbutt","Thunderclap","Whirlwind"],"picked":"SKIP","floor":5},{"not_picked":["Dual Wield","Disarm"],"picked":"Flame Barrier","floor":7},{"not_picked":["Body Slam","Clothesline","Heavy Blade","Warcry"],"picked":"SKIP","floor":8},{"not_picked":["Clothesline","Armaments","Feel No Pain","Thunderclap"],"picked":"SKIP","floor":12},{"not_picked":["Clothesline","Armaments","Feel No Pain","Thunderclap"],"picked":"SKIP","floor":12},{"not_picked":["Ghostly Armor","Perfected Strike","Rage","Anger"],"picked":"SKIP","floor":13},{"not_picked":["Anger","Whirlwind","Wild Strike"],"picked":"Impervious","floor":14}],"player_experience":708600,"relics_obtained":[{"floor":7,"key":"Question Card"},{"floor":9,"key":"Paper Frog"},{"floor":13,"key":"Kunai"}],"event_choices":[{"damage_healed":0,"gold_gain":0,"player_choice":"Upgraded","damage_taken":0,"max_hp_gain":0,"max_hp_loss":0,"event_name":"Upgrade Shrine","floor":10,"gold_loss":0,"cards_upgraded":["Feed"]}],"is_beta":true,"boss_relics":[],"items_purged_floors":[3,11],"is_endless":false,"potions_floor_spawned":[1,4,8,12],"killed_by":"Hexaghost","ascension_level":13}