{"gold_per_floor":[119,119,21,40,40,40,40,52,52,78,78,78,88,88,88,186,186,201,217,217,217,217,217,217],"floor_reached":24,"playtime":591,"items_purged":["Strike_R"],"score":272,"play_id":"44423f4d-4b17-4faf-ba4b-d425ac3d016f","local_time":"20181027210011","is_ascension_mode":true,"campfire_choices":[{"data":"Bash","floor":6.0,"key":"SMITH"},{"data":"Whirlwind","floor":12.0,"key":"SMITH"},{"data":"Infernal Blade","floor":15.0,"key":"SMITH"},{"data":"Anger","floor":23,"key":"SMITH"}],"neow_cost":"NONE","seed_source_timestamp":0,"circlet_count":0,"master_deck":["Strike_R","Strike_R","Strike_R","Strike_R","Defend_R","Defend_R","Defend_R","Bash+1","Blood for Blood","Iron Wave","Anger+1","Impervious","Infernal Blade+1","Whirlwind+1","Hemokinesis+1","Cleave+1"],"special_seed":0,"relics":["Burning Blood","Matryoshka","Gremlin Horn","White Beast Statue"],"potions_floor_usage":[24],"damage_taken":[{"damage":23.0,"enemies":"2 Louse","floor":1.0,"turns":3.0},{"damage":0.0,"enemies":"Cultist","floor":4.0,"turns":4.0},{"damage":10.0,"enemies":"Small Slimes","floor":7.0,"turns":3.0},{"damage":6.0,"enemies":"Blue Slaver","floor":8.0,"turns":3.0},{"damage":15.0,"enemies":"Gremlin Nob","floor":10.0,"turns":4.0},{"damage":18.0,"enemies":"Large Slime","floor":13.0,"turns":4.0},{"damage":12.0,"enemies":"Slime Boss","floor":16.0,"turns":5.0},{"damage":24.0,"enemies":"2 Thieves","floor":18.0,"turns":4.0},{"damage":25.0,"enemies":"Shell Parasite","floor":19.0,"turns":4.0},{"damage":20.0,"enemies":"Colosseum Slavers","floor":20.0,"turns":5.0},{"damage":44,"enemies":"Book of Stabbing","floor":24,"turns":4}],"seed_played":"-6994576949306550104","potions_obtained":[{"floor":0.0,"key":"Swift Potion"},{"floor":0.0,"key":"Weak Potion"},{"floor":0.0,"key":"Regen Potion"},{"floor":1.0,"key":"FearPotion"},{"floor":18.0,"key":"SteroidPotion"},{"floor":19.0,"key":"Block Potion"}],"is_trial":false,"path_per_floor":["M","?","$","M","?","R","M","M","T","E","$","R","M","?","R","B",null,"M","M","?","?","?","R"],"character_chosen":"IRONCLAD","items_purchased":["Iron Wave"],"campfire_rested":0,"item_purchase_floors":[3],"current_hp_per_floor":[55,55,55,61,61,61,57,57,57,48,48,48,36,36,36,30,68,50,31,17,17,43,43,0],"gold":217,"neow_bonus":"THREE_SMALL_POTIONS","is_prod":false,"is_daily":false,"chose_seed":true,"campfire_upgraded":4,"win_rate":0,"timestamp":1540645211,"path_taken":["M","?","$","M","?","R","M","M","T","E","?","R","M","?","R","BOSS","M","?","?","?","?","R","E"],"build_version":"2018-10-25v2","purchased_purges":1,"victory":false,"max_hp_per_floor":[80,80,80,80,80,80,80,80,80,80,80,80,80,80,80,80,80,80,80,80,80,80,80,80],"card_choices":[{"not_picked":["Body Slam","Heavy Blade"],"picked":"Blood for Blood","floor":1.0},{"not_picked":["Body Slam","Armaments"],"picked":"Anger","floor":4.0},{"not_picked":["Clothesline","Rage","Second Wind"],"picked":"SKIP","floor":7.0},{"not_picked":["Power Through","Anger"],"picked":"Infernal Blade","floor":8.0},{"not_picked":["Perfected Strike","Pummel"],"picked":"Whirlwind","floor":10.0},{"not_picked":["Shrug It Off","Body Slam"],"picked":"Hemokinesis","floor":13.0},{"not_picked":["Shrug It Off","Pommel Strike"],"picked":"Cleave+1","floor":18.0},{"not_picked":["Armaments","Clothesline+1","Exhume"],"picked":"SKIP","floor":19.0}],"player_experience":471017,"relics_obtained":[{"floor":9.0,"key":"Matryoshka"},{"floor":10.0,"key":"Gremlin Horn"}],"event_choices":[{"damage_healed":0.0,"max_hp_gain":0.0,"max_hp_loss":0.0,"gold_gain":0.0,"event_name":"The Woman in Blue","player_choice":"Bought 0 Potions","floor":2.0,"gold_loss":0.0,"damage_taken":0.0},{"damage_healed":0.0,"max_hp_gain":0.0,"max_hp_loss":0.0,"gold_gain":0.0,"cards_transformed":["Defend_R"],"event_name":"Living Wall","player_choice":"Change","floor":5.0,"gold_loss":0.0,"damage_taken":0.0,"cards_obtained":["Impervious"]},{"damage_healed":0.0,"max_hp_gain":0.0,"max_hp_loss":0.0,"gold_gain":0.0,"event_name":"Accursed Blacksmith","player_choice":"Forge","floor":14.0,"gold_loss":0.0,"damage_taken":0.0,"cards_upgraded":["Hemokinesis"]},{"damage_healed":0.0,"max_hp_gain":0.0,"max_hp_loss":0.0,"gold_gain":0.0,"event_name":"Colosseum","player_choice":"Fight","floor":20.0,"gold_loss":0.0,"damage_taken":0.0},{"damage_healed":0.0,"max_hp_gain":0.0,"max_hp_loss":0.0,"gold_gain":0.0,"event_name":"Colosseum","player_choice":"Fled From Nobs","floor":20.0,"gold_loss":0.0,"damage_taken":0.0},{"damage_healed":0,"gold_gain":0,"player_choice":"Ignored","damage_taken":0,"max_hp_gain":0,"max_hp_loss":0,"event_name":"Cursed Tome","floor":21,"gold_loss":0},{"damage_healed":26,"gold_gain":0,"player_choice":"Heal","damage_taken":0,"max_hp_gain":0,"max_hp_loss":0,"event_name":"The Library","floor":22,"gold_loss":0}],"is_beta":true,"boss_relics":[{"not_picked":["Calling Bell","Orrery"],"picked":"White Beast Statue"}],"items_purged_floors":[3],"is_endless":false,"potions_floor_spawned":[1,10,18,19,20],"killed_by":"Book of Stabbing","ascension_level":8}