{"gold_per_floor":[367,5,5,5,5,5,25,54,78,78,78,78,118,131,131,256,256,276,276,276,294,307,341,353,408,420,60,60],"floor_reached":28,"playtime":919,"items_purged":["Writhe"],"score":353,"play_id":"29108eab-10ff-4d45-969e-3cc3acfcd78b","local_time":"20180721112417","is_ascension_mode":true,"campfire_choices":[{"data":"Dualcast","floor":6,"key":"SMITH"},{"floor":12,"key":"REST"},{"floor":15,"key":"REST"},{"floor":24,"key":"REST"}],"neow_cost":"CURSE","seed_source_timestamp":9545735420742,"circlet_count":0,"master_deck":["Defend_B","Defend_B","Defend_B","Defend_B","Zap","Dualcast+1","Conserve Battery","Panacea+1","Hologram","Darkness","Electrodynamics","Cold Snap","Sweeping Beam","Biased Cognition","Compile Driver","Bite","Bite","Bite","Bite","Bite","Cold Snap","Storm","BootSequence","Go for the Eyes+1","Defragment","Defragment","Conserve Battery"],"relics":["FrozenCore","Strawberry","CultistMask","The Courier","Happy Flower","Golden Idol","DataDisk","MawBank","Boot","Meat on the Bone","Torii"],"potions_floor_usage":[23,23,28],"damage_taken":[{"damage":7,"enemies":"Jaw Worm","floor":1,"turns":2},{"damage":0,"enemies":"Cultist","floor":7,"turns":3},{"damage":33,"enemies":"Gremlin Nob","floor":8,"turns":4},{"damage":20,"enemies":"3 Sentries","floor":13,"turns":5},{"damage":1,"enemies":"2 Louse","floor":14,"turns":2},{"damage":30,"enemies":"The Guardian","floor":16,"turns":12},{"damage":3,"enemies":"Shell Parasite","floor":18,"turns":5},{"damage":14,"enemies":"2 Thieves","floor":21,"turns":4},{"damage":9,"enemies":"Cultist and Chosen","floor":22,"turns":4},{"damage":33,"enemies":"Slavers","floor":23,"turns":3},{"damage":39,"enemies":"Book of Stabbing","floor":25,"turns":6},{"damage":12,"enemies":"Slavers","floor":28,"turns":2}],"seed_played":"-5495035801489495056","potions_obtained":[{"floor":1,"key":"Strength Potion"},{"floor":8,"key":"Regen Potion"},{"floor":21,"key":"Energy Potion"},{"floor":22,"key":"Swift Potion"}],"is_trial":false,"path_per_floor":["M","$","?","?","$","R","M","E","T","?","?","R","E","M","R","B",null,"M","?","?","M","M","E","R","E","T","$"],"character_chosen":"DEFECT","items_purchased":["Strawberry","Panacea","Hologram","Torii","Defragment","Defragment","Conserve Battery"],"campfire_rested":3,"item_purchase_floors":[2,2,2,27,27,27,27],"current_hp_per_floor":[68,75,75,75,75,75,75,42,42,42,22,46,26,25,49,19,66,63,63,57,45,42,22,39,10,10,10,0],"gold":60,"neow_bonus":"TWO_FIFTY_GOLD","is_prod":false,"is_daily":false,"chose_seed":false,"campfire_upgraded":1,"win_rate":0,"timestamp":1532143457,"path_taken":["M","$","?","?","$","R","?","E","T","?","?","R","E","M","R","BOSS","M","?","?","?","M","E","R","E","T","?","E"],"build_version":"2018-07-19v2","purchased_purges":1,"victory":false,"max_hp_per_floor":[75,82,82,82,82,82,82,82,82,82,82,82,82,82,82,82,82,82,82,57,57,57,57,57,57,57,57,57],"card_choices":[{"not_picked":["Rebound","Rip and Tear"],"picked":"Conserve Battery","floor":1},{"not_picked":["Recycle","Sweeping Beam"],"picked":"Darkness","floor":7},{"not_picked":["Consume","Self Repair"],"picked":"Electrodynamics","floor":8},{"not_picked":["Rebound","Sweeping Beam"],"picked":"Cold Snap","floor":13},{"not_picked":["Ball Lightning","Rip and Tear"],"picked":"Sweeping Beam","floor":14},{"not_picked":["Creative AI","Amplify"],"picked":"Biased Cognition","floor":16},{"not_picked":["Melter","Cold Snap+1"],"picked":"Compile Driver","floor":18},{"not_picked":["Ball Lightning","Redo"],"picked":"Cold Snap","floor":21},{"not_picked":["Compile Driver","Gash"],"picked":"Storm","floor":22},{"not_picked":["Streamline","Machine Learning"],"picked":"BootSequence","floor":23},{"not_picked":["Rebound","White Noise"],"picked":"Go for the Eyes+1","floor":25}],"player_experience":136497,"relics_obtained":[{"floor":8,"key":"The Courier"},{"floor":9,"key":"Happy Flower"},{"floor":13,"key":"DataDisk"},{"floor":23,"key":"MawBank"},{"floor":25,"key":"Boot"},{"floor":26,"key":"Meat on the Bone"}],"event_choices":[{"event_name":"Accursed Blacksmith","player_choice":"Forge","floor":3,"damage_taken":0},{"event_name":"FaceTrader","player_choice":"Trade","floor":4,"damage_taken":0},{"event_name":"Golden Wing","player_choice":"Ignored","floor":10,"damage_taken":0},{"event_name":"Golden Idol","player_choice":"Take Damage","floor":11,"damage_taken":0},{"event_name":"Ghosts","player_choice":"Ignored","floor":19,"damage_taken":0},{"event_name":"Vampires","player_choice":"Became a vampire","floor":20,"damage_taken":0}],"is_beta":false,"boss_relics":[{"not_picked":["White Beast Statue","Black Star"],"picked":"FrozenCore"}],"items_purged_floors":[2],"is_endless":false,"potions_floor_spawned":[1,8,21,22],"killed_by":"Slavers","ascension_level":5}