{"gold_per_floor":[114,130,130,100,112,139,159,188,242,242,192,211,238,248,248,350,350,364,375,375,375,388,388,400,4,28,53,72,101,101,132,132,232,232,251,265,283,94,94,94,128,142,142,142,153,253,253,20,20,20],"floor_reached":51,"playtime":24165,"items_purged":["Strike_B","Strike_B","Strike_B"],"score":757,"play_id":"a73e39c7-c0b4-46c4-8a6d-ff13f9361811","local_time":"20190811022533","is_ascension_mode":false,"campfire_choices":[{"floor":10.0,"key":"REST"},{"floor":15.0,"key":"REST"},{"floor":23.0,"key":"REST"},{"data":"Capacitor","floor":30.0,"key":"SMITH"},{"data":"Apotheosis","floor":32.0,"key":"SMITH"},{"floor":40.0,"key":"REST"},{"floor":44.0,"key":"REST"},{"floor":47.0,"key":"REST"},{"floor":49,"key":"REST"}],"neow_cost":"NONE","seed_source_timestamp":0,"circlet_count":0,"master_deck":["Strike_B","Defend_B","Defend_B","Defend_B","Zap","Dualcast","Auto Shields","Chill","Hologram","Self Repair","Cold Snap","Capacitor+1","Leap","Ball Lightning","Fission","Reinforced Body+1","Loop","Chill","Cold Snap","Apotheosis+1","Melter","Force Field+1","All For One","White Noise","Gash","Electrodynamics","Hologram","Cold Snap","FTL+1","Blind+1","Beam Cell+1","Barrage+1","Reinforced Body+1","Consume+1","BootSequence+1","Defragment","Tempest","Static Discharge+1"],"special_seed":0,"relics":["Cracked Core","Bottled Lightning","Bottled Tornado","Blood Vial","Regal Pillow","White Beast Statue","Dream Catcher","Potion Belt","Vajra","Oddly Smooth Stone","Fusion Hammer","Boot","War Paint","Happy Flower"],"potions_floor_usage":[50,50],"damage_taken":[{"damage":10.0,"enemies":"Small Slimes","floor":1.0,"turns":3.0},{"damage":0.0,"enemies":"Cultist","floor":2.0,"turns":4.0},{"damage":0.0,"enemies":"2 Louse","floor":5.0,"turns":3.0},{"damage":8.0,"enemies":"3 Sentries","floor":6.0,"turns":6.0},{"damage":18.0,"enemies":"Large Slime","floor":7.0,"turns":8.0},{"damage":28.0,"enemies":"Lagavulin","floor":8.0,"turns":9.0},{"damage":11.0,"enemies":"Red Slaver","floor":12.0,"turns":3.0},{"damage":33.0,"enemies":"Gremlin Nob","floor":13.0,"turns":6.0},{"damage":0.0,"enemies":"Lots of Slimes","floor":14.0,"turns":5.0},{"damage":33.0,"enemies":"The Guardian","floor":16.0,"turns":13.0},{"damage":26.0,"enemies":"Shell Parasite","floor":18.0,"turns":9.0},{"damage":8.0,"enemies":"Spheric Guardian","floor":19.0,"turns":6.0},{"damage":10.0,"enemies":"Centurion and Healer","floor":22.0,"turns":14.0},{"damage":13.0,"enemies":"Shelled Parasite and Fungi","floor":24.0,"turns":14.0},{"damage":25.0,"enemies":"Slavers","floor":27.0,"turns":8.0},{"damage":1.0,"enemies":"Chosen and Byrds","floor":28.0,"turns":9.0},{"damage":36.0,"enemies":"Gremlin Leader","floor":29.0,"turns":9.0},{"damage":5.0,"enemies":"Book of Stabbing","floor":31.0,"turns":5.0},{"damage":4.0,"enemies":"Collector","floor":33.0,"turns":12.0},{"damage":22.0,"enemies":"3 Darklings","floor":35.0,"turns":4.0},{"damage":6.0,"enemies":"3 Shapes","floor":36.0,"turns":7.0},{"damage":0.0,"enemies":"Spire Growth","floor":37.0,"turns":8.0},{"damage":63.0,"enemies":"Nemesis","floor":41.0,"turns":9.0},{"damage":0.0,"enemies":"Transient","floor":42.0,"turns":5.0},{"damage":4.0,"enemies":"Jaw Worm Horde","floor":45.0,"turns":5.0},{"damage":46,"enemies":"Time Eater","floor":50,"turns":10}],"seed_played":"8547992422445738748","potions_obtained":[{"floor":4.0,"key":"Explosive Potion"},{"floor":4.0,"key":"AttackPotion"},{"floor":5.0,"key":"Ancient Potion"},{"floor":6.0,"key":"PowerPotion"},{"floor":7.0,"key":"SteroidPotion"},{"floor":12.0,"key":"Strength Potion"},{"floor":13.0,"key":"Energy Potion"},{"floor":18.0,"key":"Block Potion"},{"floor":19.0,"key":"PowerPotion"},{"floor":22.0,"key":"Energy Potion"},{"floor":24.0,"key":"AttackPotion"},{"floor":27.0,"key":"GamblersBrew"},{"floor":28.0,"key":"EntropicBrew"},{"floor":29.0,"key":"Block Potion"},{"floor":31.0,"key":"FocusPotion"},{"floor":33.0,"key":"Explosive Potion"},{"floor":35.0,"key":"Strength Potion"},{"floor":36.0,"key":"Block Potion"},{"floor":37.0,"key":"FearPotion"},{"floor":41.0,"key":"Energy Potion"},{"floor":42.0,"key":"LiquidBronze"},{"floor":45.0,"key":"PowerPotion"}],"is_trial":false,"path_per_floor":["M","M","?","?","M","E","M","E","T","R","?","M","E","M","R","B",null,"M","M","?","?","M","R","M","$","T","E","M","E","R","E","R","B",null,"M","M","M","$","?","R","E","M","T","R","M","?","R","$","R","B",null],"character_chosen":"DEFECT","items_purchased":["Apotheosis","Melter","Force Field","Blind","Defragment","Tempest"],"campfire_rested":7,"item_purchase_floors":[25,25,25,38,48,48],"current_hp_per_floor":[72,72,77,77,77,69,58,37,37,63,63,61,37,46,87,61,87,68,69,52,52,51,92,86,86,86,73,84,74,74,71,71,79,92,70,76,88,88,88,92,39,41,41,83,81,81,92,92,92,53],"gold":20,"neow_bonus":"TEN_PERCENT_HP_BONUS","is_prod":false,"is_daily":false,"chose_seed":false,"campfire_upgraded":2,"win_rate":0.0,"timestamp":1565479533,"path_taken":["M","M","?","?","?","E","M","E","T","R","?","M","E","M","R","BOSS","M","M","?","?","M","R","?","$","T","E","M","E","R","E","R","BOSS","M","?","M","$","?","R","E","?","T","R","M","?","R","$","R","BOSS"],"build_version":"2019-07-17","purchased_purges":3,"victory":true,"max_hp_per_floor":[82,82,87,87,87,87,87,87,87,87,87,87,87,87,87,87,87,87,87,92,92,92,92,92,92,92,92,92,92,92,92,92,92,92,92,92,92,92,92,92,92,92,92,92,92,92,92,92,92,92],"card_choices":[{"not_picked":["Beam Cell","Static Discharge"],"picked":"Auto Shields","floor":1.0},{"not_picked":["Lockon","Cold Snap"],"picked":"Chill","floor":2.0},{"not_picked":["Compile Driver","Ball Lightning"],"picked":"Hologram","floor":5.0},{"not_picked":["Hello World","Fusion"],"picked":"Self Repair","floor":6.0},{"not_picked":["White Noise","Double Energy"],"picked":"Cold Snap","floor":7.0},{"not_picked":["Force Field","Skim"],"picked":"Capacitor","floor":8.0},{"not_picked":["Streamline","Sweeping Beam"],"picked":"Leap","floor":12.0},{"not_picked":["Auto Shields","Lockon"],"picked":"Ball Lightning","floor":13.0},{"not_picked":["Rip and Tear","Stack","Leap"],"picked":"SKIP","floor":14.0},{"not_picked":["Rainbow","Buffer"],"picked":"Fission","floor":16.0},{"not_picked":["Ball Lightning","Consume"],"picked":"Reinforced Body+1","floor":18.0},{"not_picked":["Double Energy","Skim"],"picked":"Loop","floor":19.0},{"not_picked":["Steam Power+1","Streamline","Steam"],"picked":"SKIP","floor":22.0},{"not_picked":["Stack+1","Ball Lightning"],"picked":"Cold Snap","floor":24.0},{"not_picked":["Ball Lightning+1","Sweeping Beam"],"picked":"All For One","floor":27.0},{"not_picked":["Compile Driver","Streamline+1"],"picked":"White Noise","floor":28.0},{"not_picked":["BootSequence","Hologram"],"picked":"Gash","floor":29.0},{"not_picked":["Rip and Tear","Reboot","Beam Cell"],"picked":"SKIP","floor":31.0},{"not_picked":["Thunder Strike","Amplify"],"picked":"Electrodynamics","floor":33.0},{"not_picked":["Chill","Beam Cell+1"],"picked":"Hologram","floor":35.0},{"not_picked":["Leap","Aggregate+1"],"picked":"Cold Snap","floor":36.0},{"not_picked":["Leap+1","Cold Snap"],"picked":"FTL+1","floor":37.0},{"not_picked":["Sweeping Beam","All For One"],"picked":"Beam Cell+1","floor":41.0},{"not_picked":["Go for the Eyes","Cold Snap"],"picked":"Barrage+1","floor":42.0},{"not_picked":["Hologram","Leap"],"picked":"Reinforced Body+1","floor":44.0},{"not_picked":["Fusion+1","Stack"],"picked":"Consume+1","floor":45.0},{"not_picked":["Reinforced Body","Force Field"],"picked":"BootSequence+1","floor":47.0},{"not_picked":["Compile Driver+1","Blizzard"],"picked":"Static Discharge+1","floor":49}],"player_experience":46330,"relics_obtained":[{"floor":6.0,"key":"Bottled Lightning"},{"floor":8.0,"key":"Bottled Tornado"},{"floor":9.0,"key":"Blood Vial"},{"floor":13.0,"key":"Regal Pillow"},{"floor":26.0,"key":"Dream Catcher"},{"floor":27.0,"key":"Potion Belt"},{"floor":29.0,"key":"Vajra"},{"floor":31.0,"key":"Oddly Smooth Stone"},{"floor":41.0,"key":"War Paint"},{"floor":43.0,"key":"Happy Flower"}],"event_choices":[{"damage_healed":0.0,"max_hp_gain":5.0,"max_hp_loss":0.0,"gold_gain":0.0,"event_name":"Big Fish","player_choice":"Donut","floor":3.0,"gold_loss":0.0,"damage_taken":0.0},{"damage_healed":0.0,"max_hp_gain":0.0,"max_hp_loss":0.0,"gold_gain":0.0,"event_name":"The Woman in Blue","player_choice":"Bought 2 Potions","floor":4.0,"gold_loss":0.0,"damage_taken":0.0},{"cards_removed":["Defend_B"],"damage_healed":0.0,"max_hp_gain":0.0,"max_hp_loss":0.0,"gold_gain":0.0,"event_name":"The Cleric","player_choice":"Card Removal","floor":11.0,"gold_loss":50.0,"damage_taken":0.0},{"damage_healed":0.0,"max_hp_gain":5.0,"max_hp_loss":0.0,"gold_gain":0.0,"event_name":"Forgotten Altar","player_choice":"Shed Blood","floor":20.0,"gold_loss":0.0,"damage_taken":22.0},{"damage_healed":0.0,"max_hp_gain":0.0,"max_hp_loss":0.0,"gold_gain":0.0,"event_name":"Duplicator","player_choice":"Copied","floor":21.0,"gold_loss":0.0,"damage_taken":0.0,"cards_obtained":["Chill"]},{"damage_healed":0.0,"max_hp_gain":0.0,"max_hp_loss":0.0,"gold_gain":0.0,"event_name":"WeMeetAgain","player_choice":"Gave Potion","floor":39.0,"gold_loss":0.0,"damage_taken":0.0,"relics_obtained":["Boot"]},{"damage_healed":0.0,"max_hp_gain":0.0,"max_hp_loss":0.0,"gold_gain":100.0,"event_name":"Golden Shrine","player_choice":"Pray","floor":46.0,"gold_loss":0.0,"damage_taken":0.0}],"is_beta":false,"boss_relics":[{"not_picked":["Lizard Tail","Runic Dome"],"picked":"White Beast Statue"},{"not_picked":["FrozenCore","Tiny House"],"picked":"Fusion Hammer"}],"items_purged_floors":[25,38,48],"is_endless":false,"potions_floor_spawned":[5,6,7,12,13,18,19,22,24,27,28,29,31,33,35,36,37,41,42,45],"ascension_level":0}