{"gold_per_floor":[116,116,41,61,17,47,47,67,118,118,118,118,151,165,165,244,244,255,255,273,39,39,73,73,104,104,114,72,85,85,95,95,170,170,184,284,284,295,295,295,330,330,353,353,353,353,116,131,131,131,131,131,131,56,91,91],"floor_reached":56,"playtime":2339,"items_purged":["Strike_B","Strike_B","Strike_B"],"score":1923,"play_id":"bd1d1f4d-c425-40cd-a165-e56deac6152f","local_time":"20181216145124","is_ascension_mode":true,"campfire_choices":[{"data":"Darkness","floor":7.0,"key":"SMITH"},{"data":"Genetic Algorithm","floor":11.0,"key":"SMITH"},{"data":"Doom and Gloom","floor":15.0,"key":"SMITH"},{"data":"Multi-Cast","floor":24.0,"key":"SMITH"},{"data":"Redo","floor":30.0,"key":"SMITH"},{"data":"Sunder","floor":32.0,"key":"SMITH"},{"data":"Apotheosis","floor":40.0,"key":"SMITH"},{"data":"Buffer","floor":42.0,"key":"SMITH"},{"data":"Chill","floor":44.0,"key":"SMITH"},{"data":"Capacitor","floor":45.0,"key":"SMITH"},{"floor":49.0,"key":"RECALL"},{"data":"Reinforced Body","floor":53.0,"key":"SMITH"}],"neow_cost":"NONE","seed_source_timestamp":7514029252370,"circlet_count":0,"master_deck":["AscendersBane","Strike_B","Defend_B","Defend_B","Defend_B","Zap","Dualcast","Chill+1","Darkness+1","Genetic Algorithm+1","Doom and Gloom+1","Glacier","Multi-Cast+1","Conserve Battery","Skim+1","Turbo","Sunder+1","Hologram+1","Redo+1","Capacitor+1","Buffer+1","Lockon+1","Apotheosis+1","Doubt","Leap","Reinforced Body+1","Capacitor","Go for the Eyes+1"],"special_seed":0,"relics":["Cracked Core","NeowsBlessing","Bag of Marbles","Oddly Smooth Stone","Meat on the Bone","Cursed Key","CultistMask","Nloth\u0027s Gift","Molten Egg 2","Singing Bowl","Runic Pyramid","WingedGreaves","Strawberry","Du-Vu Doll"],"potions_floor_usage":[56],"damage_taken":[{"damage":0.0,"enemies":"Cultist","floor":1.0,"turns":1.0},{"damage":0.0,"enemies":"2 Louse","floor":4.0,"turns":1.0},{"damage":0.0,"enemies":"3 Sentries","floor":6.0,"turns":2.0},{"damage":6.0,"enemies":"Jaw Worm","floor":8.0,"turns":3.0},{"damage":16.0,"enemies":"Lagavulin","floor":13.0,"turns":4.0},{"damage":3.0,"enemies":"2 Fungi Beasts","floor":14.0,"turns":2.0},{"damage":12.0,"enemies":"Hexaghost","floor":16.0,"turns":9.0},{"damage":9.0,"enemies":"Shell Parasite","floor":18.0,"turns":3.0},{"damage":0.0,"enemies":"Spheric Guardian","floor":20.0,"turns":3.0},{"damage":14.0,"enemies":"Book of Stabbing","floor":23.0,"turns":3.0},{"damage":33.0,"enemies":"Gremlin Leader","floor":25.0,"turns":6.0},{"damage":4.0,"enemies":"Shelled Parasite and Fungi","floor":27.0,"turns":3.0},{"damage":15.0,"enemies":"Cultist and Chosen","floor":29.0,"turns":5.0},{"damage":14.0,"enemies":"Snake Plant","floor":31.0,"turns":4.0},{"damage":23.0,"enemies":"Champ","floor":33.0,"turns":9.0},{"damage":6.0,"enemies":"3 Darklings","floor":35.0,"turns":3.0},{"damage":16.0,"enemies":"Mind Bloom Boss Battle","floor":36.0,"turns":5.0},{"damage":2.0,"enemies":"Orb Walker","floor":38.0,"turns":3.0},{"damage":4.0,"enemies":"Giant Head","floor":41.0,"turns":8.0},{"damage":0.0,"enemies":"3 Darklings","floor":48.0,"turns":6.0},{"damage":31.0,"enemies":"Time Eater","floor":50.0,"turns":9.0},{"damage":28.0,"enemies":"Awakened One","floor":51.0,"turns":16.0},{"damage":58.0,"enemies":"Shield and Spear","floor":55.0,"turns":12.0},{"damage":32,"enemies":"The Heart","floor":56,"turns":2}],"seed_played":"4105278179668885151","potions_obtained":[{"floor":1.0,"key":"Dexterity Potion"},{"floor":6.0,"key":"SpeedPotion"},{"floor":8.0,"key":"Swift Potion"},{"floor":27.0,"key":"Energy Potion"}],"is_trial":false,"path_per_floor":["M","?","$","M","$","E","R","M","T","?","R","?","E","M","R","B",null,"M","?","M","$","?","E","R","E","T","M","$","M","R","M","R","B",null,"M","?","?","M","?","R","E","R","T","R","R","?","$","M","R","B","B",null,"R","$","E","E","B"],"character_chosen":"DEFECT","items_purchased":["Genetic Algorithm","Turbo","Sunder","Capacitor","Leap","Swift Potion","Capacitor"],"campfire_rested":0,"item_purchase_floors":[5,21,21,28,47,47,54],"current_hp_per_floor":[64,69,69,69,69,69,69,63,63,45,45,45,29,38,38,38,67,58,58,58,58,58,44,44,23,23,31,31,30,30,30,30,19,65,61,45,45,45,39,39,56,56,56,56,56,56,56,56,56,37,21,78,78,78,32,0],"gold":91,"neow_bonus":"THREE_ENEMY_KILL","is_prod":false,"is_daily":false,"chose_seed":false,"campfire_upgraded":11,"win_rate":0,"timestamp":1544943084,"path_taken":["M","?","$","M","$","E","R","M","T","?","R","?","E","?","R","BOSS","M","?","?","$","?","E","R","E","T","M","?","M","R","M","R","BOSS","M","?","?","M","?","R","E","R","T","R","R","?","$","M","R","BOSS","BOSS","R","$","E","BOSS"],"build_version":"2018-12-13","purchased_purges":3,"victory":false,"max_hp_per_floor":[71,76,76,76,76,76,76,76,76,76,76,76,76,76,76,76,76,76,76,76,76,76,76,76,76,76,76,76,78,78,80,80,80,80,82,82,82,84,88,88,97,97,97,97,97,97,97,97,97,97,97,97,97,97,97,97],"card_choices":[{"not_picked":["Steam Power","Coolheaded"],"picked":"Chill","floor":1.0},{"not_picked":["Go for the Eyes","Coolheaded"],"picked":"Darkness","floor":4.0},{"not_picked":["Conserve Battery","Machine Learning"],"picked":"Doom and Gloom","floor":6.0},{"not_picked":["Turbo","Sweeping Beam"],"picked":"Glacier","floor":8.0},{"not_picked":["Aggregate","Rebound","Self Repair"],"picked":"SKIP","floor":13.0},{"not_picked":["Rebound","Cold Snap","Compile Driver"],"picked":"SKIP","floor":14.0},{"not_picked":["Echo Form","Machine Learning"],"picked":"Multi-Cast","floor":16.0},{"not_picked":["BootSequence","Static Discharge"],"picked":"Conserve Battery","floor":18.0},{"not_picked":["Rebound","Chill"],"picked":"Skim+1","floor":20.0},{"not_picked":["Hologram","Conserve Battery","Stack"],"picked":"SKIP","floor":23.0},{"not_picked":["Meteor Strike+1","Steam"],"picked":"Hologram+1","floor":25.0},{"not_picked":["Doom and Gloom+1","Darkness"],"picked":"Redo","floor":27.0},{"not_picked":["Static Discharge","Stack","Coolheaded"],"picked":"Singing Bowl","floor":29.0},{"not_picked":["Redo","Ball Lightning+1","Turbo"],"picked":"Singing Bowl","floor":31.0},{"not_picked":["Reboot","Multi-Cast"],"picked":"Buffer","floor":33.0},{"not_picked":["Leap","Fusion","Turbo+1"],"picked":"Singing Bowl","floor":35.0},{"not_picked":["FTL+1","Redo+1"],"picked":"Lockon+1","floor":36.0},{"not_picked":["Fusion","Barrage+1","Conserve Battery"],"picked":"Singing Bowl","floor":38.0},{"not_picked":["Purity","Secret Technique","Swift Strike+1"],"picked":"Singing Bowl","floor":39.0},{"not_picked":["Swift Strike+1","Jack Of All Trades","Dramatic Entrance+1"],"picked":"Singing Bowl","floor":39.0},{"not_picked":["Deep Breath","Finesse"],"picked":"Apotheosis","floor":39.0},{"not_picked":["Machine Learning","Ball Lightning+1","Conserve Battery+1"],"picked":"Singing Bowl","floor":41.0},{"not_picked":["Chaos","Gash+1"],"picked":"Reinforced Body","floor":48.0},{"not_picked":["All For One+1","Redo"],"picked":"Go for the Eyes+1","floor":55}],"player_experience":626442,"relics_obtained":[{"floor":6.0,"key":"Bag of Marbles"},{"floor":9.0,"key":"Oddly Smooth Stone"},{"floor":13.0,"key":"Meat on the Bone"},{"floor":23.0,"key":"Molten Egg 2"},{"floor":25.0,"key":"Singing Bowl"},{"floor":36.0,"key":"WingedGreaves"},{"floor":41.0,"key":"Strawberry"},{"floor":55,"key":"Du-Vu Doll"}],"event_choices":[{"damage_healed":0.0,"max_hp_gain":5.0,"max_hp_loss":0.0,"gold_gain":0.0,"event_name":"Big Fish","player_choice":"Donut","floor":2.0,"gold_loss":0.0,"damage_taken":0.0},{"damage_healed":0.0,"max_hp_gain":0.0,"max_hp_loss":0.0,"gold_gain":0.0,"event_name":"Scrap Ooze","player_choice":"Success","floor":10.0,"gold_loss":0.0,"damage_taken":18.0,"relics_obtained":["Unceasing Top"]},{"damage_healed":0.0,"max_hp_gain":0.0,"max_hp_loss":0.0,"gold_gain":0.0,"event_name":"Liars Game","player_choice":"Ignored","floor":12.0,"gold_loss":0.0,"damage_taken":0.0},{"damage_healed":0.0,"max_hp_gain":0.0,"max_hp_loss":0.0,"gold_gain":0.0,"event_name":"FaceTrader","player_choice":"Trade","floor":19.0,"gold_loss":0.0,"damage_taken":0.0,"relics_obtained":["CultistMask"]},{"damage_healed":0.0,"max_hp_gain":0.0,"max_hp_loss":0.0,"gold_gain":0.0,"event_name":"N\u0027loth","player_choice":"Traded Relic","floor":22.0,"relics_lost":["Unceasing Top"],"gold_loss":0.0,"damage_taken":0.0,"relics_obtained":["Nloth\u0027s Gift"]},{"damage_healed":0.0,"max_hp_gain":0.0,"max_hp_loss":0.0,"gold_gain":0.0,"event_name":"MindBloom","player_choice":"Fight","floor":36.0,"gold_loss":0.0,"damage_taken":0.0},{"damage_healed":0.0,"max_hp_gain":0.0,"max_hp_loss":0.0,"gold_gain":0.0,"event_name":"Tomb of Lord Red Mask","player_choice":"Ignored","floor":37.0,"gold_loss":0.0,"damage_taken":0.0},{"damage_healed":0.0,"max_hp_gain":0.0,"max_hp_loss":0.0,"gold_gain":0.0,"event_name":"SensoryStone","player_choice":"Memory 3","floor":39.0,"gold_loss":0.0,"damage_taken":10.0},{"cards_removed":["Defend_B"],"damage_healed":0.0,"max_hp_gain":0.0,"max_hp_loss":0.0,"gold_gain":0.0,"event_name":"Falling","player_choice":"Removed Skill","floor":46.0,"gold_loss":0.0,"damage_taken":0.0}],"is_beta":true,"boss_relics":[{"not_picked":["Astrolabe","Inserter"],"picked":"Cursed Key"},{"not_picked":["Pandora\u0027s Box","Tiny House"],"picked":"Runic Pyramid"}],"items_purged_floors":[3,21,47],"is_endless":false,"potions_floor_spawned":[1,6,8,13,20,27,29,31,38],"killed_by":"The Heart","ascension_level":20}