{"gold_per_floor":[118,118,43,53,53,53,85,102,102,102,114,114,130,140,140,211,211,226,237,18,31,43,43,56,85,85,7,23,23,49,49,49,120,120,134,356,107,107,57,84,84,99,99,127,127,18,28,42,42,42],"floor_reached":50,"playtime":2413,"items_purged":["Strike_G","Strike_G"],"score":1012,"play_id":"78e1c798-7941-44d1-921f-5c7a46286e01","local_time":"20181110183030","is_ascension_mode":true,"campfire_choices":[{"data":"Dagger Spray","floor":6.0,"key":"SMITH"},{"data":"Blade Dance","floor":12.0,"key":"SMITH"},{"data":"Burst","floor":15.0,"key":"SMITH"},{"floor":23.0,"key":"REST"},{"floor":32.0,"key":"REST"},{"data":"Cloak And Dagger","floor":41.0,"key":"SMITH"},{"floor":45.0,"key":"REST"},{"floor":49.0,"key":"RECALL"}],"neow_cost":"NONE","seed_source_timestamp":0,"circlet_count":0,"master_deck":["AscendersBane","Defend_G","Defend_G","Strike_G","Survivor","Neutralize+1","Dagger Spray+1","Burst+1","Blade Dance+1","PiercingWail+1","Blur","Adrenaline","Corpse Explosion+1","Predator","Dash","Accuracy+1","Infinite Blades+1","Envenom+1","Bane","Cloak And Dagger+1","Envenom+1","Phantasmal Killer","Noxious Fumes+1","Cloak And Dagger","Caltrops+1"],"special_seed":0,"relics":["Ring of the Snake","NeowsBlessing","Frozen Egg 2","Kunai","Philosopher\u0027s Stone","Membership Card","Red Mask","Singing Bowl","Oddly Smooth Stone","MutagenicStrength","Empty Cage","Pen Nib","Toy Ornithopter","Shuriken","Bottled Flame"],"potions_floor_usage":[50],"damage_taken":[{"damage":0.0,"enemies":"Small Slimes","floor":1.0,"turns":1.0},{"damage":0.0,"enemies":"Jaw Worm","floor":4.0,"turns":1.0},{"damage":0.0,"enemies":"Lagavulin","floor":7.0,"turns":1.0},{"damage":2.0,"enemies":"Cultist","floor":8.0,"turns":5.0},{"damage":12.0,"enemies":"Large Slime","floor":11.0,"turns":7.0},{"damage":0.0,"enemies":"2 Fungi Beasts","floor":13.0,"turns":3.0},{"damage":0.0,"enemies":"3 Louse","floor":14.0,"turns":2.0},{"damage":35.0,"enemies":"Slime Boss","floor":16.0,"turns":22.0},{"damage":10.0,"enemies":"2 Thieves","floor":18.0,"turns":2.0},{"damage":20.0,"enemies":"Chosen","floor":19.0,"turns":6.0},{"damage":0.0,"enemies":"Centurion and Healer","floor":21.0,"turns":7.0},{"damage":14.0,"enemies":"Snecko","floor":22.0,"turns":5.0},{"damage":6.0,"enemies":"Snake Plant","floor":24.0,"turns":6.0},{"damage":0.0,"enemies":"Masked Bandits","floor":25.0,"turns":1.0},{"damage":18.0,"enemies":"Shelled Parasite and Fungi","floor":28.0,"turns":6.0},{"damage":15.0,"enemies":"Slavers","floor":30.0,"turns":3.0},{"damage":19.0,"enemies":"Collector","floor":33.0,"turns":10.0},{"damage":6.0,"enemies":"Orb Walker","floor":35.0,"turns":2.0},{"damage":14.0,"enemies":"Nemesis","floor":40.0,"turns":7.0},{"damage":5.0,"enemies":"3 Darklings","floor":42.0,"turns":3.0},{"damage":11.0,"enemies":"Giant Head","floor":44.0,"turns":8.0},{"damage":7.0,"enemies":"Transient","floor":47.0,"turns":6.0},{"damage":0.0,"enemies":"4 Shapes","floor":48.0,"turns":4.0},{"damage":51,"enemies":"Time Eater","floor":50,"turns":5}],"seed_played":"-3604842858520618875","potions_obtained":[{"floor":7.0,"key":"Energy Potion"},{"floor":8.0,"key":"AttackPotion"},{"floor":13.0,"key":"SneckoOil"},{"floor":19.0,"key":"PowerPotion"},{"floor":21.0,"key":"SteroidPotion"},{"floor":24.0,"key":"Poison Potion"},{"floor":30.0,"key":"Dexterity Potion"},{"floor":40.0,"key":"SteroidPotion"},{"floor":42.0,"key":"Fire Potion"},{"floor":44.0,"key":"SteroidPotion"}],"is_trial":false,"path_per_floor":["M","?","$","M","?","R","E","M","T","?","M","R","M","M","R","B",null,"M","M","$","M","M","R","M","?","T","$","M","?","E","?","R","B",null,"M","?","$","?","?","E","R","M","T","E","R","$","M","M","M","R","B"],"character_chosen":"THE_SILENT","items_purchased":["Membership Card","Infinite Blades+1","GamblersBrew","Pen Nib","Toy Ornithopter","Phantasmal Killer","Noxious Fumes+1","Strength Potion"],"campfire_rested":3,"item_purchase_floors":[20,27,27,37,37,46,46,46],"current_hp_per_floor":[59,59,59,59,52,52,52,50,50,50,38,38,38,38,38,3,50,40,20,20,20,6,25,19,19,19,19,3,17,2,2,22,5,54,48,48,48,48,48,39,39,36,36,30,51,51,44,44,44,0],"gold":42,"neow_bonus":"THREE_ENEMY_KILL","is_prod":false,"is_daily":false,"chose_seed":false,"campfire_upgraded":4,"win_rate":0,"timestamp":1541845830,"path_taken":["M","?","?","M","?","R","E","M","T","?","?","R","M","M","R","BOSS","M","M","$","M","M","R","M","?","T","$","M","?","E","?","R","BOSS","M","?","$","?","?","E","R","M","T","E","R","$","?","M","R","BOSS"],"build_version":"2018-11-08","purchased_purges":2,"victory":false,"max_hp_per_floor":[66,66,66,66,66,66,66,66,66,66,66,66,66,66,66,66,66,66,66,66,66,66,66,66,66,66,66,68,68,68,68,68,70,70,70,70,70,70,70,70,70,72,72,72,72,72,72,72,72,72],"card_choices":[{"not_picked":["Blur","Dodge and Roll"],"picked":"Dagger Spray","floor":1.0},{"not_picked":["Flying Knee","Dagger Throw","Slice"],"picked":"SKIP","floor":4.0},{"not_picked":["Eviscerate","Bane"],"picked":"Burst","floor":7.0},{"not_picked":["Dagger Spray","Reflex"],"picked":"Blade Dance","floor":8.0},{"not_picked":["Prepared","Outmaneuver"],"picked":"PiercingWail","floor":11.0},{"not_picked":["Blade Dance","Concentrate"],"picked":"Blur","floor":13.0},{"not_picked":["Deflect","Backflip"],"picked":"Adrenaline","floor":14.0},{"not_picked":["Unload","Storm of Steel"],"picked":"Corpse Explosion","floor":16.0},{"not_picked":["Dagger Throw","Dagger Spray"],"picked":"Predator","floor":18.0},{"not_picked":["Masterful Stab+1","Bane"],"picked":"Dash","floor":19.0},{"not_picked":["Deadly Poison+1","Bane+1"],"picked":"Accuracy+1","floor":21.0},{"not_picked":["Blade Dance","Dagger Throw+1","Slice"],"picked":"SKIP","floor":22.0},{"not_picked":["Dagger Throw","Prepared","Poisoned Stab"],"picked":"SKIP","floor":24.0},{"not_picked":["PiercingWail","Quick Slash","Underhanded Strike"],"picked":"Singing Bowl","floor":28.0},{"not_picked":["Backflip","Prepared"],"picked":"Envenom+1","floor":30.0},{"not_picked":["Glass Knife","Night Terror","Grand Finale"],"picked":"Singing Bowl","floor":33.0},{"not_picked":["Slice+1","Crippling Poison"],"picked":"Bane","floor":35.0},{"not_picked":["Bane+1","Acrobatics"],"picked":"Cloak And Dagger","floor":40.0},{"not_picked":["Dagger Spray+1","Deflect","Flying Knee+1"],"picked":"Singing Bowl","floor":42.0},{"not_picked":["Setup","Poisoned Stab"],"picked":"Envenom+1","floor":44.0},{"not_picked":["Prepared+1","Riddle With Holes"],"picked":"Cloak And Dagger","floor":47.0},{"not_picked":["Eviscerate","Prepared"],"picked":"Caltrops+1","floor":48.0}],"player_experience":524856,"relics_obtained":[{"floor":7.0,"key":"Frozen Egg 2"},{"floor":9.0,"key":"Kunai"},{"floor":25.0,"key":"Red Mask"},{"floor":26.0,"key":"Singing Bowl"},{"floor":30.0,"key":"Oddly Smooth Stone"},{"floor":40.0,"key":"Shuriken"},{"floor":44.0,"key":"Bottled Flame"}],"event_choices":[{"damage_healed":0.0,"max_hp_gain":0.0,"max_hp_loss":0.0,"gold_gain":0.0,"event_name":"Living Wall","player_choice":"Grow","floor":2.0,"gold_loss":0.0,"damage_taken":0.0,"cards_upgraded":["Neutralize"]},{"cards_removed":["Strike_G"],"damage_healed":0.0,"max_hp_gain":0.0,"max_hp_loss":0.0,"gold_gain":0.0,"event_name":"Golden Wing","player_choice":"Card Removal","floor":5.0,"gold_loss":0.0,"damage_taken":7.0},{"cards_removed":["Defend_G"],"damage_healed":0.0,"max_hp_gain":0.0,"max_hp_loss":0.0,"gold_gain":0.0,"event_name":"Bonfire Elementals","player_choice":"Offered Basic","floor":10.0,"gold_loss":0.0,"damage_taken":0.0},{"damage_healed":0.0,"max_hp_gain":0.0,"max_hp_loss":0.0,"gold_gain":0.0,"event_name":"Masked Bandits","player_choice":"Fought Bandits","floor":25.0,"gold_loss":0.0,"damage_taken":0.0},{"damage_healed":14.0,"max_hp_gain":0.0,"max_hp_loss":0.0,"gold_gain":0.0,"event_name":"The Library","player_choice":"Heal","floor":29.0,"gold_loss":0.0,"damage_taken":0.0},{"damage_healed":0.0,"max_hp_gain":0.0,"max_hp_loss":0.0,"gold_gain":0.0,"event_name":"Drug Dealer","player_choice":"Inject Mutagens","floor":31.0,"gold_loss":0.0,"damage_taken":0.0,"relics_obtained":["MutagenicStrength"]},{"damage_healed":0.0,"max_hp_gain":0.0,"max_hp_loss":0.0,"gold_gain":222.0,"event_name":"Tomb of Lord Red Mask","player_choice":"Wore Mask","floor":36.0,"gold_loss":0.0,"damage_taken":0.0},{"cards_removed":["Defend_G"],"damage_healed":0.0,"max_hp_gain":0.0,"max_hp_loss":0.0,"gold_gain":0.0,"event_name":"Falling","player_choice":"Removed Skill","floor":38.0,"gold_loss":0.0,"damage_taken":0.0},{"damage_healed":0.0,"max_hp_gain":0.0,"max_hp_loss":0.0,"gold_gain":0.0,"event_name":"Designer","player_choice":"Upgraded Two","floor":39.0,"gold_loss":50.0,"damage_taken":0.0,"cards_upgraded":["PiercingWail","Corpse Explosion"]}],"is_beta":true,"boss_relics":[{"not_picked":["Velvet Choker","Busted Crown"],"picked":"Philosopher\u0027s Stone"},{"not_picked":["Sozu","Fusion Hammer"],"picked":"Empty Cage"}],"items_purged_floors":[3,37],"is_endless":false,"potions_floor_spawned":[7,8,13,19,21,24,28,30,40,42,44],"killed_by":"Time Eater","ascension_level":17}