{"gold_per_floor":[217,227,227,152,171,171,190,223,223,223,250,270,304,317,317,419,419,437,437,447,477,488,516,516,516,516,516,516],"floor_reached":28,"playtime":1095,"items_purged":["Strike_R"],"score":297,"play_id":"7c88101b-f824-4394-9312-a2f799992652","local_time":"20180923124836","is_ascension_mode":true,"campfire_choices":[{"data":"Shockwave","floor":6.0,"key":"SMITH"},{"data":"Sword Boomerang","floor":10.0,"key":"SMITH"},{"data":"Spot Weakness","floor":15,"key":"SMITH"},{"floor":27,"key":"REST"}],"neow_cost":"NONE","seed_source_timestamp":406785322962,"circlet_count":0,"master_deck":["Strike_R","Strike_R","Strike_R","Strike_R","Defend_R","Defend_R","Defend_R","Bash","Iron Wave","Sword Boomerang+1","Shockwave+1","Evolve","Anger","Flex","Carnage","Spot Weakness+1","Fiend Fire","Feel No Pain","Flex+1","Shrug It Off+1","Pummel"],"special_seed":0,"relics":["Burning Blood","Gremlin Horn","The Courier","Bronze Scales","Ornamental Fan","Mark of Pain","Tiny Chest","Matryoshka","Enchiridion","Pen Nib","Frozen Egg 2","Omamori","Blue Candle"],"potions_floor_usage":[13,16,23,28],"damage_taken":[{"damage":7.0,"enemies":"Small Slimes","floor":1.0,"turns":3.0},{"damage":6.0,"enemies":"Jaw Worm","floor":2.0,"turns":5.0},{"damage":0.0,"enemies":"2 Louse","floor":5.0,"turns":2.0},{"damage":11.0,"enemies":"Blue Slaver","floor":7.0,"turns":4.0},{"damage":35.0,"enemies":"3 Sentries","floor":8.0,"turns":8.0},{"damage":20.0,"enemies":"Lagavulin","floor":11.0,"turns":5.0},{"damage":6.0,"enemies":"Exordium Wildlife","floor":12.0,"turns":3.0},{"damage":8,"enemies":"Gremlin Nob","floor":13,"turns":3},{"damage":10,"enemies":"Lots of Slimes","floor":14,"turns":3},{"damage":20,"enemies":"The Guardian","floor":16,"turns":9},{"damage":18,"enemies":"Shell Parasite","floor":18,"turns":3},{"damage":11,"enemies":"Spheric Guardian","floor":20,"turns":3},{"damage":19,"enemies":"Cultist and Chosen","floor":22,"turns":6},{"damage":29,"enemies":"Slavers","floor":23,"turns":3},{"damage":38,"enemies":"Shelled Parasite and Fungi","floor":28,"turns":4}],"seed_played":"5419258257861361386","potions_obtained":[{"floor":2.0,"key":"Strength Potion"},{"floor":7.0,"key":"LiquidBronze"},{"floor":11.0,"key":"SpeedPotion"},{"floor":14,"key":"LiquidBronze"},{"floor":18,"key":"SpeedPotion"}],"is_trial":false,"path_per_floor":["M","M","?","$","M","R","M","E","T","R","E","M","E","M","R","B",null,"M","?","M","?","M","E","?","T","T","R"],"character_chosen":"IRONCLAD","items_purchased":[],"campfire_rested":1,"item_purchase_floors":[],"current_hp_per_floor":[79,79,72,72,78,78,73,44,44,44,30,30,28,24,24,10,80,68,68,63,63,50,27,11,11,11,35,0],"gold":516,"neow_bonus":"HUNDRED_GOLD","is_prod":false,"is_daily":false,"chose_seed":false,"campfire_upgraded":3,"win_rate":0,"timestamp":1537678116,"path_taken":["M","M","?","$","M","R","M","E","T","R","E","M","E","M","R","BOSS","M","?","?","?","M","E","?","?","T","R","M"],"build_version":"2018-09-20","purchased_purges":1,"victory":false,"max_hp_per_floor":[80,80,80,80,80,80,80,80,80,80,80,80,80,80,80,80,80,80,80,80,80,80,80,80,80,80,80,80],"card_choices":[{"not_picked":["Clothesline","Reckless Charge"],"picked":"Iron Wave","floor":1.0},{"not_picked":["True Grit","Anger"],"picked":"Sword Boomerang","floor":2.0},{"not_picked":["Evolve","Shrug It Off"],"picked":"Shockwave","floor":5.0},{"not_picked":["Pommel Strike","Iron Wave"],"picked":"Evolve","floor":7.0},{"not_picked":["Clothesline","Twin Strike"],"picked":"Anger","floor":8.0},{"not_picked":["Uppercut","Warcry"],"picked":"Flex","floor":11.0},{"not_picked":["Dual Wield","Warcry"],"picked":"Carnage","floor":12.0},{"not_picked":["Shockwave","Dual Wield"],"picked":"Perfected Strike","floor":13},{"not_picked":["Twin Strike","Clothesline"],"picked":"Spot Weakness","floor":14},{"not_picked":["Brutality","Impervious"],"picked":"Fiend Fire","floor":16},{"not_picked":["Twin Strike","Iron Wave"],"picked":"Feel No Pain","floor":18},{"not_picked":["Thunderclap+1","Clash"],"picked":"Flex+1","floor":20},{"not_picked":["Warcry+1","Iron Wave"],"picked":"Shrug It Off+1","floor":22},{"not_picked":["Iron Wave","Barricade"],"picked":"Pummel","floor":23}],"player_experience":383824,"relics_obtained":[{"floor":8.0,"key":"Gremlin Horn"},{"floor":9.0,"key":"The Courier"},{"floor":11.0,"key":"Bronze Scales"},{"floor":13,"key":"Ornamental Fan"},{"floor":23,"key":"Matryoshka"},{"floor":24,"key":"Enchiridion"},{"floor":25,"key":"Pen Nib"},{"floor":25,"key":"Frozen Egg 2"},{"floor":26,"key":"Omamori"},{"floor":26,"key":"Blue Candle"}],"event_choices":[{"event_name":"Golden Wing","player_choice":"Card Removal","floor":3.0,"damage_taken":0.0},{"event_name":"Purifier","player_choice":"One Purge","floor":19,"damage_taken":0},{"event_name":"WeMeetAgain","player_choice":"Potion","floor":21,"damage_taken":0},{"event_name":"Cursed Tome","player_choice":"Obtained Book","floor":24,"damage_taken":0}],"is_beta":true,"boss_relics":[{"not_picked":["Sozu","Snecko Eye"],"picked":"Mark of Pain"}],"items_purged_floors":[4],"is_endless":false,"potions_floor_spawned":[2,7,11,12,14,18,20],"killed_by":"Shelled Parasite and Fungi","ascension_level":3}