{"gold_per_floor":[110,110,125,137,62,62,88,88,137,157,169,189,214,52,52,131,181,193,243,263,280,71,71,71,89,89,89,89,89,105,124,124,124],"floor_reached":33,"playtime":1269,"items_purged":["Pain"],"score":668,"play_id":"18946794-f840-4001-a9dd-963d78fd58d2","local_time":"20190106115240","is_ascension_mode":true,"campfire_choices":[{"data":"Darkness","floor":6.0,"key":"SMITH"},{"data":"Buffer","floor":8.0,"key":"SMITH"},{"data":"Hologram","floor":15.0,"key":"SMITH"},{"data":"Coolheaded","floor":23.0,"key":"SMITH"},{"data":"Redo","floor":27.0,"key":"SMITH"},{"data":"Dualcast","floor":29.0,"key":"SMITH"},{"data":"Go for the Eyes","floor":32.0,"key":"SMITH"}],"neow_cost":"NONE","seed_source_timestamp":0,"circlet_count":0,"master_deck":["AscendersBane","Strike_B+1","Strike_B","Strike_B+1","Strike_B","Defend_B","Defend_B+1","Defend_B","Defend_B","Zap","Dualcast+1","Darkness+1","Hologram+1","Lockon","Buffer+1","Redo+1","Electrodynamics","Echo Form","Self Repair","Coolheaded+1","Glacier+1","Go for the Eyes+1"],"special_seed":0,"relics":["Cracked Core","NeowsBlessing","WarpedTongs","Whetstone","Potion Belt","Omamori","Tiny House","Chemical X"],"potions_floor_usage":[],"damage_taken":[{"damage":0.0,"enemies":"Small Slimes","floor":1.0,"turns":1.0},{"damage":1.0,"enemies":"Cultist","floor":3.0,"turns":1.0},{"damage":1.0,"enemies":"Jaw Worm","floor":4.0,"turns":1.0},{"damage":31.0,"enemies":"Gremlin Nob","floor":7.0,"turns":4.0},{"damage":8.0,"enemies":"Exordium Wildlife","floor":10.0,"turns":4.0},{"damage":1.0,"enemies":"Looter","floor":11.0,"turns":3.0},{"damage":0.0,"enemies":"Blue Slaver","floor":12.0,"turns":4.0},{"damage":0.0,"enemies":"Lagavulin","floor":13.0,"turns":5.0},{"damage":0.0,"enemies":"Hexaghost","floor":16.0,"turns":7.0},{"damage":0.0,"enemies":"Chosen","floor":18.0,"turns":5.0},{"damage":33.0,"enemies":"Shell Parasite","floor":20.0,"turns":5.0},{"damage":0.0,"enemies":"Snake Plant","floor":21.0,"turns":3.0},{"damage":0.0,"enemies":"Cultist and Chosen","floor":25.0,"turns":6.0},{"damage":18.0,"enemies":"3 Cultists","floor":30.0,"turns":6.0},{"damage":0.0,"enemies":"Snecko","floor":31.0,"turns":6.0},{"damage":0,"enemies":"Automaton","floor":33,"turns":1}],"seed_played":"9020119491111748476","potions_obtained":[{"floor":1.0,"key":"Dexterity Potion"},{"floor":4.0,"key":"Fire Potion"},{"floor":11.0,"key":"SkillPotion"},{"floor":12.0,"key":"SteroidPotion"},{"floor":17.0,"key":"Swift Potion"},{"floor":20.0,"key":"Energy Potion"},{"floor":30.0,"key":"Fire Potion"}],"is_trial":false,"path_per_floor":["M","?","M","M","$","R","E","R","T","M","M","M","E","$","R","B",null,"M","?","M","M","$","R","?","M","T","R","?","R","M","M","R","B"],"character_chosen":"DEFECT","items_purchased":["Electrodynamics","Chemical X"],"campfire_rested":0,"item_purchase_floors":[14,22],"current_hp_per_floor":[64,64,63,62,62,62,31,31,31,23,22,22,22,22,22,22,64,74,74,51,51,51,51,51,51,51,51,51,51,43,50,50,50],"gold":124,"neow_bonus":"THREE_ENEMY_KILL","is_prod":false,"is_daily":false,"chose_seed":false,"campfire_upgraded":7,"win_rate":0,"timestamp":1546746760,"path_taken":["M","?","?","M","$","R","E","R","T","M","?","M","E","$","R","BOSS","M","?","M","M","$","R","?","M","T","R","?","R","M","M","R","BOSS"],"build_version":"2019-01-03v4","purchased_purges":1,"victory":false,"max_hp_per_floor":[71,71,71,71,71,71,71,71,71,71,71,71,71,71,71,71,76,76,76,76,76,76,76,76,76,76,76,76,76,76,76,76,76],"card_choices":[{"not_picked":["Stack","Coolheaded"],"picked":"Darkness","floor":1.0},{"not_picked":["Capacitor","Streamline"],"picked":"Hologram","floor":3.0},{"not_picked":["Coolheaded","Rip and Tear"],"picked":"Lockon","floor":4.0},{"not_picked":["Compile Driver","Doom and Gloom"],"picked":"Buffer","floor":7.0},{"not_picked":["Cold Snap","Streamline","Rebound"],"picked":"SKIP","floor":10.0},{"not_picked":["Turbo","Coolheaded"],"picked":"Redo","floor":11.0},{"not_picked":["Sweeping Beam","Leap","Hologram"],"picked":"SKIP","floor":12.0},{"not_picked":["Fusion","Redo","Stack"],"picked":"SKIP","floor":13.0},{"not_picked":["Meteor Strike","Fission"],"picked":"Echo Form","floor":16.0},{"not_picked":["Cold Snap","Hello World"],"picked":"Self Repair","floor":17.0},{"not_picked":["Gash","Rebound+1","Leap"],"picked":"SKIP","floor":18.0},{"not_picked":["Cold Snap","Steam"],"picked":"Coolheaded","floor":20.0},{"not_picked":["Rebound","Coolheaded","Cold Snap"],"picked":"SKIP","floor":21.0},{"not_picked":["Beam Cell","Chill"],"picked":"Glacier+1","floor":25.0},{"not_picked":["Rebound","All For One","Go for the Eyes"],"picked":"SKIP","floor":30.0},{"not_picked":["Rebound","All For One"],"picked":"Go for the Eyes","floor":30.0},{"not_picked":["Redo","Blizzard","Rebound"],"picked":"SKIP","floor":31.0}],"player_experience":672861,"relics_obtained":[{"floor":7.0,"key":"Whetstone"},{"floor":9.0,"key":"Potion Belt"},{"floor":13.0,"key":"Omamori"}],"event_choices":[{"damage_healed":0.0,"max_hp_gain":0.0,"max_hp_loss":0.0,"gold_gain":0.0,"event_name":"Accursed Blacksmith","player_choice":"Rummage","floor":2.0,"gold_loss":0.0,"damage_taken":0.0,"relics_obtained":["WarpedTongs"],"cards_obtained":["Pain"]},{"damage_healed":0.0,"max_hp_gain":0.0,"max_hp_loss":0.0,"gold_gain":50.0,"event_name":"Nest","player_choice":"Stole From Cult","floor":19.0,"gold_loss":0.0,"damage_taken":0.0},{"damage_healed":0.0,"max_hp_gain":0.0,"max_hp_loss":0.0,"gold_gain":0.0,"event_name":"The Mausoleum","player_choice":"Ignored","floor":24.0,"gold_loss":0.0,"damage_taken":0.0},{"damage_healed":0.0,"max_hp_gain":0.0,"max_hp_loss":0.0,"gold_gain":0.0,"event_name":"Vampires","player_choice":"Ignored","floor":28.0,"gold_loss":0.0,"damage_taken":0.0}],"is_beta":true,"boss_relics":[{"not_picked":["Astrolabe","Lizard Tail"],"picked":"Tiny House"}],"items_purged_floors":[5],"is_endless":false,"potions_floor_spawned":[1,4,11,12,13,20,30],"killed_by":"Automaton","ascension_level":20}