{"gold_per_floor":[236,236,264,289,324,324,40,40,73,105,105],"floor_reached":11,"playtime":316,"items_purged":["Strike_B"],"score":210,"play_id":"9096088f-3648-44d1-95a0-cb45a9c640e7","local_time":"20190404211131","daily_mods":["Uncertain Future"],"is_ascension_mode":true,"campfire_choices":[{"data":"Apotheosis","floor":2,"key":"SMITH"},{"floor":8,"key":"REST"}],"neow_cost":"","seed_source_timestamp":0,"circlet_count":0,"master_deck":["AscendersBane","Strike_B+1","Strike_B","Strike_B","Defend_B","Defend_B","Defend_B","Defend_B","Zap","Dualcast","Apotheosis+1","Capacitor","Beam Cell+1","Redo","Leap","White Noise","BootSequence","Undo"],"relics":["Cracked Core","Black Star","Sling","PreservedInsect","Regal Pillow","Omamori","Kunai","Cables","Anchor","Shuriken","Oddly Smooth Stone","Whetstone","Sozu","Mummified Hand","Potion Belt","Art of War","Dream Catcher","Sundial"],"potions_floor_usage":[5],"damage_taken":[{"damage":12,"enemies":"Gremlin Nob","floor":3,"turns":3},{"damage":24,"enemies":"Lagavulin","floor":4,"turns":4},{"damage":4,"enemies":"3 Sentries","floor":5,"turns":4},{"damage":37,"enemies":"Slavers","floor":9,"turns":4},{"damage":20,"enemies":"Book of Stabbing","floor":10,"turns":5},{"damage":8,"enemies":"Gremlin Leader","floor":11,"turns":3}],"seed_played":"-4539967415601750479","potions_obtained":[{"floor":3,"key":"Fire Potion"}],"is_trial":true,"path_per_floor":["$","R","E","E","E","T","$","R","E","E","E"],"character_chosen":"DEFECT","items_purchased":["Apotheosis","Regal Pillow","Capacitor","Beam Cell","Redo","Omamori","Mummified Hand"],"campfire_rested":1,"item_purchase_floors":[1,1,1,1,1,1,7],"current_hp_per_floor":[64,64,52,28,24,24,24,60,23,3,0],"gold":105,"neow_bonus":"","is_prod":false,"is_daily":false,"chose_seed":false,"campfire_upgraded":1,"win_rate":0,"timestamp":1554383491,"path_taken":["$","R","E","E","E","T","$","R","E","E","E"],"build_version":"2019-01-23","purchased_purges":1,"victory":false,"max_hp_per_floor":[71,71,71,71,71,71,71,71,71,71,71],"card_choices":[{"not_picked":["Blizzard","Cold Snap"],"picked":"Leap","floor":3},{"not_picked":["Leap","Multi-Cast"],"picked":"White Noise","floor":4},{"not_picked":["BootSequence","Steam","Beam Cell"],"picked":"SKIP","floor":5},{"not_picked":["Steam","Beam Cell"],"picked":"BootSequence","floor":5},{"not_picked":["Rip and Tear","Fusion"],"picked":"Undo","floor":9},{"not_picked":["Auto Shields","Barrage","Sweeping Beam"],"picked":"SKIP","floor":10}],"player_experience":914851,"relics_obtained":[{"floor":3,"key":"Kunai"},{"floor":3,"key":"Cables"},{"floor":4,"key":"Anchor"},{"floor":4,"key":"Shuriken"},{"floor":5,"key":"Oddly Smooth Stone"},{"floor":5,"key":"Whetstone"},{"floor":9,"key":"Potion Belt"},{"floor":9,"key":"Art of War"},{"floor":10,"key":"Dream Catcher"},{"floor":10,"key":"Sundial"}],"event_choices":[],"is_beta":false,"boss_relics":[{"not_picked":["Busted Crown","Tiny House"],"picked":"Sozu"}],"items_purged_floors":[1],"is_endless":false,"potions_floor_spawned":[3,10],"killed_by":"Gremlin Leader","ascension_level":20}