{"gold_per_floor":[13,13,88,105,70,70,85,85,85,85,260,292,310,322,322,422,422,422,265,265,265,190,190,190,190],"floor_reached":25,"playtime":694,"items_purged":["Doubt"],"score":322,"play_id":"e6d10f8f-ebd8-4b4e-9171-110ed2f34348","local_time":"20181007174438","is_ascension_mode":true,"campfire_choices":[{"data":"Zap","floor":6.0,"key":"SMITH"},{"data":"Redo","floor":8.0,"key":"SMITH"},{"data":"Dualcast","floor":10.0,"key":"SMITH"},{"data":"Rainbow","floor":15.0,"key":"SMITH"},{"floor":23,"key":"REST"}],"neow_cost":"NO_GOLD","seed_source_timestamp":340196660081,"circlet_count":0,"master_deck":["Strike_B","Strike_B","Strike_B","Strike_B","Defend_B","Defend_B","Defend_B","Defend_B","Zap+1","Dualcast+1","AscendersBane","Rainbow+1","Redo+1","Ball Lightning","Stack","Sunder","Leap","Electrodynamics","Core Surge","Capacitor","Cold Snap","Stack"],"special_seed":0,"relics":["Cracked Core","Shuriken","Pantograph","Ectoplasm","FossilizedHelix"],"potions_floor_usage":[21,24,25],"damage_taken":[{"damage":1.0,"enemies":"2 Louse","floor":1.0,"turns":2.0},{"damage":10.0,"enemies":"Jaw Worm","floor":4.0,"turns":3.0},{"damage":0.0,"enemies":"Cultist","floor":7.0,"turns":3.0},{"damage":26.0,"enemies":"3 Sentries","floor":12.0,"turns":7.0},{"damage":17.0,"enemies":"Exordium Wildlife","floor":13.0,"turns":4.0},{"damage":8.0,"enemies":"2 Fungi Beasts","floor":14.0,"turns":3.0},{"damage":35,"enemies":"Hexaghost","floor":16,"turns":9},{"damage":11,"enemies":"Spheric Guardian","floor":18,"turns":3},{"damage":33,"enemies":"Shell Parasite","floor":21,"turns":6},{"damage":14,"enemies":"Cultist and Chosen","floor":24,"turns":6},{"damage":41,"enemies":"Gremlin Leader","floor":25,"turns":5}],"seed_played":"-1865603939656759235","potions_obtained":[{"floor":4.0,"key":"FearPotion"},{"floor":14.0,"key":"Energy Potion"},{"floor":16,"key":"Regen Potion"},{"floor":21,"key":"Poison Potion"}],"is_trial":false,"path_per_floor":["M","?","?","M","?","R","M","R","T","R","?","E","M","M","R","B",null,"M","$","?","M","?","R","M"],"character_chosen":"DEFECT","items_purchased":["Capacitor"],"campfire_rested":1,"item_purchase_floors":[19],"current_hp_per_floor":[67,72,61,51,71,71,71,71,71,71,71,45,28,20,20,10,63,52,52,52,19,19,43,38,0],"gold":190,"neow_bonus":"THREE_RARE_CARDS","is_prod":false,"is_daily":false,"chose_seed":false,"campfire_upgraded":4,"win_rate":0,"timestamp":1538905478,"path_taken":["M","?","?","M","?","R","?","R","T","R","?","E","?","?","R","BOSS","M","$","?","M","?","R","M","E"],"build_version":"2018-10-04","purchased_purges":1,"victory":false,"max_hp_per_floor":[75,80,80,80,80,80,80,80,80,80,80,80,80,80,80,80,80,80,80,80,80,80,80,80,80],"card_choices":[{"not_picked":["Seek","Amplify"],"picked":"Rainbow","floor":0.0},{"not_picked":["Gash","Coolheaded"],"picked":"Redo","floor":1.0},{"not_picked":["Coolheaded","Chaos"],"picked":"Ball Lightning","floor":4.0},{"not_picked":["Hologram","Sweeping Beam"],"picked":"Stack","floor":7.0},{"not_picked":["Consume","Gash"],"picked":"Sunder","floor":12.0},{"not_picked":["Ball Lightning","Genetic Algorithm"],"picked":"Leap","floor":13.0},{"not_picked":["Cold Snap","Chill"],"picked":"Electrodynamics","floor":14.0},{"not_picked":["Electrodynamics","Rainbow"],"picked":"Core Surge","floor":16},{"not_picked":["Ball Lightning","Rebound","Hologram"],"picked":"SKIP","floor":18},{"not_picked":["Static Discharge","Force Field"],"picked":"Cold Snap","floor":21},{"not_picked":["Steam Power","Gash+1"],"picked":"Stack","floor":24}],"player_experience":426305,"relics_obtained":[{"floor":9.0,"key":"Shuriken"},{"floor":12.0,"key":"Pantograph"}],"event_choices":[{"event_name":"Big Fish","player_choice":"Donut","floor":2.0,"damage_taken":0.0},{"event_name":"World of Goop","player_choice":"Gather Gold","floor":3.0,"damage_taken":0.0},{"event_name":"The Cleric","player_choice":"Healed","floor":5.0,"damage_taken":0.0},{"event_name":"Liars Game","player_choice":"agreed","floor":11.0,"damage_taken":0.0},{"event_name":"The Mausoleum","player_choice":"Yes","floor":20,"damage_taken":0},{"event_name":"Beggar","player_choice":"Gave Gold","floor":22,"damage_taken":0}],"is_beta":true,"boss_relics":[{"not_picked":["Eternal Feather","Velvet Choker"],"picked":"Ectoplasm"}],"items_purged_floors":[19],"is_endless":false,"potions_floor_spawned":[4,14,16,21],"killed_by":"Gremlin Leader","ascension_level":12}