{"gold_per_floor":[109,109,30,54,70,70,89,114,141,153,168,168,178,204,204,303,303,316,124,135,135,50,77,77,105,156,156,256,289,289,303,303,404,404,416,416,32,32,43,78,98,129,129,0,55,65,95,95,95,95],"floor_reached":50,"playtime":2129,"items_purged":["Defend_R"],"score":866,"play_id":"89e4da91-a5c7-41b9-a014-1a0a39a8ae26","local_time":"20190809163619","is_ascension_mode":true,"campfire_choices":[{"floor":15,"key":"REST"},{"data":"Double Tap","floor":24,"key":"SMITH"},{"data":"Rage","floor":27,"key":"SMITH"},{"floor":30,"key":"REST"},{"data":"Pummel","floor":32,"key":"SMITH"},{"floor":49,"key":"REST"}],"neow_cost":"NONE","seed_source_timestamp":1495484570187984,"circlet_count":0,"master_deck":["Defend_R","Defend_R","Defend_R+1","Bash","Battle Trance+1","Spot Weakness+1","Pummel+1","Carnage+1","Seeing Red","Twin Strike+1","Trip","Searing Blow+2","Feed+1","Immolate+1","Double Tap+1","Cleave+1","Carnage+1","Bite+1","Bite+1","Bite+1","Bite+1","Twin Strike+1","Rage+1","Pummel+1","Headbutt+1","Pommel Strike+1","Impervious","Madness","Madness","Mind Blast+1","Evolve","Shrug It Off","Ghostly Armor+1","Reaper+1","Intimidate","Fiend Fire+1","HandOfGreed+1"],"relics":["Burning Blood","NeowsBlessing","War Paint","Molten Egg 2","Oddly Smooth Stone","Paper Frog","Sozu","Lantern","Orichalcum","Smiling Mask","Ornamental Fan","Ancient Tea Set","Dead Branch","Bottled Lightning","Mummified Hand","Black Star","Happy Flower","Shuriken","Anchor","Pantograph","Bag of Marbles","Torii","Red Mask","Gambling Chip","Juzu Bracelet","Pear"],"potions_floor_usage":[10,16,16,16],"damage_taken":[{"damage":0,"enemies":"Small Slimes","floor":1,"turns":1},{"damage":0,"enemies":"Cultist","floor":5,"turns":1},{"damage":0,"enemies":"Jaw Worm","floor":7,"turns":1},{"damage":18,"enemies":"3 Sentries","floor":8,"turns":6},{"damage":4,"enemies":"Exordium Wildlife","floor":10,"turns":4},{"damage":26,"enemies":"Gremlin Gang","floor":11,"turns":5},{"damage":7,"enemies":"Blue Slaver","floor":13,"turns":2},{"damage":16,"enemies":"Gremlin Nob","floor":14,"turns":3},{"damage":60,"enemies":"Hexaghost","floor":16,"turns":8},{"damage":14,"enemies":"Shell Parasite","floor":18,"turns":2},{"damage":6,"enemies":"Chosen","floor":20,"turns":3},{"damage":6,"enemies":"Book of Stabbing","floor":23,"turns":2},{"damage":0,"enemies":"Gremlin Leader","floor":25,"turns":4},{"damage":9,"enemies":"Colosseum Slavers","floor":28,"turns":2},{"damage":0,"enemies":"Colosseum Nobs","floor":28,"turns":2},{"damage":39,"enemies":"Slavers","floor":29,"turns":4},{"damage":13,"enemies":"Shelled Parasite and Fungi","floor":31,"turns":4},{"damage":0,"enemies":"Collector","floor":33,"turns":2},{"damage":13,"enemies":"3 Shapes","floor":35,"turns":3},{"damage":23,"enemies":"3 Darklings","floor":39,"turns":3},{"damage":9,"enemies":"Giant Head","floor":40,"turns":5},{"damage":28,"enemies":"Maw","floor":41,"turns":5},{"damage":0,"enemies":"Reptomancer","floor":42,"turns":2},{"damage":0,"enemies":"2 Orb Walkers","floor":45,"turns":1},{"damage":0,"enemies":"Writhing Mass","floor":46,"turns":2},{"damage":33,"enemies":"Giant Head","floor":47,"turns":6},{"damage":84,"enemies":"Time Eater","floor":50,"turns":9}],"seed_played":"-6622429609122904477","potions_obtained":[{"floor":1,"key":"AttackPotion"},{"floor":7,"key":"GamblersBrew"},{"floor":13,"key":"BloodPotion"},{"floor":14,"key":"Poison Potion"}],"is_trial":false,"path_per_floor":["M","?","$","T","M","?","M","E","T","M","M","?","M","E","R","B",null,"M","$","M","?","?","E","R","E","T","R","?","E","R","M","R","B",null,"M","?","$","?","M","E","M","E","T","?","?","M","E","?","R","B"],"character_chosen":"IRONCLAD","items_purchased":["Spot Weakness","Lantern","Carnage+1","Mind Blast+1","Happy Flower","Evolve","Shrug It Off"],"campfire_rested":3,"item_purchase_floors":[3,19,19,37,37,37,37],"current_hp_per_floor":[80,80,80,80,80,80,80,68,68,70,50,50,49,39,63,29,80,76,76,76,58,58,58,58,58,58,58,58,34,51,56,56,58,58,55,47,47,47,36,46,27,36,36,36,42,51,52,52,74,0],"gold":95,"neow_bonus":"THREE_ENEMY_KILL","is_prod":false,"is_daily":false,"chose_seed":false,"campfire_upgraded":3,"win_rate":0,"timestamp":1565382979,"path_taken":["M","?","$","?","M","?","?","E","T","M","M","?","?","E","R","BOSS","M","$","M","?","?","E","R","E","T","R","?","E","R","M","R","BOSS","M","?","$","?","M","E","M","E","T","?","?","M","E","?","R","BOSS"],"build_version":"2019-06-28","purchased_purges":1,"victory":false,"max_hp_per_floor":[80,80,80,80,80,80,80,80,80,80,80,80,80,80,80,80,80,84,84,84,58,58,58,58,58,58,58,58,58,58,58,58,58,58,62,62,62,62,62,66,66,66,66,66,66,66,76,76,76,76],"card_choices":[{"not_picked":["Second Wind","Body Slam"],"picked":"Battle Trance","floor":1},{"not_picked":["Burning Pact","Wild Strike","Sword Boomerang"],"picked":"SKIP","floor":5},{"not_picked":["Thunderclap","Burning Pact"],"picked":"Pummel","floor":7},{"not_picked":["Thunderclap","Havoc"],"picked":"Carnage","floor":8},{"not_picked":["Warcry","Clash+1"],"picked":"Seeing Red","floor":10},{"not_picked":["Anger+1","Perfected Strike+1"],"picked":"Twin Strike+1","floor":11},{"not_picked":["Wild Strike+1","Spot Weakness"],"picked":"Feed+1","floor":13},{"not_picked":["Clothesline+1","Pummel+1"],"picked":"Immolate+1","floor":14},{"not_picked":["Exhume","Feed+1"],"picked":"Double Tap","floor":16},{"not_picked":["Power Through","Inflame+1"],"picked":"Cleave+1","floor":18},{"not_picked":["Seeing Red","True Grit","Clash+1"],"picked":"SKIP","floor":20},{"not_picked":["Bloodletting+1","Reckless Charge+1"],"picked":"Twin Strike+1","floor":23},{"not_picked":["Iron Wave+1","Armaments"],"picked":"Rage","floor":25},{"not_picked":["Iron Wave+1","Perfected Strike+1"],"picked":"Pummel+1","floor":28},{"not_picked":["Berserk","Armaments+1"],"picked":"Headbutt+1","floor":29},{"not_picked":["Twin Strike+1","Juggernaut"],"picked":"Pommel Strike+1","floor":31},{"not_picked":["Feed+1","Brutality"],"picked":"Impervious","floor":33},{"not_picked":["Seeing Red+1","Sword Boomerang+1","Twin Strike+1"],"picked":"SKIP","floor":35},{"not_picked":["Armaments","Seeing Red","Anger+1"],"picked":"SKIP","floor":39},{"not_picked":["Headbutt+1","Body Slam+1","Pommel Strike+1"],"picked":"SKIP","floor":40},{"not_picked":["Wild Strike+1","Sever Soul+1","Body Slam+1"],"picked":"SKIP","floor":41},{"not_picked":["Intimidate+1","Thunderclap+1"],"picked":"Ghostly Armor+1","floor":42},{"not_picked":["Rampage+1","Twin Strike+1"],"picked":"Reaper+1","floor":45},{"not_picked":["Corruption","Anger+1"],"picked":"Intimidate","floor":46},{"not_picked":["Rupture+1","Flex+1"],"picked":"Fiend Fire+1","floor":47},{"not_picked":["Deep Breath","Sadistic Nature"],"picked":"HandOfGreed+1","floor":48}],"player_experience":62067,"relics_obtained":[{"floor":4,"key":"War Paint"},{"floor":8,"key":"Molten Egg 2"},{"floor":9,"key":"Oddly Smooth Stone"},{"floor":14,"key":"Paper Frog"},{"floor":23,"key":"Smiling Mask"},{"floor":25,"key":"Ornamental Fan"},{"floor":26,"key":"Ancient Tea Set"},{"floor":28,"key":"Dead Branch"},{"floor":28,"key":"Bottled Lightning"},{"floor":29,"key":"Mummified Hand"},{"floor":40,"key":"Shuriken"},{"floor":40,"key":"Anchor"},{"floor":42,"key":"Pantograph"},{"floor":42,"key":"Bag of Marbles"},{"floor":43,"key":"Torii"},{"floor":45,"key":"Gambling Chip"},{"floor":47,"key":"Juzu Bracelet"},{"floor":47,"key":"Pear"}],"event_choices":[{"damage_healed":0,"gold_gain":0,"player_choice":"Upgraded","damage_taken":0,"max_hp_gain":0,"max_hp_loss":0,"event_name":"Upgrade Shrine","floor":2,"gold_loss":0,"cards_upgraded":["Battle Trance"]},{"damage_healed":0,"gold_gain":0,"player_choice":"Leave","damage_taken":0,"max_hp_gain":0,"max_hp_loss":0,"event_name":"The Cleric","floor":6,"gold_loss":0},{"damage_healed":0,"gold_gain":0,"player_choice":"2 cards matched","damage_taken":0,"max_hp_gain":0,"max_hp_loss":0,"event_name":"Match and Keep!","floor":12,"gold_loss":0,"cards_obtained":["Trip","Searing Blow"]},{"damage_healed":0,"gold_gain":0,"player_choice":"Became a vampire","damage_taken":0,"max_hp_gain":0,"max_hp_loss":26,"event_name":"Vampires","floor":21,"gold_loss":0,"cards_obtained":["Bite","Bite","Bite","Bite","Bite"]},{"damage_healed":0,"gold_gain":0,"player_choice":"Obtained Relic","damage_taken":0,"relics_obtained":["Orichalcum"],"max_hp_gain":0,"max_hp_loss":0,"event_name":"Addict","floor":22,"gold_loss":85},{"damage_healed":0,"gold_gain":0,"player_choice":"Fight","damage_taken":0,"max_hp_gain":0,"max_hp_loss":0,"event_name":"Colosseum","floor":28,"gold_loss":0},{"damage_healed":0,"gold_gain":0,"player_choice":"Fought Nobs","damage_taken":0,"max_hp_gain":0,"max_hp_loss":0,"event_name":"Colosseum","floor":28,"gold_loss":0},{"damage_healed":0,"gold_gain":0,"player_choice":"Embrace Madness","damage_taken":8,"max_hp_gain":0,"max_hp_loss":0,"event_name":"Winding Halls","floor":36,"gold_loss":0,"cards_obtained":["Madness","Madness"]},{"cards_removed":["Bite"],"damage_healed":0,"gold_gain":0,"player_choice":"Removed Attack","damage_taken":0,"max_hp_gain":0,"max_hp_loss":0,"event_name":"Falling","floor":38,"gold_loss":0},{"damage_healed":0,"gold_gain":0,"player_choice":"Paid","damage_taken":0,"relics_obtained":["Red Mask"],"max_hp_gain":0,"max_hp_loss":0,"event_name":"Tomb of Lord Red Mask","floor":44,"gold_loss":129},{"damage_healed":0,"gold_gain":0,"player_choice":"Fight","damage_taken":0,"max_hp_gain":0,"max_hp_loss":0,"event_name":"Mysterious Sphere","floor":45,"gold_loss":0},{"damage_healed":0,"gold_gain":0,"player_choice":"Memory 1","damage_taken":0,"max_hp_gain":0,"max_hp_loss":0,"event_name":"SensoryStone","floor":48,"gold_loss":0}],"is_beta":true,"boss_relics":[{"not_picked":["Snecko Eye","Runic Cube"],"picked":"Sozu"},{"not_picked":["Empty Cage","Tiny House"],"picked":"Black Star"}],"items_purged_floors":[37],"is_endless":false,"potions_floor_spawned":[1,7,13,14,20,23,28,29,31,39,40,41,46],"killed_by":"Time Eater","ascension_level":2}