{"gold_per_floor":[217,167,242,202,216,216,228,255,255,290,16,36,63,63,75,87],"floor_reached":16,"playtime":1239,"items_purged":["Strike_B"],"score":136,"play_id":"e57c5a57-6730-46fb-9b46-0534afff1536","local_time":"20190810130340","is_ascension_mode":true,"campfire_choices":[{"data":"Zap","floor":6,"key":"SMITH"},{"data":"Coolheaded","floor":15,"key":"SMITH"}],"neow_cost":"NONE","seed_source_timestamp":493598639280074,"circlet_count":0,"master_deck":["Strike_B","Strike_B","Defend_B","Defend_B","Defend_B","Defend_B","Zap+1","Dualcast","Chill","Conserve Battery","Reboot","Coolheaded+1","Blur"],"relics":["Cracked Core","Question Card","Pear","Bird Faced Urn","PrismaticShard","PreservedInsect","MawBank"],"potions_floor_usage":[5,8,8,10,13,13,16,16,16],"damage_taken":[{"damage":0,"enemies":"2 Louse","floor":1,"turns":2},{"damage":4,"enemies":"Small Slimes","floor":5,"turns":3},{"damage":0,"enemies":"Cultist","floor":7,"turns":3},{"damage":49,"enemies":"Gremlin Nob","floor":8,"turns":5},{"damage":3,"enemies":"3 Sentries","floor":10,"turns":7},{"damage":6,"enemies":"3 Louse","floor":12,"turns":3},{"damage":4,"enemies":"Lagavulin","floor":13,"turns":9},{"damage":28,"enemies":"The Guardian","floor":16,"turns":13}],"seed_played":"705083982173377236","potions_obtained":[{"floor":4,"key":"EntropicBrew"},{"floor":4,"key":"Dexterity Potion"},{"floor":4,"key":"Swift Potion"},{"floor":5,"key":"Regen Potion"},{"floor":8,"key":"SneckoOil"},{"floor":12,"key":"SkillPotion"}],"is_trial":false,"path_per_floor":["M","?","?","?","M","R","M","E","T","E","$","M","E","?","R","B"],"character_chosen":"DEFECT","items_purchased":["PrismaticShard"],"campfire_rested":0,"item_purchase_floors":[11],"current_hp_per_floor":[75,75,64,64,60,60,60,23,33,30,30,24,20,20,20,0],"gold":87,"neow_bonus":"HUNDRED_GOLD","is_prod":false,"is_daily":false,"chose_seed":false,"campfire_upgraded":2,"win_rate":0,"timestamp":1565435020,"path_taken":["M","?","?","?","M","R","?","E","T","E","$","M","E","?","R","BOSS"],"build_version":"2019-07-17","purchased_purges":1,"victory":false,"max_hp_per_floor":[75,75,75,75,75,75,75,75,85,85,85,85,85,85,85,85],"card_choices":[{"not_picked":["Steam","Force Field"],"picked":"Sweeping Beam","floor":1},{"not_picked":["Rebound","Ball Lightning"],"picked":"Chill","floor":5},{"not_picked":["Blizzard","Streamline"],"picked":"Conserve Battery","floor":7},{"not_picked":["Cold Snap","Reprogram"],"picked":"Reboot","floor":8},{"not_picked":["Skim","White Noise","Hologram"],"picked":"Coolheaded","floor":10},{"not_picked":["Choke","Quick Slash","Dual Wield"],"picked":"Blur","floor":12},{"not_picked":["Terror","Sucker Punch","Swift Strike","Bandage Up"],"picked":"SKIP","floor":13}],"player_experience":90189,"relics_obtained":[{"floor":8,"key":"Question Card"},{"floor":9,"key":"Pear"},{"floor":10,"key":"Bird Faced Urn"},{"floor":13,"key":"PreservedInsect"}],"event_choices":[{"cards_removed":["Strike_B"],"damage_healed":0,"gold_gain":0,"player_choice":"Card Removal","damage_taken":0,"max_hp_gain":0,"max_hp_loss":0,"event_name":"The Cleric","floor":2,"gold_loss":50},{"damage_healed":0,"gold_gain":75,"player_choice":"Gather Gold","damage_taken":11,"max_hp_gain":0,"max_hp_loss":0,"event_name":"World of Goop","floor":3,"gold_loss":0},{"damage_healed":0,"gold_gain":0,"player_choice":"Bought 3 Potions","damage_taken":0,"max_hp_gain":0,"max_hp_loss":0,"event_name":"The Woman in Blue","floor":4,"gold_loss":0},{"cards_removed":["Sweeping Beam"],"damage_healed":0,"gold_gain":0,"player_choice":"Gave Card","damage_taken":0,"relics_obtained":["MawBank"],"max_hp_gain":0,"max_hp_loss":0,"event_name":"WeMeetAgain","floor":14,"gold_loss":0}],"is_beta":false,"boss_relics":[],"items_purged_floors":[11],"is_endless":false,"potions_floor_spawned":[5,8,12],"killed_by":"The Guardian","ascension_level":3}