{"gold_per_floor":[112,127,127,202,10,10,10,20,45,45],"floor_reached":10,"playtime":1037,"items_purged":["Strike_G"],"score":56,"play_id":"0f1f4bce-ef0b-48c7-b9ba-2d37306e70e7","local_time":"20190809190430","is_ascension_mode":false,"campfire_choices":[{"data":"Neutralize","floor":6,"key":"SMITH"}],"neow_cost":"NONE","seed_source_timestamp":1570470358001000,"circlet_count":0,"master_deck":["Strike_G","Strike_G","Strike_G","Defend_G","Defend_G","Defend_G","Defend_G","Defend_G","Survivor","Neutralize+1","Bullet Time","Backflip","Acrobatics","Backflip","Finesse"],"relics":["Ring of the Snake","Ancient Tea Set"],"potions_floor_usage":[],"damage_taken":[{"damage":0,"enemies":"Cultist","floor":1,"turns":5},{"damage":0,"enemies":"Small Slimes","floor":2,"turns":4},{"damage":3,"enemies":"2 Louse","floor":8,"turns":5},{"damage":33,"enemies":"Lagavulin","floor":10,"turns":15}],"seed_played":"-7435133005708661969","potions_obtained":[{"floor":1,"key":"Block Potion"}],"is_trial":false,"path_per_floor":["M","M","?","?","$","R","?","M","T","E"],"character_chosen":"THE_SILENT","items_purchased":["Backflip","Finesse"],"campfire_rested":0,"item_purchase_floors":[5,5],"current_hp_per_floor":[70,70,75,64,64,64,75,72,72,39],"gold":45,"neow_bonus":"TRANSFORM_CARD","is_prod":false,"is_daily":false,"chose_seed":false,"campfire_upgraded":1,"win_rate":0.0,"timestamp":1565370270,"path_taken":["M","?","?","?","$","R","?","M","T","E"],"build_version":"2019-07-17","purchased_purges":1,"victory":false,"max_hp_per_floor":[70,70,75,75,75,75,75,75,75,75],"card_choices":[{"not_picked":["Reflex","Quick Slash"],"picked":"Backflip","floor":1},{"not_picked":["Outmaneuver","Sucker Punch"],"picked":"Acrobatics","floor":2},{"not_picked":["A Thousand Cuts","Dodge and Roll","PiercingWail"],"picked":"SKIP","floor":8}],"player_experience":360980,"relics_obtained":[{"floor":9,"key":"Ancient Tea Set"}],"event_choices":[{"damage_healed":0,"gold_gain":0,"player_choice":"Donut","damage_taken":0,"max_hp_gain":5,"max_hp_loss":0,"event_name":"Big Fish","floor":3,"gold_loss":0},{"damage_healed":0,"gold_gain":75,"player_choice":"Gather Gold","damage_taken":11,"max_hp_gain":0,"max_hp_loss":0,"event_name":"World of Goop","floor":4,"gold_loss":0},{"damage_healed":11,"gold_gain":0,"player_choice":"Full Heal","damage_taken":0,"max_hp_gain":0,"max_hp_loss":0,"event_name":"Wheel of Change","floor":7,"gold_loss":0}],"is_beta":false,"boss_relics":[],"items_purged_floors":[5],"is_endless":false,"potions_floor_spawned":[1],"killed_by":"Lagavulin","ascension_level":0}