{"gold_per_floor":[166,166,166,64,79,79,52,52,52,26,36,36,11,11,11,108,108,121,133,133],"floor_reached":20,"playtime":779,"items_purged":[],"score":176,"play_id":"8239ed25-39d6-4847-92d5-16a9abc6edd3","local_time":"20180725223517","is_ascension_mode":true,"campfire_choices":[{"data":"Well Laid Plans","floor":6,"key":"SMITH"},{"data":"A Thousand Cuts","floor":8,"key":"SMITH"},{"data":"Accuracy","floor":15,"key":"SMITH"}],"neow_cost":"NONE","seed_source_timestamp":0,"circlet_count":0,"master_deck":["Survivor+1","Neutralize","Bouncing Flask+1","Dagger Throw","A Thousand Cuts+1","Well Laid Plans+1","Flying Knee","PiercingWail","Prepared","PiercingWail","Leg Sweep","Accuracy+1","Storm of Steel","Slice","Grand Finale","Terror","Masterful Stab","Prepared","Blade Dance","Riddle With Holes","Dodge and Roll","Outmaneuver","Cloak And Dagger","Outmaneuver","Sucker Punch","Heel Hook"],"special_seed":0,"relics":["Tiny House","Kunai","Pandora\u0027s Box"],"potions_floor_usage":[16],"damage_taken":[{"damage":0.0,"enemies":"2 Louse","floor":1.0,"turns":3.0},{"damage":1.0,"enemies":"Cultist","floor":5.0,"turns":3.0},{"damage":0,"enemies":"Small Slimes","floor":11,"turns":2},{"damage":50,"enemies":"The Guardian","floor":16,"turns":10},{"damage":27,"enemies":"Chosen","floor":18,"turns":5},{"damage":44,"enemies":"3 Byrds","floor":19,"turns":6},{"damage":8,"enemies":"3 Cultists","floor":20,"turns":3}],"seed_played":"2456439421945208662","potions_obtained":[{"floor":0.0,"key":"Energy Potion"},{"floor":5.0,"key":"Dexterity Potion"},{"floor":16,"key":"Energy Potion"},{"floor":19,"key":"EssenceOfSteel"}],"is_trial":false,"path_per_floor":["M","?","?","$","M","R","$","R","T","$","M","?","$","$","R","B",null,"M","M"],"character_chosen":"THE_SILENT","items_purchased":["Well Laid Plans","Flying Knee","Prepared","PiercingWail","Slice"],"campfire_rested":0,"item_purchase_floors":[4,4,7,10,13],"current_hp_per_floor":[75,75,75,75,74,74,74,74,74,74,74,74,74,74,74,24,75,48,4,0],"gold":133,"neow_bonus":"BOSS_RELIC","is_prod":false,"is_daily":false,"chose_seed":false,"campfire_upgraded":3,"win_rate":0,"timestamp":1532529317,"path_taken":["M","?","?","$","M","R","$","R","T","?","?","?","?","$","R","BOSS","M","?","M"],"build_version":"2018-07-19v2","purchased_purges":0,"victory":false,"max_hp_per_floor":[75,75,75,75,75,75,75,75,75,75,75,75,75,75,75,75,75,75,75,75],"card_choices":[{"not_picked":["Deadly Poison","Dagger Throw"],"picked":"Bouncing Flask","floor":0.0},{"not_picked":["Escape Plan","Distraction"],"picked":"Dagger Throw","floor":1.0},{"not_picked":["Dagger Throw","Setup"],"picked":"PiercingWail","floor":5.0},{"not_picked":["Well Laid Plans","Riddle With Holes"],"picked":"Leg Sweep","floor":11},{"not_picked":["Unload","Corpse Explosion"],"picked":"Grand Finale","floor":16},{"not_picked":["Slice","Endless Agony"],"picked":"Sucker Punch","floor":18},{"not_picked":["Catalyst+1","Sucker Punch+1"],"picked":"Heel Hook","floor":19}],"player_experience":177256,"relics_obtained":[{"floor":9,"key":"Kunai"}],"event_choices":[{"event_name":"Upgrade Shrine","player_choice":"Upgraded","floor":2.0,"damage_taken":0.0},{"event_name":"Living Wall","player_choice":"Change","floor":3.0,"damage_taken":0.0},{"event_name":"Match and Keep!","player_choice":"2 cards matched","floor":12,"damage_taken":0}],"is_beta":false,"boss_relics":[{"not_picked":["Runic Dome","White Beast Statue"],"picked":"Pandora\u0027s Box"}],"items_purged_floors":[],"is_endless":false,"potions_floor_spawned":[5,16,19],"killed_by":"3 Cultists","ascension_level":2}