{"gold_per_floor":[112,112,112,125,125,159,159,200,255,298,312,312,20,95,95,224,224,237,253,277,34,47,47,83,383,408,424,445,470,385,435,447,459],"floor_reached":33,"playtime":1371,"items_purged":[],"score":388,"play_id":"24500331-b89c-4033-ba36-1866560c3b51","local_time":"20190808142735","is_ascension_mode":true,"campfire_choices":[{"floor":7,"key":"REST"},{"floor":12,"key":"REST"},{"floor":15,"key":"REST"},{"floor":23,"key":"DIG"},{"floor":25,"key":"DIG"},{"floor":32,"key":"REST"}],"neow_cost":"NONE","seed_source_timestamp":1402120689820049,"circlet_count":0,"master_deck":["Strike_R","Strike_R","Strike_R","Strike_R","Strike_R+1","Defend_R","Defend_R","Defend_R","Defend_R+1","Bash+1","Ghostly Armor","Flex","Injury","Infernal Blade","Rampage","Ghostly Armor","Rampage","Immolate","Ghostly Armor+1","Cleave+1","Impervious+1","Feel No Pain","Ghostly Armor","Shockwave"],"relics":["Burning Blood","Golden Idol","Happy Flower","Paper Frog","Tiny Chest","PreservedInsect","Shovel","Fusion Hammer","Matryoshka","Pen Nib","Gremlin Horn","Old Coin","Boot","War Paint","MawBank","Blue Candle"],"potions_floor_usage":[16,18,22,22,22,22,24,24,24,28,28,31,33],"damage_taken":[{"damage":2,"enemies":"Small Slimes","floor":1,"turns":4},{"damage":2,"enemies":"2 Louse","floor":4,"turns":4},{"damage":50,"enemies":"Lagavulin","floor":6,"turns":9},{"damage":21,"enemies":"3 Sentries","floor":8,"turns":9},{"damage":33,"enemies":"Lagavulin","floor":10,"turns":7},{"damage":2,"enemies":"Jaw Worm","floor":11,"turns":3},{"damage":28,"enemies":"Hexaghost","floor":16,"turns":9},{"damage":7,"enemies":"Chosen","floor":18,"turns":6},{"damage":7,"enemies":"3 Byrds","floor":19,"turns":5},{"damage":38,"enemies":"Cultist and Chosen","floor":20,"turns":8},{"damage":30,"enemies":"Centurion and Healer","floor":22,"turns":7},{"damage":13,"enemies":"Slavers","floor":24,"turns":4},{"damage":7,"enemies":"Sentry and Sphere","floor":27,"turns":5},{"damage":9,"enemies":"Snake Plant","floor":28,"turns":3},{"damage":24,"enemies":"Centurion and Healer","floor":29,"turns":8},{"damage":0,"enemies":"Gremlin Leader","floor":31,"turns":5},{"damage":85,"enemies":"Collector","floor":33,"turns":7}],"seed_played":"5658267667812882494","potions_obtained":[{"floor":6,"key":"BloodPotion"},{"floor":8,"key":"Explosive Potion"},{"floor":16,"key":"SpeedPotion"},{"floor":18,"key":"EntropicBrew"},{"floor":22,"key":"Weak Potion"},{"floor":27,"key":"Energy Potion"},{"floor":29,"key":"Block Potion"}],"is_trial":false,"path_per_floor":["M","?","?","M","?","E","R","E","T","E","M","R","$","?","R","B",null,"M","M","M","$","M","R","E","R","T","M","M","M","?","E","R","B"],"character_chosen":"IRONCLAD","items_purchased":["Shovel","Matryoshka"],"campfire_rested":4,"item_purchase_floors":[13,21],"current_hp_per_floor":[88,70,70,74,74,30,56,41,41,14,18,44,44,44,70,48,88,87,86,54,54,52,52,45,45,45,44,41,23,23,29,55,0],"gold":459,"neow_bonus":"TEN_PERCENT_HP_BONUS","is_prod":false,"is_daily":false,"chose_seed":false,"campfire_upgraded":0,"win_rate":0,"timestamp":1565288855,"path_taken":["M","?","?","M","?","E","R","E","T","E","M","R","$","?","R","BOSS","M","M","M","$","M","R","E","R","T","M","M","M","?","E","R","BOSS"],"build_version":"2019-06-28","purchased_purges":0,"victory":false,"max_hp_per_floor":[88,88,88,88,88,88,88,88,88,88,88,88,88,88,88,88,88,88,88,88,88,88,88,88,88,88,88,88,88,88,88,88,88],"card_choices":[{"not_picked":["Sword Boomerang","Pummel"],"picked":"Ghostly Armor","floor":1},{"not_picked":["Iron Wave","Warcry"],"picked":"Flex","floor":4},{"not_picked":["Intimidate","Headbutt"],"picked":"Infernal Blade","floor":6},{"not_picked":["Shockwave","Shrug It Off"],"picked":"Rampage","floor":8},{"not_picked":["Heavy Blade","True Grit"],"picked":"Ghostly Armor","floor":10},{"not_picked":["Hemokinesis","Wild Strike"],"picked":"Rampage","floor":11},{"not_picked":["Limit Break","Double Tap"],"picked":"Immolate","floor":16},{"not_picked":["Wild Strike","Clothesline"],"picked":"Ghostly Armor+1","floor":18},{"not_picked":["Iron Wave","Corruption","Clothesline"],"picked":"SKIP","floor":19},{"not_picked":["Corruption","Havoc"],"picked":"Cleave+1","floor":20},{"not_picked":["Headbutt","True Grit","Bloodletting"],"picked":"SKIP","floor":22},{"not_picked":["Power Through","Shrug It Off"],"picked":"Impervious","floor":24},{"not_picked":["Heavy Blade+1","Spot Weakness+1"],"picked":"Feel No Pain","floor":27},{"not_picked":["Armaments","Feel No Pain","Sword Boomerang"],"picked":"SKIP","floor":28},{"not_picked":["Havoc","Sentinel"],"picked":"Ghostly Armor","floor":29},{"not_picked":["Shockwave","Blood for Blood","Limit Break"],"picked":"SKIP","floor":31},{"not_picked":["Blood for Blood","Limit Break"],"picked":"Shockwave","floor":31}],"player_experience":56884,"relics_obtained":[{"floor":6,"key":"Happy Flower"},{"floor":8,"key":"Paper Frog"},{"floor":9,"key":"Tiny Chest"},{"floor":10,"key":"PreservedInsect"},{"floor":23,"key":"Pen Nib"},{"floor":24,"key":"Gremlin Horn"},{"floor":25,"key":"Old Coin"},{"floor":26,"key":"Boot"},{"floor":26,"key":"War Paint"},{"floor":31,"key":"Blue Candle"}],"event_choices":[{"damage_healed":0,"gold_gain":0,"player_choice":"Entered Light","damage_taken":18,"max_hp_gain":0,"max_hp_loss":0,"event_name":"Shining Light","floor":2,"gold_loss":0,"cards_upgraded":["Strike_R","Bash"]},{"damage_healed":0,"gold_gain":0,"player_choice":"Leave","damage_taken":0,"max_hp_gain":0,"max_hp_loss":0,"event_name":"The Cleric","floor":3,"gold_loss":0},{"damage_healed":0,"gold_gain":0,"player_choice":"Take Wound","damage_taken":0,"relics_obtained":["Golden Idol"],"max_hp_gain":0,"max_hp_loss":0,"event_name":"Golden Idol","floor":5,"gold_loss":0,"cards_obtained":["Injury"]},{"damage_healed":0,"gold_gain":75,"player_choice":"Gained Gold","damage_taken":0,"max_hp_gain":0,"max_hp_loss":0,"event_name":"Golden Wing","floor":14,"gold_loss":0},{"damage_healed":0,"gold_gain":0,"player_choice":"Obtained Relic","damage_taken":0,"relics_obtained":["MawBank"],"max_hp_gain":0,"max_hp_loss":0,"event_name":"Addict","floor":30,"gold_loss":85}],"is_beta":true,"boss_relics":[{"not_picked":["Coffee Dripper","Ectoplasm"],"picked":"Fusion Hammer"}],"items_purged_floors":[],"is_endless":false,"potions_floor_spawned":[6,8,16,18,22,27,29],"killed_by":"Collector","ascension_level":2}