{"gold_per_floor":[116,26,26,43,54,54,54,54,129,145,164,164,175,195,195,292,292,303,320,500,500],"floor_reached":21,"playtime":974,"items_purged":[],"score":173,"play_id":"ef1ecf33-dd96-4f4d-988f-a26fb1495904","local_time":"20190804084713","is_ascension_mode":false,"campfire_choices":[{"data":"Mind Blast","floor":6,"key":"SMITH"},{"data":"Body Slam","floor":8,"key":"SMITH"},{"floor":12,"key":"REST"},{"data":"Body Slam","floor":15,"key":"SMITH"}],"neow_cost":"PERCENT_DAMAGE","seed_source_timestamp":1036501547458241,"circlet_count":0,"master_deck":["Strike_R","Strike_R","Strike_R","Strike_R","Strike_R","Defend_R","Defend_R","Defend_R","Defend_R","Bash","Mind Blast+1","Body Slam+1","Clash","Cleave","Seeing Red+1","Armaments+1","Body Slam+1","Feed","Body Slam","Pommel Strike+1"],"relics":["Burning Blood","Magic Flower","Toxic Egg 2","Kunai","Black Star"],"potions_floor_usage":[16],"damage_taken":[{"damage":2,"enemies":"Small Slimes","floor":1,"turns":3},{"damage":3,"enemies":"Cultist","floor":4,"turns":5},{"damage":6,"enemies":"Jaw Worm","floor":5,"turns":3},{"damage":26,"enemies":"Lots of Slimes","floor":10,"turns":6},{"damage":5,"enemies":"Looter","floor":11,"turns":3},{"damage":4,"enemies":"Large Slime","floor":13,"turns":5},{"damage":4,"enemies":"3 Louse","floor":14,"turns":3},{"damage":47,"enemies":"Slime Boss","floor":16,"turns":14},{"damage":34,"enemies":"Shell Parasite","floor":18,"turns":6},{"damage":5,"enemies":"Chosen","floor":19,"turns":4},{"damage":75,"enemies":"3 Cultists","floor":21,"turns":5}],"seed_played":"-7248248903926825643","potions_obtained":[{"floor":11,"key":"Strength Potion"},{"floor":13,"key":"Poison Potion"},{"floor":14,"key":"FairyPotion"},{"floor":18,"key":"Strength Potion"}],"is_trial":false,"path_per_floor":["M","$","?","M","M","R","$","R","T","M","M","R","M","M","R","B",null,"M","M","?","M"],"character_chosen":"IRONCLAD","items_purchased":["Mind Blast"],"campfire_rested":1,"item_purchase_floors":[2],"current_hp_per_floor":[63,63,63,69,72,72,72,72,72,55,59,80,80,80,80,42,80,55,64,40,0],"gold":500,"neow_bonus":"ONE_RARE_RELIC","is_prod":false,"is_daily":false,"chose_seed":false,"campfire_upgraded":3,"win_rate":0.0,"timestamp":1564922833,"path_taken":["M","$","?","?","M","R","$","R","T","?","M","R","M","M","R","BOSS","M","M","?","M"],"build_version":"2019-06-28","purchased_purges":0,"victory":false,"max_hp_per_floor":[80,80,80,80,80,80,80,80,80,80,80,80,80,80,80,80,80,80,83,83,83],"card_choices":[{"not_picked":["Cleave","Bloodletting"],"picked":"Shrug It Off","floor":1},{"not_picked":["Headbutt","Iron Wave"],"picked":"Body Slam","floor":4},{"not_picked":["Corruption","True Grit+1"],"picked":"Clash","floor":5},{"not_picked":["Iron Wave","Twin Strike"],"picked":"Cleave","floor":10},{"not_picked":["Burning Pact+1","Heavy Blade"],"picked":"Seeing Red+1","floor":11},{"not_picked":["Clash","Bloodletting+1"],"picked":"Armaments+1","floor":13},{"not_picked":["Corruption","Sword Boomerang"],"picked":"Body Slam","floor":14},{"not_picked":["Offering+1","Limit Break+1"],"picked":"Feed","floor":16},{"not_picked":["Shrug It Off+1","Spot Weakness+1"],"picked":"Body Slam","floor":18},{"not_picked":["Cleave","Iron Wave"],"picked":"Pommel Strike+1","floor":19}],"player_experience":3853,"relics_obtained":[{"floor":9,"key":"Kunai"}],"event_choices":[{"cards_removed":["Shrug It Off"],"damage_healed":0,"gold_gain":0,"player_choice":"Gave Card","damage_taken":0,"relics_obtained":["Toxic Egg 2"],"max_hp_gain":0,"max_hp_loss":0,"event_name":"WeMeetAgain","floor":3,"gold_loss":0},{"damage_healed":0,"gold_gain":180,"player_choice":"GOLD GOLD ","damage_taken":24,"max_hp_gain":0,"max_hp_loss":0,"event_name":"Knowing Skull","floor":20,"potions_obtained":[],"gold_loss":0,"cards_obtained":[]}],"is_beta":true,"boss_relics":[{"not_picked":["Philosopher\u0027s Stone","Runic Pyramid"],"picked":"Black Star"}],"items_purged_floors":[],"is_endless":false,"potions_floor_spawned":[11,13,14,18],"killed_by":"3 Cultists","ascension_level":0}