{"gold_per_floor":[114,189,200,200,218,218,168,179,259,259,290,314,106,130,130,255,255,274,274,267,267,267,267,7,23,23,23,23,23,39,39,39,39],"floor_reached":33,"playtime":4298,"items_purged":["Injury"],"score":245,"play_id":"4a5a91f1-257d-4931-b440-a0881527c670","local_time":"20190809213256","is_ascension_mode":false,"campfire_choices":[{"floor":6.0,"key":"REST"},{"floor":15.0,"key":"REST"},{"floor":23.0,"key":"REST"},{"floor":27.0,"key":"REST"},{"floor":32,"key":"REST"}],"neow_cost":"CURSE","seed_source_timestamp":0,"circlet_count":0,"master_deck":["Strike_R","Strike_R","Strike_R","Strike_R+1","Strike_R","Defend_R","Defend_R","Defend_R","Defend_R+1","Bash","Demon Form","Iron Wave","Cleave","Thunderclap","Anger","Iron Wave","Searing Blow","Armaments","Clothesline","Cleave","Anger","Juggernaut","Cleave","Heavy Blade","Shrug It Off","Perfected Strike","Entrench+1","Shrug It Off","Anger","Armaments+1","Bash+1","Berserk","Twin Strike+1"],"special_seed":0,"relics":["Burning Blood","Bloody Idol","Juzu Bracelet","Orrery","Nloth\u0027s Gift","Toxic Egg 2","Molten Egg 2","Enchiridion"],"potions_floor_usage":[33],"damage_taken":[{"damage":2.0,"enemies":"Small Slimes","floor":1.0,"turns":5.0},{"damage":10.0,"enemies":"Jaw Worm","floor":3.0,"turns":5.0},{"damage":11.0,"enemies":"2 Louse","floor":5.0,"turns":6.0},{"damage":8.0,"enemies":"2 Fungi Beasts","floor":8.0,"turns":3.0},{"damage":37.0,"enemies":"3 Sentries","floor":11.0,"turns":7.0},{"damage":4.0,"enemies":"Exordium Thugs","floor":12.0,"turns":4.0},{"damage":9.0,"enemies":"Gremlin Gang","floor":14.0,"turns":4.0},{"damage":50.0,"enemies":"The Guardian","floor":16.0,"turns":10.0},{"damage":32.0,"enemies":"Chosen","floor":18.0,"turns":5.0},{"damage":14.0,"enemies":"2 Thieves","floor":20.0,"turns":5.0},{"damage":45.0,"enemies":"Sentry and Sphere","floor":25.0,"turns":8.0},{"damage":27,"enemies":"Snecko","floor":30,"turns":6},{"damage":61,"enemies":"Automaton","floor":33,"turns":6}],"seed_played":"-7934500296491849633","potions_obtained":[{"floor":1.0,"key":"Regen Potion"},{"floor":8.0,"key":"LiquidBronze"},{"floor":12.0,"key":"AttackPotion"},{"floor":20.0,"key":"Weak Potion"},{"floor":30,"key":"Regen Potion"}],"is_trial":false,"path_per_floor":["M","?","M","?","M","R","?","M","T","?","E","M","$","M","R","B",null,"M","?","M","?","?","R","$","M","T","R","?","?","M","?","R","B"],"character_chosen":"IRONCLAD","items_purchased":["Armaments","Clothesline","Cleave","Toxic Egg 2"],"campfire_rested":5,"item_purchase_floors":[13,13,13,24],"current_hp_per_floor":[80,69,65,49,58,80,80,78,78,78,47,49,49,46,70,26,80,54,54,46,46,46,70,70,31,31,55,55,39,18,18,42,0],"gold":39,"neow_bonus":"THREE_RARE_CARDS","is_prod":false,"is_daily":false,"chose_seed":false,"campfire_upgraded":0,"win_rate":0.0,"timestamp":1565400776,"path_taken":["M","?","M","?","M","R","?","M","T","?","E","M","?","M","R","BOSS","M","?","M","?","?","R","$","M","T","R","?","?","M","?","R","BOSS"],"build_version":"2019-07-17","purchased_purges":1,"victory":false,"max_hp_per_floor":[80,80,80,80,80,80,80,80,80,80,80,80,80,80,80,80,80,80,80,80,80,80,80,80,80,80,80,80,80,80,80,80,80],"card_choices":[{"not_picked":["Reaper","Offering"],"picked":"Demon Form","floor":0.0},{"not_picked":["Cleave","Blood for Blood"],"picked":"Iron Wave","floor":1.0},{"not_picked":["Body Slam","Pommel Strike"],"picked":"Cleave","floor":3.0},{"not_picked":["Body Slam","Flex"],"picked":"Thunderclap","floor":5.0},{"not_picked":["Clash","Body Slam"],"picked":"Anger","floor":8.0},{"not_picked":["Limit Break","Battle Trance"],"picked":"Iron Wave","floor":11.0},{"not_picked":["Ghostly Armor","Disarm"],"picked":"Searing Blow","floor":12.0},{"not_picked":["Clothesline","Shrug It Off"],"picked":"Anger","floor":14.0},{"not_picked":["Offering","Dark Embrace"],"picked":"Juggernaut","floor":16.0},{"not_picked":["Shrug It Off","Inflame"],"picked":"Cleave","floor":17.0},{"not_picked":["Cleave","Blood for Blood"],"picked":"Heavy Blade","floor":17.0},{"not_picked":["Clothesline","Clash"],"picked":"Shrug It Off","floor":17.0},{"not_picked":["Disarm","Shrug It Off"],"picked":"Perfected Strike","floor":17.0},{"not_picked":["Whirlwind+1","Shockwave"],"picked":"Entrench+1","floor":18.0},{"not_picked":["True Grit","Corruption"],"picked":"Shrug It Off","floor":20.0},{"not_picked":["Perfected Strike","Dropkick"],"picked":"Armaments+1","floor":25.0},{"not_picked":["Flex+1","Clash+1"],"picked":"Twin Strike+1","floor":30}],"player_experience":35250,"relics_obtained":[{"floor":9.0,"key":"Letter Opener"},{"floor":11.0,"key":"Juzu Bracelet"},{"floor":26.0,"key":"Molten Egg 2"},{"floor":29,"key":"Enchiridion"}],"event_choices":[{"damage_healed":0.0,"max_hp_gain":0.0,"max_hp_loss":0.0,"gold_gain":75.0,"event_name":"World of Goop","player_choice":"Gather Gold","floor":2.0,"gold_loss":0.0,"damage_taken":11.0},{"damage_healed":0.0,"max_hp_gain":0.0,"max_hp_loss":0.0,"gold_gain":0.0,"event_name":"Shining Light","player_choice":"Entered Light","floor":4.0,"gold_loss":0.0,"damage_taken":16.0,"cards_upgraded":["Defend_R","Strike_R"]},{"cards_removed":["Injury"],"damage_healed":0.0,"max_hp_gain":0.0,"max_hp_loss":0.0,"gold_gain":0.0,"event_name":"The Cleric","player_choice":"Card Removal","floor":7.0,"gold_loss":50.0,"damage_taken":0.0},{"damage_healed":0.0,"max_hp_gain":0.0,"max_hp_loss":0.0,"gold_gain":0.0,"event_name":"Golden Idol","player_choice":"Take Wound","floor":10.0,"gold_loss":0.0,"damage_taken":0.0,"relics_obtained":["Golden Idol"],"cards_obtained":["Injury"]},{"damage_healed":0.0,"max_hp_gain":0.0,"max_hp_loss":0.0,"gold_gain":0.0,"event_name":"Vampires","player_choice":"Ignored","floor":19.0,"gold_loss":0.0,"damage_taken":0.0},{"damage_healed":0.0,"max_hp_gain":0.0,"max_hp_loss":0.0,"gold_gain":0.0,"event_name":"The Library","player_choice":"Read","floor":21.0,"gold_loss":0.0,"damage_taken":0.0,"cards_obtained":["Anger"]},{"damage_healed":0.0,"max_hp_gain":0.0,"max_hp_loss":0.0,"gold_gain":0.0,"event_name":"N\u0027loth","player_choice":"Traded Relic","floor":22.0,"relics_lost":["Letter Opener"],"gold_loss":0.0,"damage_taken":0.0,"relics_obtained":["Nloth\u0027s Gift"]},{"damage_healed":0,"gold_gain":0,"player_choice":"2 cards matched","damage_taken":0,"max_hp_gain":0,"max_hp_loss":0,"event_name":"Match and Keep!","floor":28,"gold_loss":0,"cards_obtained":["Bash","Berserk"]},{"damage_healed":0,"gold_gain":0,"player_choice":"Obtained Book","damage_taken":16,"max_hp_gain":0,"max_hp_loss":0,"event_name":"Cursed Tome","floor":29,"gold_loss":0},{"damage_healed":0,"gold_gain":0,"player_choice":"Gave Idol","damage_taken":0,"relics_obtained":["Bloody Idol"],"max_hp_gain":0,"max_hp_loss":0,"event_name":"Forgotten Altar","floor":31,"relics_lost":["Golden Idol"],"gold_loss":0}],"is_beta":false,"boss_relics":[{"not_picked":["Snecko Eye","Ectoplasm"],"picked":"Orrery"}],"items_purged_floors":[13],"is_endless":false,"potions_floor_spawned":[1,8,12,20,30],"killed_by":"Automaton","ascension_level":0}