{"gold_per_floor":[124,154,176,188,165,177,217,229,241,253,284,313,389,414,426,515,527,556,587,599,53,64,64,64,78,78,90,90,90],"floor_reached":29,"playtime":1018,"items_purged":["Strike_B+1"],"score":454,"play_id":"d2f57026-c784-43d0-b71b-28102d44f960","local_time":"20181214222257","is_ascension_mode":true,"campfire_choices":[{"data":"Darkness","floor":6.0,"key":"SMITH"},{"data":"Hyperbeam","floor":8.0,"key":"SMITH"},{"data":"Dualcast","floor":10.0,"key":"SMITH"},{"data":"Beam Cell","floor":15.0,"key":"SMITH"},{"floor":23.0,"key":"REST"}],"neow_cost":"NONE","seed_source_timestamp":9787711045982,"circlet_count":0,"master_deck":["AscendersBane","Strike_B+1","Strike_B+1","Strike_B+1","Defend_B+1","Defend_B+1","Defend_B+1","Defend_B+1","Zap","Dualcast+1","Darkness+1","Conserve Battery","Self Repair","Hyperbeam+1","Beam Cell+1","Ball Lightning","Glacier","Echo Form","Lockon+1","Leap","Glacier","Redo+1","BootSequence+1"],"special_seed":0,"relics":["Cracked Core","MawBank","The Courier","Singing Bowl","Whetstone","Philosopher\u0027s Stone","OrangePellets","Bottled Flame","Letter Opener"],"potions_floor_usage":[],"damage_taken":[{"damage":6.0,"enemies":"Cultist","floor":1.0,"turns":3.0},{"damage":15.0,"enemies":"2 Louse","floor":2.0,"turns":2.0},{"damage":5.0,"enemies":"Small Slimes","floor":3.0,"turns":4.0},{"damage":31.0,"enemies":"Gremlin Nob","floor":7.0,"turns":4.0},{"damage":1.0,"enemies":"2 Fungi Beasts","floor":11.0,"turns":2.0},{"damage":7.0,"enemies":"Large Slime","floor":12.0,"turns":5.0},{"damage":13.0,"enemies":"3 Sentries","floor":13.0,"turns":4.0},{"damage":0.0,"enemies":"Exordium Wildlife","floor":14.0,"turns":1.0},{"damage":10.0,"enemies":"The Guardian","floor":16.0,"turns":8.0},{"damage":31.0,"enemies":"Shell Parasite","floor":18.0,"turns":5.0},{"damage":38.0,"enemies":"3 Byrds","floor":19.0,"turns":3.0},{"damage":0.0,"enemies":"Snake Plant","floor":22.0,"turns":5.0},{"damage":20.0,"enemies":"Centurion and Healer","floor":25.0,"turns":5.0},{"damage":11.0,"enemies":"Snecko","floor":27.0,"turns":6.0},{"damage":0,"enemies":"Colosseum Slavers","floor":28,"turns":4},{"damage":17,"enemies":"Gremlin Leader","floor":29,"turns":3}],"seed_played":"-9221875865007731815","potions_obtained":[{"floor":2.0,"key":"Strength Potion"},{"floor":7.0,"key":"Dexterity Potion"},{"floor":19.0,"key":"Swift Potion"},{"floor":22.0,"key":"Poison Potion"}],"is_trial":false,"path_per_floor":["M","M","M","?","?","R","E","R","T","R","M","M","?","M","R","B",null,"M","M","?","$","M","R","?","M","T","M","?","E"],"character_chosen":"DEFECT","items_purchased":["OrangePellets","Leap","Glacier","Bottled Flame"],"campfire_rested":1,"item_purchase_floors":[21,21,21,21],"current_hp_per_floor":[58,43,38,38,55,55,31,31,31,31,30,32,26,26,26,23,61,39,8,8,8,10,33,33,13,13,9,16,0],"gold":90,"neow_bonus":"RANDOM_COMMON_RELIC","is_prod":false,"is_daily":false,"chose_seed":false,"campfire_upgraded":4,"win_rate":0,"timestamp":1544797377,"path_taken":["M","M","?","?","?","R","E","R","T","R","M","M","?","M","R","BOSS","M","M","?","$","M","R","?","M","T","?","?","E"],"build_version":"2018-12-13","purchased_purges":1,"victory":false,"max_hp_per_floor":[71,71,71,71,71,71,71,71,71,71,71,73,73,73,73,73,73,75,75,75,75,77,77,77,77,77,77,77,77],"card_choices":[{"not_picked":["Hologram","Turbo"],"picked":"Darkness","floor":1.0},{"not_picked":["Chill","Heatsinks"],"picked":"Conserve Battery","floor":2.0},{"not_picked":["Ball Lightning","Cold Snap"],"picked":"Self Repair","floor":3.0},{"not_picked":["Compile Driver","Steam"],"picked":"Hyperbeam","floor":7.0},{"not_picked":["Rip and Tear","Conserve Battery"],"picked":"Beam Cell","floor":11.0},{"not_picked":["Gash","Cold Snap","Turbo"],"picked":"Singing Bowl","floor":12.0},{"not_picked":["Redo","Sweeping Beam"],"picked":"Ball Lightning","floor":13.0},{"not_picked":["Rebound","FTL"],"picked":"Glacier","floor":14.0},{"not_picked":["Seek","Reboot"],"picked":"Echo Form","floor":16.0},{"not_picked":["Streamline","Turbo","Coolheaded"],"picked":"Singing Bowl","floor":18.0},{"not_picked":["BootSequence","Double Energy+1"],"picked":"Lockon+1","floor":19.0},{"not_picked":["Sweeping Beam+1","Barrage","Coolheaded"],"picked":"Singing Bowl","floor":22.0},{"not_picked":["Rebound","Double Energy"],"picked":"Redo+1","floor":25.0},{"not_picked":["Ball Lightning","Go for the Eyes"],"picked":"BootSequence+1","floor":27.0}],"player_experience":617084,"relics_obtained":[{"floor":7.0,"key":"The Courier"},{"floor":9.0,"key":"Singing Bowl"},{"floor":13.0,"key":"Whetstone"},{"floor":26.0,"key":"Letter Opener"}],"event_choices":[{"damage_healed":0.0,"max_hp_gain":0.0,"max_hp_loss":0.0,"gold_gain":0.0,"event_name":"Liars Game","player_choice":"Ignored","floor":4.0,"gold_loss":0.0,"damage_taken":0.0},{"damage_healed":17.0,"max_hp_gain":0.0,"max_hp_loss":0.0,"gold_gain":0.0,"event_name":"The Cleric","player_choice":"Healed","floor":5.0,"gold_loss":35.0,"damage_taken":0.0},{"damage_healed":0.0,"max_hp_gain":0.0,"max_hp_loss":0.0,"gold_gain":0.0,"event_name":"Dead Adventurer","player_choice":"Searched \u00271\u0027 times","floor":13.0,"gold_loss":0.0,"damage_taken":0.0},{"damage_healed":0.0,"max_hp_gain":0.0,"max_hp_loss":0.0,"gold_gain":0.0,"event_name":"Back to Basics","player_choice":"Simplicity","floor":20.0,"gold_loss":0.0,"damage_taken":0.0,"cards_upgraded":["Strike_B","Strike_B","Defend_B","Defend_B","Defend_B","Defend_B"]},{"damage_healed":0.0,"max_hp_gain":0.0,"max_hp_loss":0.0,"gold_gain":0.0,"event_name":"Match and Keep!","player_choice":"0 cards matched","floor":24.0,"gold_loss":0.0,"damage_taken":0.0,"cards_obtained":[]},{"damage_healed":0,"gold_gain":0,"player_choice":"Fight","damage_taken":0,"max_hp_gain":0,"max_hp_loss":0,"event_name":"Colosseum","floor":28,"gold_loss":0},{"damage_healed":0,"gold_gain":0,"player_choice":"Fled From Nobs","damage_taken":0,"max_hp_gain":0,"max_hp_loss":0,"event_name":"Colosseum","floor":28,"gold_loss":0}],"is_beta":true,"boss_relics":[{"not_picked":["Calling Bell","Coffee Dripper"],"picked":"Philosopher\u0027s Stone"}],"items_purged_floors":[21],"is_endless":false,"potions_floor_spawned":[2,7,13,16,19,22,28],"killed_by":"Gremlin Leader","ascension_level":20}