{"gold_per_floor":[213,213,228,244,244,278,278,295,372,210,228,243,94,110,110,110],"floor_reached":16,"playtime":876,"items_purged":["Entrench","Defend_R"],"score":104,"play_id":"59b61d79-a6fa-4498-968b-3f6bbc2c77c6","local_time":"20190803132949","is_ascension_mode":false,"campfire_choices":[{"floor":7,"key":"REST"},{"floor":15,"key":"REST"}],"neow_cost":"NONE","seed_source_timestamp":328287748119272,"circlet_count":0,"master_deck":["Strike_R","Strike_R","Strike_R","Strike_R","Strike_R","Defend_R","Defend_R","Bash","Pommel Strike","Twin Strike","Perfected Strike","Flash of Steel","Twin Strike","Twin Strike"],"relics":["Burning Blood","Ginger","Ancient Tea Set","Toxic Egg 2"],"potions_floor_usage":[],"damage_taken":[{"damage":10,"enemies":"Small Slimes","floor":1,"turns":5},{"damage":0,"enemies":"Cultist","floor":3,"turns":4},{"damage":10,"enemies":"Jaw Worm","floor":4,"turns":5},{"damage":50,"enemies":"Lagavulin","floor":6,"turns":8},{"damage":10,"enemies":"Exordium Thugs","floor":8,"turns":5},{"damage":9,"enemies":"3 Louse","floor":11,"turns":3},{"damage":22,"enemies":"Exordium Wildlife","floor":12,"turns":5},{"damage":5,"enemies":"Looter","floor":14,"turns":2},{"damage":60,"enemies":"The Guardian","floor":16,"turns":8}],"seed_played":"-3176429776243524172","potions_obtained":[{"floor":3,"key":"AttackPotion"},{"floor":8,"key":"SkillPotion"},{"floor":11,"key":"GamblersBrew"},{"floor":12,"key":"Weak Potion"}],"is_trial":false,"path_per_floor":["M","?","M","M","?","E","R","M","T","$","M","M","$","M","R","B"],"character_chosen":"IRONCLAD","items_purchased":["Flash of Steel","Twin Strike"],"campfire_rested":2,"item_purchase_floors":[10,13],"current_hp_per_floor":[76,76,80,76,76,32,56,52,52,52,49,33,33,34,58,0],"gold":110,"neow_bonus":"HUNDRED_GOLD","is_prod":false,"is_daily":false,"chose_seed":false,"campfire_upgraded":0,"win_rate":0.0,"timestamp":1564856989,"path_taken":["M","?","?","M","?","E","R","M","T","?","M","M","$","M","R","BOSS"],"build_version":"2019-07-17","purchased_purges":2,"victory":false,"max_hp_per_floor":[80,80,80,80,80,80,80,80,80,80,80,80,80,80,80,80],"card_choices":[{"not_picked":["True Grit","Clothesline"],"picked":"Pommel Strike","floor":1},{"not_picked":["Uppercut","Clothesline","Spot Weakness"],"picked":"SKIP","floor":3},{"not_picked":["Second Wind","Entrench"],"picked":"Twin Strike","floor":4},{"not_picked":["Searing Blow","Double Tap","Body Slam"],"picked":"SKIP","floor":6},{"not_picked":["True Grit","Uppercut"],"picked":"Perfected Strike","floor":8},{"not_picked":["Pummel","Second Wind+1","Feel No Pain"],"picked":"SKIP","floor":11},{"not_picked":["Thunderclap","Inflame"],"picked":"Twin Strike","floor":12},{"not_picked":["Flex+1","True Grit+1","Whirlwind"],"picked":"SKIP","floor":14}],"player_experience":51351,"relics_obtained":[{"floor":2,"key":"Ginger"},{"floor":6,"key":"Ancient Tea Set"},{"floor":9,"key":"Toxic Egg 2"}],"event_choices":[{"damage_healed":0,"gold_gain":0,"player_choice":"Relic","damage_taken":0,"max_hp_gain":0,"max_hp_loss":0,"event_name":"Wheel of Change","floor":2,"gold_loss":0},{"damage_healed":0,"gold_gain":0,"cards_transformed":["Defend_R"],"player_choice":"Transformed","damage_taken":0,"max_hp_gain":0,"max_hp_loss":0,"event_name":"Transmorgrifier","floor":5,"gold_loss":0,"cards_obtained":["Entrench"]}],"is_beta":false,"boss_relics":[],"items_purged_floors":[10,13],"is_endless":false,"potions_floor_spawned":[3,8,11,12],"killed_by":"The Guardian","ascension_level":0}