{"gold_per_floor":[13,13,13,13,38,38,57,57,80,96,137,137,157,176,176,297,297,315,335,45,45,45,45,68,68,141,67,67],"floor_reached":28,"playtime":1884,"items_purged":["Defend_G"],"score":218,"play_id":"8be25bc5-fa5f-4060-8a76-056e202d63e1","local_time":"20190807214925","is_ascension_mode":false,"campfire_choices":[{"data":"Bullet Time","floor":6,"key":"SMITH"},{"floor":8,"key":"RECALL"},{"floor":12,"key":"REST"},{"floor":15,"key":"REST"},{"floor":25,"key":"REST"}],"neow_cost":"NO_GOLD","seed_source_timestamp":160484425084540,"circlet_count":0,"master_deck":["Strike_G","Strike_G","Strike_G","Strike_G","Strike_G","Defend_G","Defend_G","Defend_G","Survivor","Neutralize","Bullet Time+1","Predator","Envenom","Acrobatics","Burst","Backflip+1","A Thousand Cuts","Catalyst","Decay","Predator","Footwork"],"relics":["Ring of the Snake","Golden Idol","Vajra","Centennial Puzzle","Empty Cage","Matryoshka"],"potions_floor_usage":[13,16],"damage_taken":[{"damage":0,"enemies":"Cultist","floor":1,"turns":4},{"damage":0,"enemies":"2 Louse","floor":5,"turns":3},{"damage":5,"enemies":"Jaw Worm","floor":7,"turns":5},{"damage":24,"enemies":"Large Slime","floor":10,"turns":7},{"damage":27,"enemies":"Lagavulin","floor":11,"turns":9},{"damage":0,"enemies":"Lots of Slimes","floor":13,"turns":1},{"damage":8,"enemies":"Gremlin Gang","floor":14,"turns":4},{"damage":46,"enemies":"The Guardian","floor":16,"turns":16},{"damage":7,"enemies":"2 Thieves","floor":18,"turns":5},{"damage":14,"enemies":"Spheric Guardian","floor":19,"turns":6},{"damage":28,"enemies":"Centurion and Healer","floor":24,"turns":11},{"damage":46,"enemies":"Gremlin Leader","floor":28,"turns":4}],"seed_played":"9062357927031615375","potions_obtained":[{"floor":10,"key":"Explosive Potion"},{"floor":13,"key":"GhostInAJar"}],"is_trial":false,"path_per_floor":["M","?","?","$","M","R","M","R","T","M","E","R","M","M","R","B",null,"M","M","$","?","$","?","M","R","T","$","E"],"character_chosen":"THE_SILENT","items_purchased":["A Thousand Cuts","Catalyst","Footwork"],"campfire_rested":3,"item_purchase_floors":[20,20,27],"current_hp_per_floor":[70,53,70,70,70,70,65,65,65,41,14,35,35,27,48,2,70,63,49,49,49,49,49,21,42,42,42,0],"gold":67,"neow_bonus":"THREE_RARE_CARDS","is_prod":false,"is_daily":false,"chose_seed":false,"campfire_upgraded":1,"win_rate":0,"timestamp":1565228965,"path_taken":["M","?","?","?","M","R","M","R","T","M","E","R","M","M","R","BOSS","M","M","$","?","$","?","?","R","T","$","E"],"build_version":"2019-07-17","purchased_purges":1,"victory":false,"max_hp_per_floor":[70,70,70,70,70,70,70,70,70,70,70,70,70,70,70,70,70,70,70,70,70,70,70,70,70,70,70,70],"card_choices":[{"not_picked":["Doppelganger","Burst"],"picked":"Bullet Time","floor":0},{"not_picked":["Dagger Throw","Underhanded Strike","All Out Attack"],"picked":"SKIP","floor":1},{"not_picked":["Dodge and Roll","Bane","Backflip"],"picked":"SKIP","floor":5},{"not_picked":["Flying Knee","Heel Hook"],"picked":"Predator","floor":7},{"not_picked":["All Out Attack","Dash"],"picked":"Expertise","floor":10},{"not_picked":["Dagger Throw","Prepared"],"picked":"Envenom","floor":11},{"not_picked":["Slice","Blade Dance"],"picked":"Acrobatics","floor":13},{"not_picked":["Tactician","Slice","Backstab"],"picked":"SKIP","floor":14},{"not_picked":["Glass Knife","Unload"],"picked":"Burst","floor":16},{"not_picked":["Reflex+1","Flying Knee"],"picked":"Backflip+1","floor":18},{"not_picked":["Bane","Backstab","Dagger Throw"],"picked":"SKIP","floor":19},{"not_picked":["Outmaneuver","Deflect"],"picked":"Predator","floor":24}],"player_experience":79612,"relics_obtained":[{"floor":9,"key":"Vajra"},{"floor":11,"key":"Centennial Puzzle"},{"floor":26,"key":"Matryoshka"}],"event_choices":[{"damage_healed":0,"gold_gain":0,"player_choice":"Take Damage","damage_taken":17,"relics_obtained":["Golden Idol"],"max_hp_gain":0,"max_hp_loss":0,"event_name":"Golden Idol","floor":2,"gold_loss":0},{"damage_healed":23,"gold_gain":0,"player_choice":"Banana","damage_taken":0,"max_hp_gain":0,"max_hp_loss":0,"event_name":"Big Fish","floor":3,"gold_loss":0},{"damage_healed":0,"gold_gain":0,"player_choice":"Ignored","damage_taken":0,"max_hp_gain":0,"max_hp_loss":0,"event_name":"Ghosts","floor":21,"gold_loss":0},{"damage_healed":0,"gold_gain":0,"player_choice":"Cursed","damage_taken":0,"max_hp_gain":0,"max_hp_loss":0,"event_name":"Wheel of Change","floor":23,"gold_loss":0,"cards_obtained":["Decay"]}],"is_beta":false,"boss_relics":[{"not_picked":["Tiny House","Cursed Key"],"picked":"Empty Cage"}],"items_purged_floors":[20],"is_endless":false,"potions_floor_spawned":[10,13],"killed_by":"Gremlin Leader","ascension_level":0}