{"gold_per_floor":[144,144,189,189,39,39,129,174,249,294,294,339,384,429,429,729,729,774,774,819,864,789,789],"floor_reached":23,"playtime":2920,"items_purged":[],"score":245,"play_id":"06b1285f-c152-4da1-a25b-ee172bbf5f93","local_time":"20190802114701","daily_mods":["Shiny","Diverse","Midas"],"is_ascension_mode":false,"campfire_choices":[{"floor":6,"key":"REST"},{"floor":11,"key":"REST"},{"floor":15,"key":"REST"}],"neow_cost":"","seed_source_timestamp":0,"circlet_count":0,"master_deck":["Multi-Cast","Hyperbeam","Thunder Strike","Biased Cognition","Machine Learning","Electrodynamics","Buffer","Rainbow","Seek","Meteor Strike","Echo Form","All For One","Reboot","Amplify","Creative AI","Fission","Core Surge","Venomology","Corpse Explosion","Malaise","Phantasmal Killer","Die Die Die","Adrenaline","Envenom","Doppelganger","Burst","Wraith Form v2","Tools of the Trade","Night Terror","Unload+1","After Image","Bullet Time","Storm of Steel","Glass Knife+1","A Thousand Cuts","Grand Finale","Double Tap","Demon Form","Bludgeon","Feed","Limit Break","Barricade","Fiend Fire","Dark Embrace","Berserk","Impervious","Juggernaut","Brutality","Reaper","Exhume","Offering","Immolate","Evolve","Recycle","Genetic Algorithm","Metallicize","Self Repair","Stack","Hyperbeam","Pummel","Echo Form","Deflect+1","Static Discharge","All Out Attack+1"],"special_seed":18110,"relics":["Ring of the Snake","GremlinMask","Whetstone","Mummified Hand","Bottled Flame","WristBlade","Molten Egg 2"],"potions_floor_usage":[],"damage_taken":[{"damage":3,"enemies":"Small Slimes","floor":1,"turns":3},{"damage":0,"enemies":"Cultist","floor":3,"turns":3},{"damage":11,"enemies":"Gremlin Nob","floor":7,"turns":4},{"damage":1,"enemies":"Jaw Worm","floor":8,"turns":2},{"damage":0,"enemies":"3 Louse","floor":10,"turns":1},{"damage":2,"enemies":"Looter","floor":12,"turns":3},{"damage":14,"enemies":"Gremlin Gang","floor":13,"turns":4},{"damage":19,"enemies":"Large Slime","floor":14,"turns":6},{"damage":11,"enemies":"The Guardian","floor":16,"turns":6},{"damage":39,"enemies":"Shell Parasite","floor":18,"turns":6},{"damage":0,"enemies":"2 Thieves","floor":20,"turns":2},{"damage":27,"enemies":"Cultist and Chosen","floor":21,"turns":6},{"damage":25,"enemies":"Book of Stabbing","floor":23,"turns":2}],"seed_played":"5779542996629006648","potions_obtained":[{"floor":3,"key":"Poison Potion"},{"floor":7,"key":"Dexterity Potion"},{"floor":8,"key":"SteroidPotion"}],"is_trial":false,"path_per_floor":["M","?","M","?","$","R","E","M","T","M","R","M","M","M","R","B",null,"M","?","M","M","?","E"],"character_chosen":"THE_SILENT","items_purchased":["Whetstone"],"campfire_rested":3,"item_purchase_floors":[5],"current_hp_per_floor":[67,72,72,72,72,75,64,63,63,63,75,75,61,42,64,60,75,36,36,36,23,23,0],"gold":789,"neow_bonus":"","is_prod":false,"is_daily":true,"chose_seed":false,"campfire_upgraded":0,"win_rate":0.0,"timestamp":1564764421,"path_taken":["M","?","M","?","$","R","E","?","T","M","R","M","M","M","R","BOSS","M","?","M","M","?","E"],"build_version":"2019-07-17","purchased_purges":0,"victory":false,"max_hp_per_floor":[70,75,75,75,75,75,75,75,75,75,75,75,75,75,75,75,75,75,75,75,75,75,75],"card_choices":[{"not_picked":["Cleave","Rage"],"picked":"Evolve","floor":1},{"not_picked":["Anger","Dodge and Roll"],"picked":"Recycle","floor":3},{"not_picked":["Sweeping Beam","Compile Driver"],"picked":"Genetic Algorithm","floor":7},{"not_picked":["Escape Plan","Dagger Spray"],"picked":"Metallicize","floor":8},{"not_picked":["Steam","Scrape"],"picked":"Self Repair","floor":10},{"not_picked":["Double Energy","Heavy Blade"],"picked":"Stack","floor":12},{"not_picked":["Masterful Stab","Ball Lightning"],"picked":"Hyperbeam","floor":13},{"not_picked":["Slice","Bane"],"picked":"Pummel","floor":14},{"not_picked":["Creative AI","Tools of the Trade"],"picked":"Echo Form","floor":16},{"not_picked":["Perfected Strike+1","Sever Soul+1"],"picked":"Deflect+1","floor":18},{"not_picked":["Eviscerate+1","Armaments+1"],"picked":"Static Discharge","floor":20},{"not_picked":["Slice+1","Poisoned Stab+1"],"picked":"All Out Attack+1","floor":21}],"player_experience":17431,"relics_obtained":[{"floor":7,"key":"Mummified Hand"},{"floor":9,"key":"Bottled Flame"}],"event_choices":[{"damage_healed":0,"gold_gain":0,"player_choice":"Donut","damage_taken":0,"max_hp_gain":5,"max_hp_loss":0,"event_name":"Big Fish","floor":2,"gold_loss":0},{"damage_healed":0,"gold_gain":0,"player_choice":"Trade","damage_taken":0,"relics_obtained":["GremlinMask"],"max_hp_gain":0,"max_hp_loss":0,"event_name":"FaceTrader","floor":4,"gold_loss":0},{"damage_healed":0,"gold_gain":0,"player_choice":"Opened","damage_taken":0,"relics_obtained":["Molten Egg 2"],"max_hp_gain":0,"max_hp_loss":0,"event_name":"The Mausoleum","floor":19,"gold_loss":0,"cards_obtained":["Writhe"]},{"cards_removed":["Writhe"],"damage_healed":0,"gold_gain":0,"player_choice":"Gave Gold","damage_taken":0,"max_hp_gain":0,"max_hp_loss":0,"event_name":"Beggar","floor":22,"gold_loss":75}],"is_beta":false,"boss_relics":[{"not_picked":["Velvet Choker","Tiny House"],"picked":"WristBlade"}],"items_purged_floors":[],"is_endless":false,"potions_floor_spawned":[3,7,8,14,18,21],"killed_by":"Book of Stabbing","ascension_level":0}