{"gold_per_floor":[114,114,114,126,26,26,51,51,51,4,4,68,34,52,52,152,152,169,169,88,107,107,107],"floor_reached":23,"playtime":992,"items_purged":[],"score":222,"play_id":"cdcc092f-20fa-4de4-a4f9-2247c464d9ac","local_time":"20180720120728","is_ascension_mode":true,"campfire_choices":[{"data":"Beam Cell","floor":6,"key":"SMITH"},{"data":"Go for the Eyes","floor":11,"key":"SMITH"},{"floor":15,"key":"REST"}],"neow_cost":"TEN_PERCENT_HP_LOSS","seed_source_timestamp":10100324197404,"circlet_count":0,"master_deck":["Strike_B","Strike_B","Strike_B","Defend_B","Defend_B","Defend_B","Zap","Dualcast","Conserve Battery","Go for the Eyes+1","Cold Snap","Beam Cell+1","Hello World","Coolheaded","Stack","Double Energy","Sweeping Beam+1","Rainbow","White Noise","Cold Snap+1","Hologram","Steam Power","BootSequence"],"relics":["Cracked Core","Calipers","Juzu Bracelet","Smiling Mask","Molten Egg 2","Lizard Tail"],"potions_floor_usage":[23],"damage_taken":[{"damage":1,"enemies":"Cultist","floor":1,"turns":3},{"damage":8,"enemies":"Small Slimes","floor":4,"turns":3},{"damage":21,"enemies":"Gremlin Nob","floor":7,"turns":4},{"damage":25,"enemies":"Lagavulin Event","floor":12,"turns":6},{"damage":3,"enemies":"2 Louse","floor":14,"turns":2},{"damage":16,"enemies":"The Guardian","floor":16,"turns":13},{"damage":11,"enemies":"Shell Parasite","floor":18,"turns":7},{"damage":26,"enemies":"3 Byrds","floor":21,"turns":6},{"damage":89,"enemies":"Gremlin Leader","floor":23,"turns":9}],"seed_played":"-3480864638245602285","potions_obtained":[{"floor":1,"key":"Explosive Potion"},{"floor":4,"key":"FocusPotion"},{"floor":14,"key":"Poison Potion"},{"floor":21,"key":"Weak Potion"}],"is_trial":false,"path_per_floor":["M","?","?","M","$","R","E","?","T","$","R","?","$","M","R","B",null,"M","?","$","M","?"],"character_chosen":"DEFECT","items_purchased":["Cold Snap","Beam Cell","Coolheaded","Double Energy","Cold Snap+1","Hologram"],"campfire_rested":1,"item_purchase_floors":[5,5,10,13,20,20],"current_hp_per_floor":[67,72,72,64,64,64,43,36,36,36,36,11,11,8,29,13,73,62,62,62,36,36,0],"gold":107,"neow_bonus":"ONE_RARE_RELIC","is_prod":false,"is_daily":false,"chose_seed":false,"campfire_upgraded":2,"win_rate":0,"timestamp":1532059648,"path_taken":["M","?","?","M","$","R","E","?","T","$","R","?","?","M","R","BOSS","M","?","$","M","?","E"],"build_version":"2018-07-19","purchased_purges":0,"victory":false,"max_hp_per_floor":[68,73,73,73,73,73,73,73,73,73,73,73,73,73,73,73,73,73,73,73,73,73,73],"card_choices":[{"not_picked":["Loop","Auto Shields"],"picked":"Conserve Battery","floor":1},{"not_picked":["Force Field","Heatsinks"],"picked":"Go for the Eyes","floor":4},{"not_picked":["Steam Power","Cold Snap"],"picked":"Hello World","floor":7},{"not_picked":["Compile Driver","Loop"],"picked":"Stack","floor":12},{"not_picked":["Leap","Double Energy"],"picked":"Sweeping Beam+1","floor":14},{"not_picked":["Echo Form","Multi-Cast"],"picked":"Rainbow","floor":16},{"not_picked":["Tempest","Compile Driver+1"],"picked":"White Noise","floor":18},{"not_picked":["Double Energy","Undo"],"picked":"Steam Power","floor":21}],"player_experience":122265,"relics_obtained":[{"floor":7,"key":"Juzu Bracelet"},{"floor":9,"key":"Smiling Mask"},{"floor":12,"key":"Molten Egg 2"}],"event_choices":[{"event_name":"Big Fish","player_choice":"Donut","floor":2,"damage_taken":0},{"event_name":"The Cleric","player_choice":"Leave","floor":3,"damage_taken":0},{"event_name":"Golden Wing","player_choice":"Card Removal","floor":8,"damage_taken":0},{"event_name":"Dead Adventurer","player_choice":"Searched \u00272\u0027 times","floor":12,"damage_taken":0},{"event_name":"Drug Dealer","player_choice":"Ignored","floor":19,"damage_taken":0},{"event_name":"Transmorgrifier","player_choice":"Transform","floor":22,"damage_taken":0}],"is_beta":false,"boss_relics":[{"not_picked":["Fusion Hammer","Busted Crown"],"picked":"Lizard Tail"}],"items_purged_floors":[],"is_endless":false,"potions_floor_spawned":[1,4,14,21],"killed_by":"Gremlin Leader","ascension_level":4}