{"gold_per_floor":[112,112,36,55,130,158,158,191,262,295,309,309,338,357,357,357],"floor_reached":16,"playtime":850,"items_purged":[],"score":260,"play_id":"bfa51097-2c26-4ec5-b9cf-bbcdddf801db","local_time":"20181027201453","is_ascension_mode":true,"campfire_choices":[{"data":"Poisoned Stab","floor":7.0,"key":"SMITH"},{"floor":15,"key":"REST"}],"neow_cost":"NONE","seed_source_timestamp":2379868807966,"circlet_count":0,"master_deck":["Defend_G","Defend_G","Defend_G","Defend_G","Defend_G","Strike_G","Strike_G","Strike_G","Strike_G","Strike_G","Survivor+1","Neutralize+1","AscendersBane","Well Laid Plans","Blur+1","Poisoned Stab+1","Cloak And Dagger","Parasite","PiercingWail","Crippling Poison"],"special_seed":0,"relics":["Ring of the Snake","NeowsBlessing","Oddly Smooth Stone","War Paint","Peace Pipe","Ornamental Fan"],"potions_floor_usage":[13,16],"damage_taken":[{"damage":0.0,"enemies":"2 Louse","floor":1.0,"turns":1.0},{"damage":0.0,"enemies":"Small Slimes","floor":4.0,"turns":1.0},{"damage":0.0,"enemies":"Gremlin Nob","floor":6.0,"turns":1.0},{"damage":21.0,"enemies":"Lagavulin","floor":8.0,"turns":8.0},{"damage":11.0,"enemies":"3 Sentries","floor":10.0,"turns":12.0},{"damage":0.0,"enemies":"Jaw Worm","floor":11.0,"turns":5.0},{"damage":20,"enemies":"Gremlin Nob","floor":13,"turns":5},{"damage":9,"enemies":"Exordium Wildlife","floor":14,"turns":7},{"damage":29,"enemies":"Slime Boss","floor":16,"turns":11}],"seed_played":"1141520237460397765","potions_obtained":[{"floor":4.0,"key":"GamblersBrew"},{"floor":6.0,"key":"Fire Potion"},{"floor":14,"key":"PowerPotion"}],"is_trial":false,"path_per_floor":["M","?","$","M","?","E","R","E","T","E","M","?","E","M","R"],"character_chosen":"THE_SILENT","items_purchased":["Well Laid Plans"],"campfire_rested":1,"item_purchase_floors":[3],"current_hp_per_floor":[59,59,59,59,48,48,48,27,27,16,16,32,12,3,22,0],"gold":357,"neow_bonus":"THREE_ENEMY_KILL","is_prod":false,"is_daily":false,"chose_seed":false,"campfire_upgraded":1,"win_rate":0,"timestamp":1540642493,"path_taken":["M","?","$","M","?","E","R","E","T","E","?","?","E","M","R","BOSS"],"build_version":"2018-10-25v2","purchased_purges":0,"victory":false,"max_hp_per_floor":[66,66,66,66,66,66,66,66,66,66,66,66,66,66,66,66],"card_choices":[{"not_picked":["Prepared","Distraction","Outmaneuver"],"picked":"SKIP","floor":1.0},{"not_picked":["Bane","Outmaneuver"],"picked":"Blur","floor":4.0},{"not_picked":["Choke","Skewer"],"picked":"Poisoned Stab","floor":6.0},{"not_picked":["Dagger Throw","A Thousand Cuts","Flechettes"],"picked":"SKIP","floor":8.0},{"not_picked":["Eviscerate","Bullet Time"],"picked":"Cloak And Dagger","floor":10.0},{"not_picked":["Slice","Outmaneuver","Dodge and Roll"],"picked":"SKIP","floor":11.0},{"not_picked":["Eviscerate","Quick Slash"],"picked":"PiercingWail","floor":13},{"not_picked":["Cloak And Dagger","Underhanded Strike"],"picked":"Crippling Poison","floor":14}],"player_experience":470160,"relics_obtained":[{"floor":6.0,"key":"Oddly Smooth Stone"},{"floor":8.0,"key":"War Paint"},{"floor":10.0,"key":"Peace Pipe"},{"floor":13,"key":"Ornamental Fan"}],"event_choices":[{"damage_healed":0.0,"max_hp_gain":0.0,"max_hp_loss":0.0,"gold_gain":0.0,"event_name":"Living Wall","player_choice":"Grow","floor":2.0,"gold_loss":0.0,"damage_taken":0.0,"cards_upgraded":["Neutralize"]},{"damage_healed":0.0,"max_hp_gain":0.0,"max_hp_loss":0.0,"gold_gain":75.0,"event_name":"World of Goop","player_choice":"Gather Gold","floor":5.0,"gold_loss":0.0,"damage_taken":11.0},{"damage_healed":16.0,"max_hp_gain":0.0,"max_hp_loss":0.0,"gold_gain":0.0,"event_name":"Mushrooms","player_choice":"Healed and dodged fight","floor":12.0,"gold_loss":0.0,"damage_taken":0.0,"cards_obtained":["Parasite"]}],"is_beta":true,"boss_relics":[],"items_purged_floors":[],"is_endless":false,"potions_floor_spawned":[4,6,14],"killed_by":"Slime Boss","ascension_level":14}