{"gold_per_floor":[116,116,130,155,330,330,373,373,399,399,424,448,479,493,493,618,618,642,665,686,686,700,740,740,780,804,819,281,281,32,72,72,193,193,212,230,249,249,582,582,600,600,600,616,647,198,198,208,208,208],"floor_reached":51,"playtime":3725,"items_purged":["Blade Dance"],"score":871,"play_id":"d7189b77-4b73-45ca-810d-baacac38cd6a","local_time":"20180830115248","is_ascension_mode":true,"campfire_choices":[{"data":"Neutralize","floor":6.0,"key":"SMITH"},{"data":"Poisoned Stab","floor":8.0,"key":"SMITH"},{"data":"Leg Sweep","floor":10.0,"key":"SMITH"},{"data":"Cloak And Dagger","floor":15.0,"key":"SMITH"},{"data":"Night Terror","floor":29.0,"key":"SMITH"},{"floor":32.0,"key":"REST"},{"data":"A Thousand Cuts","floor":40.0,"key":"SMITH"},{"data":"Catalyst","floor":42.0,"key":"SMITH"},{"floor":49.0,"key":"REST"}],"neow_cost":"NONE","seed_source_timestamp":0,"circlet_count":0,"master_deck":["Survivor","Neutralize+1","Poisoned Stab+1","Leg Sweep+1","Deadly Poison","Doubt","Backflip","Cloak And Dagger+1","Dodge and Roll","Night Terror+1","Dagger Spray+1","Outmaneuver","Backflip","Slice+1","Deflect","Quick Slash+1","Crippling Poison","Blade Dance+1","Outmaneuver","Cloak And Dagger+1","Cloak And Dagger+1","Footwork","Acrobatics+1","Catalyst+1","Sucker Punch+1","Dash+1","Bane+1","Dagger Throw+1","Escape Plan","Noxious Fumes","A Thousand Cuts+1","Adrenaline","Catalyst+1","Poisoned Stab+1","Madness","Madness","Flechettes+1","Bullet Time","Leg Sweep+1","Choke+1","Metamorphosis","Panacea","Escape Plan+1"],"special_seed":0,"relics":["Ring of the Snake","Oddly Smooth Stone","Lantern","Molten Egg 2","Pandora\u0027s Box","Bottled Lightning","Mango","Boot","War Paint","Lee\u0027s Waffle","Shuriken","Bronze Scales","Runic Dome","Matryoshka","Bottled Flame","Toxic Egg 2","Ornamental Fan"],"potions_floor_usage":[50,50,50],"damage_taken":[{"damage":4.0,"enemies":"Jaw Worm","floor":1.0,"turns":4.0},{"damage":0.0,"enemies":"Small Slimes","floor":3.0,"turns":3.0},{"damage":2.0,"enemies":"Cultist","floor":4.0,"turns":4.0},{"damage":13.0,"enemies":"Gremlin Nob","floor":7.0,"turns":4.0},{"damage":0.0,"enemies":"2 Fungi Beasts","floor":11.0,"turns":3.0},{"damage":4.0,"enemies":"Looter","floor":12.0,"turns":4.0},{"damage":7.0,"enemies":"Lagavulin","floor":13.0,"turns":7.0},{"damage":0.0,"enemies":"Large Slime","floor":14.0,"turns":9.0},{"damage":13.0,"enemies":"Hexaghost","floor":16.0,"turns":12.0},{"damage":4.0,"enemies":"Shell Parasite","floor":18.0,"turns":5.0},{"damage":4.0,"enemies":"Spheric Guardian","floor":19.0,"turns":3.0},{"damage":3.0,"enemies":"3 Cultists","floor":20.0,"turns":6.0},{"damage":1.0,"enemies":"Centurion and Healer","floor":22.0,"turns":7.0},{"damage":12.0,"enemies":"Gremlin Leader","floor":23.0,"turns":10.0},{"damage":14.0,"enemies":"Book of Stabbing","floor":25.0,"turns":8.0},{"damage":16.0,"enemies":"Snake Plant","floor":27.0,"turns":6.0},{"damage":39.0,"enemies":"Slavers","floor":31.0,"turns":6.0},{"damage":66.0,"enemies":"Collector","floor":33.0,"turns":11.0},{"damage":0.0,"enemies":"Orb Walker","floor":35.0,"turns":3.0},{"damage":0.0,"enemies":"Flame Bruiser 1 Orb","floor":36.0,"turns":3.0},{"damage":7.0,"enemies":"Jaw Worm Horde","floor":37.0,"turns":5.0},{"damage":5.0,"enemies":"4 Shapes","floor":41.0,"turns":4.0},{"damage":0.0,"enemies":"Transient","floor":44.0,"turns":5.0},{"damage":15.0,"enemies":"Giant Head","floor":45.0,"turns":6.0},{"damage":19.0,"enemies":"Maw","floor":48.0,"turns":5.0},{"damage":53,"enemies":"Awakened One","floor":50,"turns":9}],"seed_played":"5601600667960924085","potions_obtained":[{"floor":3.0,"key":"Explosive Potion"},{"floor":4.0,"key":"Poison Potion"},{"floor":12.0,"key":"PowerPotion"},{"floor":13.0,"key":"Swift Potion"},{"floor":18.0,"key":"Fruit Juice"},{"floor":19.0,"key":"GhostInAJar"},{"floor":27.0,"key":"Fruit Juice"},{"floor":33.0,"key":"Fire Potion"},{"floor":35.0,"key":"Fire Potion"},{"floor":41.0,"key":"Strength Potion"},{"floor":44.0,"key":"EssenceOfSteel"},{"floor":45.0,"key":"SteroidPotion"}],"is_trial":false,"path_per_floor":["M","?","M","M","?","R","E","R","T","R","M","M","E","M","R","B",null,"M","M","M","?","M","E","?","E","T","M","$","R","$","E","R","B",null,"M","M","M","?","?","R","M","R","T","M","E","$","T","M","R","B"],"character_chosen":"THE_SILENT","items_purchased":["Lee\u0027s Waffle","Escape Plan","Noxious Fumes","Fire Potion","SkillPotion","Shuriken","Choke+1","GhostInAJar","Metamorphosis","Panacea"],"campfire_rested":2,"item_purchase_floors":[28,28,28,28,28,30,46,46,46,46],"current_hp_per_floor":[66,65,65,63,63,63,50,50,50,50,50,46,39,39,39,26,65,66,62,59,59,58,46,60,46,46,35,96,96,96,57,85,19,96,96,96,89,77,77,77,72,72,72,72,57,57,57,38,66,13],"gold":208,"neow_bonus":"THREE_CARDS","is_prod":false,"is_daily":false,"chose_seed":false,"campfire_upgraded":7,"win_rate":0,"timestamp":1535601168,"path_taken":["M","?","?","M","?","R","E","R","T","R","M","M","E","M","R","BOSS","M","M","M","?","M","E","?","E","T","?","$","R","?","E","R","BOSS","M","M","M","?","?","R","M","R","T","M","E","$","?","M","R","BOSS"],"build_version":"2018-08-28","purchased_purges":1,"victory":true,"max_hp_per_floor":[70,65,65,65,65,65,65,65,65,65,65,65,65,65,65,65,65,70,70,70,70,70,70,84,84,84,89,96,96,96,96,96,96,96,96,96,96,96,96,96,96,96,96,96,96,96,96,96,96,96],"card_choices":[{"not_picked":["Slice","Sucker Punch"],"picked":"Blade Dance","floor":0.0},{"not_picked":["Dagger Spray","Predator"],"picked":"Poisoned Stab","floor":1.0},{"not_picked":["Dagger Spray","Footwork"],"picked":"Leg Sweep","floor":3.0},{"not_picked":["Acrobatics","Masterful Stab"],"picked":"Deadly Poison","floor":4.0},{"not_picked":["Phantasmal Killer","Skewer","Expertise"],"picked":"SKIP","floor":7.0},{"not_picked":["Cloak And Dagger","Calculated Gamble"],"picked":"Backflip","floor":11.0},{"not_picked":["Backstab","Terror"],"picked":"Cloak And Dagger","floor":12.0},{"not_picked":["Cloak And Dagger","Prepared"],"picked":"Dodge and Roll","floor":13.0},{"not_picked":["Choke+1","Underhanded Strike+1"],"picked":"Blade Dance","floor":14.0},{"not_picked":["Die Die Die+1","Grand Finale+1"],"picked":"Night Terror","floor":16.0},{"not_picked":["Quick Slash+1","Prepared"],"picked":"Cloak And Dagger+1","floor":18.0},{"not_picked":["Sucker Punch+1","Night Terror"],"picked":"Footwork","floor":19.0},{"not_picked":["Slice+1","Leg Sweep+1"],"picked":"Acrobatics+1","floor":20.0},{"not_picked":["Backstab+1","Eviscerate+1"],"picked":"Sucker Punch+1","floor":22.0},{"not_picked":["Eviscerate+1","Riddle With Holes+1"],"picked":"Dash+1","floor":23.0},{"not_picked":["Predator+1","Flying Knee+1"],"picked":"Bane+1","floor":25.0},{"not_picked":["Infinite Blades","Cloak And Dagger"],"picked":"Dagger Throw+1","floor":27.0},{"not_picked":["Outmaneuver+1","Deflect"],"picked":"A Thousand Cuts","floor":31.0},{"not_picked":["Night Terror","Grand Finale+1"],"picked":"Adrenaline","floor":33.0},{"not_picked":["Riddle With Holes+1","Escape Plan"],"picked":"Catalyst+1","floor":35.0},{"not_picked":["Outmaneuver","Leg Sweep+1","Blade Dance+1"],"picked":"SKIP","floor":36.0},{"not_picked":["Deadly Poison","Calculated Gamble"],"picked":"Poisoned Stab+1","floor":37.0},{"not_picked":["Sucker Punch+1","Underhanded Strike+1"],"picked":"Flechettes+1","floor":41.0},{"not_picked":["Outmaneuver","Backflip"],"picked":"Bullet Time","floor":44.0},{"not_picked":["Slice+1","Dagger Spray+1"],"picked":"Leg Sweep+1","floor":45.0},{"not_picked":["Underhanded Strike+1","Blade Dance+1"],"picked":"Escape Plan+1","floor":48.0}],"player_experience":271577,"relics_obtained":[{"floor":7.0,"key":"Oddly Smooth Stone"},{"floor":9.0,"key":"Lantern"},{"floor":13.0,"key":"Molten Egg 2"},{"floor":23.0,"key":"Bottled Lightning"},{"floor":25.0,"key":"Boot"},{"floor":26.0,"key":"War Paint"},{"floor":31.0,"key":"Bronze Scales"},{"floor":43.0,"key":"Matryoshka"},{"floor":45.0,"key":"Bottled Flame"},{"floor":47.0,"key":"Toxic Egg 2"},{"floor":47.0,"key":"Ornamental Fan"}],"event_choices":[{"event_name":"Golden Idol","player_choice":"Lose Max HP","floor":2.0,"damage_taken":0.0},{"event_name":"Liars Game","player_choice":"agreed","floor":5.0,"damage_taken":0.0},{"event_name":"The Library","player_choice":"Read","floor":21.0,"damage_taken":0.0},{"event_name":"The Mausoleum","player_choice":"Yes","floor":24.0,"damage_taken":0.0},{"event_name":"Winding Halls","player_choice":"Embrace Madness","floor":38.0,"damage_taken":0.0},{"event_name":"The Moai Head","player_choice":"Gave Idol","floor":39.0,"damage_taken":0.0}],"is_beta":true,"boss_relics":[{"not_picked":["Fusion Hammer","Tiny House"],"picked":"Pandora\u0027s Box"},{"not_picked":["WristBlade","Astrolabe"],"picked":"Runic Dome"}],"items_purged_floors":[28],"is_endless":false,"potions_floor_spawned":[3,4,12,13,18,19,27,33,35,41,44,45],"ascension_level":2}