{"gold_per_floor":[111,111,131,142,29,29,55,65,65,65,84,84,98,110,110,189,189,209,13,13,13,27,27,27,27,27,27,27,60,60,80,80,154,154,173,28,28,46,57,87,87,113,113,123,23,0,0,19,19,19],"floor_reached":51,"playtime":2083,"items_purged":["Strike_G","Doubt"],"score":1450,"play_id":"3e8eded2-e2da-4648-b6d3-aa853b4d77b4","local_time":"20190210211031","is_ascension_mode":true,"campfire_choices":[{"data":"Deadly Poison","floor":6.0,"key":"SMITH"},{"data":"Catalyst","floor":12.0,"key":"SMITH"},{"data":"Noxious Fumes","floor":15.0,"key":"SMITH"},{"data":"Footwork","floor":23.0,"key":"SMITH"},{"data":"Footwork","floor":25.0,"key":"SMITH"},{"data":"Blur","floor":27.0,"key":"SMITH"},{"data":"Night Terror","floor":32.0,"key":"SMITH"},{"data":"Leg Sweep","floor":41,"key":"SMITH"},{"data":"Catalyst","floor":47,"key":"SMITH"},{"floor":49,"key":"REST"}],"neow_cost":"NONE","seed_source_timestamp":8378992784062,"circlet_count":0,"master_deck":["AscendersBane","Defend_G+1","Defend_G","Defend_G","Defend_G","Defend_G","Strike_G+1","Strike_G","Strike_G","Strike_G+1","Survivor","Neutralize+1","Deadly Poison+1","Catalyst+1","Blur+1","Noxious Fumes+1","Footwork+1","Malaise+1","Footwork+1","Night Terror+1","Crippling Poison","Bullet Time","Blur+1","Leg Sweep+1","Catalyst+1"],"special_seed":0,"relics":["Ring of the Snake","NeowsBlessing","Snake Skull","Whetstone","Runic Pyramid","Chemical X","Shuriken","War Paint","Dodecahedron","Cursed Key","Pantograph","Mercury Hourglass","Red Mask"],"potions_floor_usage":[33,50,50],"damage_taken":[{"damage":0.0,"enemies":"Small Slimes","floor":1.0,"turns":1.0},{"damage":0.0,"enemies":"Cultist","floor":3.0,"turns":1.0},{"damage":0.0,"enemies":"2 Louse","floor":4.0,"turns":1.0},{"damage":22.0,"enemies":"Gremlin Nob","floor":7.0,"turns":5.0},{"damage":0.0,"enemies":"Exordium Wildlife","floor":8.0,"turns":5.0},{"damage":2.0,"enemies":"2 Fungi Beasts","floor":11.0,"turns":4.0},{"damage":2.0,"enemies":"Red Slaver","floor":13.0,"turns":3.0},{"damage":0.0,"enemies":"Exordium Thugs","floor":14.0,"turns":4.0},{"damage":0.0,"enemies":"Hexaghost","floor":16.0,"turns":8.0},{"damage":2.0,"enemies":"Chosen","floor":18.0,"turns":4.0},{"damage":15.0,"enemies":"Colosseum Slavers","floor":20.0,"turns":6.0},{"damage":0.0,"enemies":"Spheric Guardian","floor":22.0,"turns":3.0},{"damage":11.0,"enemies":"Gremlin Leader","floor":29.0,"turns":7.0},{"damage":6.0,"enemies":"Cultist and Chosen","floor":31.0,"turns":5.0},{"damage":24,"enemies":"Collector","floor":33,"turns":5},{"damage":2,"enemies":"Orb Walker","floor":35,"turns":3},{"damage":18,"enemies":"3 Darklings","floor":38,"turns":6},{"damage":0,"enemies":"Maw","floor":39,"turns":3},{"damage":0,"enemies":"Giant Head","floor":40,"turns":11},{"damage":0,"enemies":"Nemesis","floor":42,"turns":9},{"damage":8,"enemies":"Jaw Worm Horde","floor":44,"turns":6},{"damage":15,"enemies":"3 Darklings","floor":48,"turns":4},{"damage":50,"enemies":"Awakened One","floor":50,"turns":15}],"seed_played":"5506183580879840718","potions_obtained":[{"floor":3.0,"key":"PowerPotion"},{"floor":4.0,"key":"Fire Potion"},{"floor":7.0,"key":"Ancient Potion"},{"floor":29.0,"key":"Dexterity Potion"},{"floor":35,"key":"Dexterity Potion"},{"floor":42,"key":"LiquidBronze"}],"is_trial":false,"path_per_floor":["M","?","M","M","$","R","E","M","T","?","M","R","M","M","R","B",null,"M","$","?","?","M","R","T","R","T","R","$","E","?","M","R","B",null,"M","$","?","M","M","E","R","E","T","M","$","?","R","M","R","B",null],"character_chosen":"THE_SILENT","items_purchased":["Blur","Chemical X","Bullet Time"],"campfire_rested":1,"item_purchase_floors":[5,19,36],"current_hp_per_floor":[59,59,59,59,59,59,37,37,37,42,40,40,38,38,38,38,63,61,61,46,46,46,46,46,46,46,46,46,35,35,29,29,5,55,53,53,53,35,35,35,35,35,35,27,27,27,27,12,33,8],"gold":19,"neow_bonus":"THREE_ENEMY_KILL","is_prod":false,"is_daily":false,"chose_seed":false,"campfire_upgraded":9,"win_rate":0,"timestamp":1549804231,"path_taken":["M","?","?","M","$","R","E","M","T","?","M","R","M","M","R","BOSS","M","$","?","?","?","R","?","R","T","R","?","E","?","M","R","BOSS","M","$","?","?","M","E","R","E","T","M","$","?","R","M","R","BOSS"],"build_version":"2019-02-06","purchased_purges":2,"victory":true,"max_hp_per_floor":[66,66,66,66,66,66,66,66,66,71,71,71,71,71,71,71,71,71,71,71,71,71,71,71,71,71,71,71,71,71,71,71,71,71,71,71,71,71,71,71,71,71,71,71,71,71,71,71,71,71],"card_choices":[{"not_picked":["Dodge and Roll","Backstab","Finisher"],"picked":"SKIP","floor":1.0},{"not_picked":["PiercingWail","Dagger Spray"],"picked":"Deadly Poison","floor":3.0},{"not_picked":["Setup","Masterful Stab"],"picked":"Catalyst","floor":4.0},{"not_picked":["Bane","Slice"],"picked":"Noxious Fumes","floor":7.0},{"not_picked":["Phantasmal Killer","Dodge and Roll","Acrobatics"],"picked":"SKIP","floor":8.0},{"not_picked":["Deadly Poison","Prepared","Poisoned Stab"],"picked":"SKIP","floor":11.0},{"not_picked":["Dodge and Roll","Dagger Spray","Prepared"],"picked":"SKIP","floor":13.0},{"not_picked":["Heel Hook","Dagger Spray"],"picked":"Footwork","floor":14.0},{"not_picked":["Adrenaline","After Image"],"picked":"Malaise","floor":16.0},{"not_picked":["Underhanded Strike","Blade Dance","Cloak And Dagger"],"picked":"SKIP","floor":18.0},{"not_picked":["Prepared","Quick Slash"],"picked":"Footwork","floor":22.0},{"not_picked":["Grand Finale","Dagger Throw","Slice"],"picked":"SKIP","floor":29.0},{"not_picked":["Crippling Poison","Predator+1","Slice"],"picked":"SKIP","floor":31.0},{"not_picked":["Predator+1","Slice"],"picked":"Crippling Poison","floor":31.0},{"not_picked":["Flying Knee","Outmaneuver+1","Blade Dance"],"picked":"SKIP","floor":35},{"not_picked":["Poisoned Stab","Dagger Throw+1","Blade Dance+1"],"picked":"SKIP","floor":38},{"not_picked":["Cloak And Dagger","Deflect"],"picked":"Leg Sweep","floor":39},{"not_picked":["Venomology","Prepared","Expertise"],"picked":"SKIP","floor":40},{"not_picked":["Prepared","Terror+1","Dagger Spray"],"picked":"SKIP","floor":42},{"not_picked":["Dagger Spray","Dagger Throw+1"],"picked":"Catalyst","floor":44},{"not_picked":["Dagger Spray","Cloak And Dagger","Terror"],"picked":"SKIP","floor":48}],"player_experience":780010,"relics_obtained":[{"floor":7.0,"key":"Snake Skull"},{"floor":9.0,"key":"Whetstone"},{"floor":24.0,"key":"Shuriken"},{"floor":26.0,"key":"War Paint"},{"floor":29.0,"key":"Dodecahedron"},{"floor":40,"key":"Pantograph"},{"floor":42,"key":"Mercury Hourglass"}],"event_choices":[{"damage_healed":0.0,"max_hp_gain":0.0,"max_hp_loss":0.0,"gold_gain":0.0,"event_name":"Upgrade Shrine","player_choice":"Upgraded","floor":2.0,"gold_loss":0.0,"damage_taken":0.0,"cards_upgraded":["Neutralize"]},{"damage_healed":0.0,"max_hp_gain":5.0,"max_hp_loss":0.0,"gold_gain":0.0,"event_name":"Big Fish","player_choice":"Donut","floor":10.0,"gold_loss":0.0,"damage_taken":0.0},{"damage_healed":0.0,"max_hp_gain":0.0,"max_hp_loss":0.0,"gold_gain":0.0,"event_name":"Colosseum","player_choice":"Fight","floor":20.0,"gold_loss":0.0,"damage_taken":0.0},{"damage_healed":0.0,"max_hp_gain":0.0,"max_hp_loss":0.0,"gold_gain":0.0,"event_name":"Colosseum","player_choice":"Fled From Nobs","floor":20.0,"gold_loss":0.0,"damage_taken":0.0},{"damage_healed":0.0,"max_hp_gain":0.0,"max_hp_loss":0.0,"gold_gain":0.0,"event_name":"Lab","player_choice":"Got Potions","floor":21.0,"gold_loss":0.0,"damage_taken":0.0},{"damage_healed":0.0,"max_hp_gain":0.0,"max_hp_loss":0.0,"gold_gain":0.0,"event_name":"Match and Keep!","player_choice":"1 cards matched","floor":30.0,"gold_loss":0.0,"damage_taken":0.0,"cards_obtained":["Night Terror"]},{"damage_healed":0,"gold_gain":0,"player_choice":"Copied","damage_taken":0,"max_hp_gain":0,"max_hp_loss":0,"event_name":"Duplicator","floor":37,"gold_loss":0,"cards_obtained":["Blur"]},{"damage_healed":0,"gold_gain":0,"player_choice":"Paid","damage_taken":0,"relics_obtained":["Red Mask"],"max_hp_gain":0,"max_hp_loss":0,"event_name":"Tomb of Lord Red Mask","floor":46,"gold_loss":23}],"is_beta":true,"boss_relics":[{"not_picked":["Lizard Tail","Black Star"],"picked":"Runic Pyramid"},{"not_picked":["Philosopher\u0027s Stone","Calling Bell"],"picked":"Cursed Key"}],"items_purged_floors":[5,45],"is_endless":false,"potions_floor_spawned":[3,4,7,14,18,20,29,35,42],"ascension_level":15}