{"gold_per_floor":[118,138,188,188,204,204,243,329,341,353,107,107,125,139,139,237,237,256,306,221,221,242,242,265,265],"floor_reached":25,"playtime":807,"items_purged":[],"score":397,"play_id":"91838ae9-b440-41c1-8a8d-dabb26f384fa","local_time":"20180914202846","is_ascension_mode":true,"campfire_choices":[{"data":"Zap","floor":6.0,"key":"SMITH"},{"data":"Defragment","floor":10.0,"key":"SMITH"},{"data":"Streamline","floor":12.0,"key":"SMITH"},{"data":"Consume","floor":15.0,"key":"SMITH"},{"floor":23,"key":"REST"}],"neow_cost":"NONE","seed_source_timestamp":0,"circlet_count":0,"master_deck":["Strike_B","Strike_B","Strike_B","Strike_B","Defend_B","Defend_B","Defend_B","Defend_B","Zap+1","Dualcast","AscendersBane","Core Surge","Streamline+1","Gash","Ball Lightning","Defragment+1","Gash","Consume+1","Double Energy","Echo Form","Darkness","Ghostly+1","Ghostly+1","Ghostly+1","Ghostly+1","Ghostly+1","Gash","Beam Cell"],"special_seed":0,"relics":["Cracked Core","Golden Idol","MawBank","Pantograph","StoneCalendar","Runic Capacitor","Nuclear Battery","Toxic Egg 2"],"potions_floor_usage":[],"damage_taken":[{"damage":1.0,"enemies":"2 Louse","floor":1.0,"turns":2.0},{"damage":6.0,"enemies":"Cultist","floor":2.0,"turns":3.0},{"damage":7.0,"enemies":"Jaw Worm","floor":5.0,"turns":2.0},{"damage":32.0,"enemies":"Gremlin Nob","floor":7.0,"turns":4.0},{"damage":6.0,"enemies":"2 Fungi Beasts","floor":13.0,"turns":3.0},{"damage":9.0,"enemies":"Large Slime","floor":14.0,"turns":4.0},{"damage":18.0,"enemies":"Slime Boss","floor":16.0,"turns":6.0},{"damage":24,"enemies":"Chosen","floor":18,"turns":4},{"damage":14,"enemies":"Shell Parasite","floor":22,"turns":5},{"damage":3,"enemies":"Snake Plant","floor":24,"turns":5},{"damage":22,"enemies":"3 Cultists","floor":25,"turns":5}],"seed_played":"-584638494614733193","potions_obtained":[{"floor":1.0,"key":"FearPotion"},{"floor":5.0,"key":"EssenceOfSteel"},{"floor":14.0,"key":"AttackPotion"},{"floor":22,"key":"SteroidPotion"}],"is_trial":false,"path_per_floor":["M","M","?","?","M","R","E","T","T","R","$","R","M","M","R","B",null,"M","?","?","?","M","R","M"],"character_chosen":"DEFECT","items_purchased":["Runic Capacitor","Gash"],"campfire_rested":1,"item_purchase_floors":[11,11],"current_hp_per_floor":[63,57,57,57,50,50,18,18,18,18,18,18,12,3,3,10,51,27,27,27,27,13,22,19,0],"gold":265,"neow_bonus":"ONE_RANDOM_RARE_CARD","is_prod":false,"is_daily":false,"chose_seed":false,"campfire_upgraded":4,"win_rate":0,"timestamp":1536928126,"path_taken":["M","M","?","?","M","R","E","?","T","R","?","R","M","M","R","BOSS","M","?","?","?","M","R","M","M"],"build_version":"2018-09-12","purchased_purges":0,"victory":false,"max_hp_per_floor":[71,71,71,64,64,64,64,64,64,64,64,64,64,64,64,64,64,64,64,64,32,32,32,32,32],"card_choices":[{"not_picked":["Static Discharge","Go for the Eyes"],"picked":"Streamline","floor":1.0},{"not_picked":["Sweeping Beam","Conserve Battery"],"picked":"Gash","floor":2.0},{"not_picked":["Loop","Beam Cell"],"picked":"Ball Lightning","floor":5.0},{"not_picked":["Compile Driver","Reinforced Body"],"picked":"Defragment","floor":7.0},{"not_picked":["Scrape","Sunder"],"picked":"Consume","floor":13.0},{"not_picked":["Sweeping Beam","Streamline"],"picked":"Double Energy","floor":14.0},{"not_picked":["Rainbow","Multi-Cast"],"picked":"Echo Form","floor":16.0},{"not_picked":["Blizzard","Sweeping Beam"],"picked":"Darkness","floor":18},{"not_picked":["Lockon","Rip and Tear+1"],"picked":"Gash","floor":22},{"not_picked":["Turbo+1","Aggregate+1"],"picked":"Beam Cell","floor":24}],"player_experience":326990,"relics_obtained":[{"floor":7.0,"key":"MawBank"},{"floor":8.0,"key":"Pantograph"},{"floor":9.0,"key":"StoneCalendar"}],"event_choices":[{"event_name":"Golden Shrine","player_choice":"Pray","floor":3.0,"damage_taken":0.0},{"event_name":"Golden Idol","player_choice":"Lose Max HP","floor":4.0,"damage_taken":0.0},{"event_name":"Nest","player_choice":"Stole From Cult","floor":19,"damage_taken":0},{"event_name":"Addict","player_choice":"Obtained Relic","floor":20,"damage_taken":0},{"event_name":"Ghosts","player_choice":"Became a Ghost","floor":21,"damage_taken":0}],"is_beta":true,"boss_relics":[{"not_picked":["Tiny House","Fusion Hammer"],"picked":"Nuclear Battery"}],"items_purged_floors":[],"is_endless":false,"potions_floor_spawned":[1,5,14,22],"killed_by":"3 Cultists","ascension_level":17}