{"gold_per_floor":[114,130,130,180,190,190,15,25,49,63,63,63,63,63,63,63],"floor_reached":16,"playtime":474,"items_purged":["Strike_B"],"score":180,"play_id":"39839009-ce5a-4b04-94a7-1bb1d048fd69","local_time":"20181104191606","is_ascension_mode":true,"campfire_choices":[{"data":"Beam Cell","floor":6.0,"key":"SMITH"},{"data":"Go for the Eyes","floor":11.0,"key":"SMITH"},{"data":"Sunder","floor":15,"key":"SMITH"}],"neow_cost":"NONE","seed_source_timestamp":29091827583786,"circlet_count":0,"master_deck":["AscendersBane","Strike_B","Strike_B","Defend_B","Defend_B+1","Defend_B","Defend_B+1","Zap+1","Dualcast+1","Beam Cell+1","Go for the Eyes+1","Undo","Sunder+1","Leap","Steam Power+1"],"special_seed":0,"relics":["Cracked Core","Boot","War Paint"],"potions_floor_usage":[],"damage_taken":[{"damage":4.0,"enemies":"Small Slimes","floor":1.0,"turns":3.0},{"damage":1.0,"enemies":"Cultist","floor":2.0,"turns":3.0},{"damage":9.0,"enemies":"2 Louse","floor":5.0,"turns":2.0},{"damage":3.0,"enemies":"Looter","floor":8.0,"turns":2.0},{"damage":8.0,"enemies":"Exordium Thugs","floor":10.0,"turns":4.0},{"damage":37,"enemies":"Hexaghost","floor":16,"turns":10}],"seed_played":"-1896514215577624742","potions_obtained":[{"floor":10.0,"key":"Fire Potion"}],"is_trial":false,"path_per_floor":["M","M","?","?","M","R","$","M","T","M","R","?","?","T","R","B"],"character_chosen":"DEFECT","items_purchased":["Sunder","Leap"],"campfire_rested":0,"item_purchase_floors":[7,7],"current_hp_per_floor":[60,59,38,31,22,22,22,19,19,11,11,34,34,34,34,0],"gold":63,"neow_bonus":"UPGRADE_CARD","is_prod":false,"is_daily":false,"chose_seed":false,"campfire_upgraded":3,"win_rate":0,"timestamp":1541330166,"path_taken":["M","M","?","?","M","R","$","M","T","?","R","?","?","?","R","BOSS"],"build_version":"2018-11-02","purchased_purges":1,"victory":false,"max_hp_per_floor":[71,71,71,71,71,71,71,71,71,71,71,71,71,71,71,71],"card_choices":[{"not_picked":["Sweeping Beam","Rip and Tear"],"picked":"Beam Cell","floor":1.0},{"not_picked":["Redo","Stack"],"picked":"Go for the Eyes","floor":2.0},{"not_picked":["Go for the Eyes","Turbo"],"picked":"Undo","floor":5.0},{"not_picked":["Turbo","Recycle","Coolheaded"],"picked":"SKIP","floor":8.0},{"not_picked":["Coolheaded","Steam","Redo"],"picked":"SKIP","floor":10.0}],"player_experience":502547,"relics_obtained":[{"floor":9.0,"key":"Boot"},{"floor":14,"key":"War Paint"}],"event_choices":[{"damage_healed":0.0,"max_hp_gain":0.0,"max_hp_loss":0.0,"gold_gain":0.0,"event_name":"Shining Light","player_choice":"Entered Light","floor":3.0,"gold_loss":0.0,"damage_taken":21.0,"cards_upgraded":["Dualcast","Defend_B"]},{"damage_healed":0.0,"max_hp_gain":0.0,"max_hp_loss":0.0,"gold_gain":50.0,"event_name":"FaceTrader","player_choice":"Touch","floor":4.0,"gold_loss":0.0,"damage_taken":7.0},{"damage_healed":23.0,"max_hp_gain":0.0,"max_hp_loss":0.0,"gold_gain":0.0,"event_name":"Big Fish","player_choice":"Banana","floor":12.0,"gold_loss":0.0,"damage_taken":0.0},{"damage_healed":0,"gold_gain":0,"cards_transformed":["Strike_B"],"player_choice":"Change","damage_taken":0,"max_hp_gain":0,"max_hp_loss":0,"event_name":"Living Wall","floor":13,"gold_loss":0,"cards_obtained":["Steam Power"]}],"is_beta":true,"boss_relics":[],"items_purged_floors":[7],"is_endless":false,"potions_floor_spawned":[10],"killed_by":"Hexaghost","ascension_level":20}