{"gold_per_floor":[18,18,50,137,74,86,129,141,153,183,266,296,370,27,27,27],"floor_reached":16,"playtime":368,"items_purged":["Strike_B"],"score":196,"play_id":"43cab258-0d8c-4946-9f88-78407e2fecb2","local_time":"20190119130340","is_ascension_mode":true,"campfire_choices":[{"data":"Hyperbeam","floor":6.0,"key":"SMITH"},{"data":"Hologram","floor":8.0,"key":"SMITH"},{"data":"Panacea","floor":15.0,"key":"SMITH"}],"neow_cost":"NO_GOLD","seed_source_timestamp":4470719801648,"circlet_count":0,"master_deck":["AscendersBane","Strike_B","Strike_B","Defend_B","Defend_B","Defend_B","Defend_B","Zap","Dualcast","Hyperbeam+1","Hologram+1","Conserve Battery","Undo","Panacea+1"],"special_seed":0,"relics":["Cracked Core","MawBank","Ice Cream","Happy Flower","Bag of Preparation"],"potions_floor_usage":[16],"damage_taken":[{"damage":3.0,"enemies":"Small Slimes","floor":1.0,"turns":2.0},{"damage":0.0,"enemies":"2 Louse","floor":3.0,"turns":1.0},{"damage":10.0,"enemies":"3 Sentries","floor":7.0,"turns":4.0},{"damage":0.0,"enemies":"Cultist","floor":10.0,"turns":2.0},{"damage":0.0,"enemies":"Red Slaver","floor":12.0,"turns":2.0},{"damage":32,"enemies":"Hexaghost","floor":16,"turns":9}],"seed_played":"-8285384026885781158","potions_obtained":[{"floor":10.0,"key":"EssenceOfSteel"},{"floor":12.0,"key":"SkillPotion"}],"is_trial":false,"path_per_floor":["M","?","M","?","?","R","E","R","T","M","T","M","?","$","R","B"],"character_chosen":"DEFECT","items_purchased":["Panacea","Bag of Preparation"],"campfire_rested":0,"item_purchase_floors":[14,14],"current_hp_per_floor":[61,50,50,39,39,39,29,29,29,29,29,29,29,29,29,0],"gold":27,"neow_bonus":"THREE_RARE_CARDS","is_prod":false,"is_daily":false,"chose_seed":false,"campfire_upgraded":3,"win_rate":0,"timestamp":1547874220,"path_taken":["M","?","M","?","?","R","E","R","T","M","?","M","?","$","R","BOSS"],"build_version":"2019-01-17","purchased_purges":1,"victory":false,"max_hp_per_floor":[71,71,71,71,71,71,71,71,71,71,71,71,71,71,71,71],"card_choices":[{"not_picked":["Reboot","Multi-Cast"],"picked":"Hyperbeam","floor":0.0},{"not_picked":["Steam","Gash"],"picked":"Hologram","floor":1.0},{"not_picked":["Stack","Steam","Capacitor"],"picked":"SKIP","floor":3.0},{"not_picked":["Loop","Aggregate"],"picked":"Conserve Battery","floor":7.0},{"not_picked":["Sweeping Beam","Coolheaded","Consume"],"picked":"SKIP","floor":10.0},{"not_picked":["Consume","Redo"],"picked":"Undo","floor":12.0}],"player_experience":679224,"relics_obtained":[{"floor":7.0,"key":"Ice Cream"},{"floor":9.0,"key":"Happy Flower"}],"event_choices":[{"damage_healed":0.0,"max_hp_gain":0.0,"max_hp_loss":0.0,"gold_gain":0.0,"event_name":"Scrap Ooze","player_choice":"Success","floor":2.0,"gold_loss":0.0,"damage_taken":11.0,"relics_obtained":["MawBank"]},{"damage_healed":0.0,"max_hp_gain":0.0,"max_hp_loss":0.0,"gold_gain":75.0,"event_name":"World of Goop","player_choice":"Gather Gold","floor":4.0,"gold_loss":0.0,"damage_taken":11.0},{"cards_removed":["Strike_B"],"damage_healed":0.0,"max_hp_gain":0.0,"max_hp_loss":0.0,"gold_gain":0.0,"event_name":"The Cleric","player_choice":"Card Removal","floor":5.0,"gold_loss":75.0,"damage_taken":0.0},{"damage_healed":0.0,"max_hp_gain":0.0,"max_hp_loss":0.0,"gold_gain":62.0,"event_name":"Golden Wing","player_choice":"Gained Gold","floor":13.0,"gold_loss":0.0,"damage_taken":0.0}],"is_beta":true,"boss_relics":[],"items_purged_floors":[14],"is_endless":false,"potions_floor_spawned":[10,12],"killed_by":"Hexaghost","ascension_level":20}