{"gold_per_floor":[115,135,60,74,93,123,123,123,202,202,53,53,73,2,2,103,153,171,186,203,9,22,49,49,49,49,49,49,49,69,84,84,84],"floor_reached":33,"playtime":5571,"items_purged":["Defend_R","Defend_R","Strike_R"],"score":292,"play_id":"6b520d15-0abd-48ed-844e-1b170a5e234b","local_time":"20190802031617","is_ascension_mode":false,"campfire_choices":[{"floor":8,"key":"REST"},{"floor":15,"key":"REST"},{"floor":29,"key":"REST"},{"data":"Armaments","floor":32,"key":"SMITH"}],"neow_cost":"","seed_source_timestamp":36677246346512,"circlet_count":0,"master_deck":["Defend_R","Defend_R","Bash+1","Rage","Armaments+1","Anger","Pommel Strike","Warcry","Armaments+1","Warcry","Juggernaut","Pommel Strike","Anger+1","Pummel","Fire Breathing","Bite","Bite","Bite","Bite","Bite"],"relics":["Burning Blood","Unceasing Top","Oddly Smooth Stone","Self Forming Clay","Tiny House","Dodecahedron","Meat on the Bone"],"potions_floor_usage":[5,16,23,23,23],"damage_taken":[{"damage":1,"enemies":"Cultist","floor":1,"turns":4},{"damage":15,"enemies":"2 Louse","floor":2,"turns":3},{"damage":0,"enemies":"Small Slimes","floor":4,"turns":3},{"damage":12,"enemies":"Blue Slaver","floor":5,"turns":3},{"damage":29,"enemies":"Gremlin Nob","floor":6,"turns":5},{"damage":6,"enemies":"Large Slime","floor":13,"turns":3},{"damage":46,"enemies":"The Guardian","floor":16,"turns":9},{"damage":19,"enemies":"3 Byrds","floor":18,"turns":7},{"damage":15,"enemies":"Spheric Guardian","floor":19,"turns":5},{"damage":20,"enemies":"Chosen and Byrds","floor":20,"turns":6},{"damage":18,"enemies":"Sentry and Sphere","floor":22,"turns":5},{"damage":29,"enemies":"Slavers","floor":23,"turns":7},{"damage":10,"enemies":"3 Cultists","floor":30,"turns":5},{"damage":32,"enemies":"Centurion and Healer","floor":31,"turns":8},{"damage":85,"enemies":"Champ","floor":33,"turns":10}],"seed_played":"-890562356381238988","potions_obtained":[{"floor":1,"key":"SteroidPotion"},{"floor":2,"key":"GamblersBrew"},{"floor":17,"key":"Explosive Potion"},{"floor":19,"key":"EssenceOfSteel"},{"floor":22,"key":"Weak Potion"},{"floor":23,"key":"Regen Potion"},{"floor":30,"key":"Poison Potion"}],"is_trial":false,"path_per_floor":["M","M","$","M","M","E","?","R","T","?","$","?","M","$","R","B",null,"M","M","M","$","M","E","?","$","T","?","?","R","M","M","R","B"],"character_chosen":"IRONCLAD","items_purchased":["Strength Potion","Armaments","Warcry","Pummel"],"campfire_rested":3,"item_purchase_floors":[11,14,14,21],"current_hp_per_floor":[80,71,71,77,71,48,45,69,69,69,69,69,69,69,80,40,85,72,63,49,49,37,14,5,5,5,5,5,22,37,41,41,0],"gold":84,"neow_bonus":"","is_prod":false,"is_daily":false,"chose_seed":false,"campfire_upgraded":1,"win_rate":0.0,"timestamp":1564704977,"path_taken":["M","M","$","M","?","E","?","R","T","?","$","?","M","?","R","BOSS","M","M","M","$","M","E","?","$","T","?","?","R","?","M","R","BOSS"],"build_version":"2019-07-17","purchased_purges":3,"victory":false,"max_hp_per_floor":[80,80,80,80,80,80,80,80,80,80,80,80,80,80,80,80,85,85,85,85,85,85,85,85,85,85,59,59,59,59,59,59,59],"card_choices":[{"not_picked":["Twin Strike","Sever Soul"],"picked":"Rage","floor":1},{"not_picked":["Clothesline","Infernal Blade"],"picked":"Armaments","floor":2},{"not_picked":["Headbutt","Armaments"],"picked":"Anger","floor":4},{"not_picked":["Clash","Uppercut"],"picked":"Pommel Strike","floor":5},{"not_picked":["Entrench","Clothesline","Fiend Fire"],"picked":"SKIP","floor":6},{"not_picked":["Clothesline","Searing Blow"],"picked":"Warcry","floor":13},{"not_picked":["Impervious","Berserk"],"picked":"Juggernaut","floor":16},{"not_picked":["Shrug It Off","Twin Strike"],"picked":"Pommel Strike","floor":17},{"not_picked":["Combust+1","Pummel","Warcry"],"picked":"SKIP","floor":18},{"not_picked":["Disarm","Sever Soul+1"],"picked":"Anger+1","floor":19},{"not_picked":["Sword Boomerang","Pommel Strike","Cleave"],"picked":"SKIP","floor":20},{"not_picked":["Shockwave","Rupture"],"picked":"Fire Breathing","floor":22},{"not_picked":["Body Slam","Shrug It Off","Burning Pact"],"picked":"SKIP","floor":23},{"not_picked":["Bludgeon","Battle Trance","Warcry"],"picked":"SKIP","floor":30},{"not_picked":["Flex","Metallicize","Shrug It Off+1"],"picked":"SKIP","floor":31}],"player_experience":0,"relics_obtained":[{"floor":6,"key":"Unceasing Top"},{"floor":9,"key":"Self Forming Clay"},{"floor":23,"key":"Dodecahedron"},{"floor":26,"key":"Meat on the Bone"}],"event_choices":[{"damage_healed":0,"gold_gain":0,"player_choice":"Success","damage_taken":3,"relics_obtained":["Oddly Smooth Stone"],"max_hp_gain":0,"max_hp_loss":0,"event_name":"Scrap Ooze","floor":7,"gold_loss":0},{"damage_healed":0,"gold_gain":0,"player_choice":"Ignored","damage_taken":0,"max_hp_gain":0,"max_hp_loss":0,"event_name":"Golden Idol","floor":10,"gold_loss":0},{"damage_healed":0,"gold_gain":0,"player_choice":"Ignored","damage_taken":0,"max_hp_gain":0,"max_hp_loss":0,"event_name":"Liars Game","floor":12,"gold_loss":0},{"damage_healed":0,"gold_gain":0,"player_choice":"Stopped","damage_taken":9,"max_hp_gain":0,"max_hp_loss":0,"event_name":"Cursed Tome","floor":24,"gold_loss":0},{"damage_healed":0,"gold_gain":0,"player_choice":"Became a vampire","damage_taken":0,"max_hp_gain":0,"max_hp_loss":26,"event_name":"Vampires","floor":27,"gold_loss":0,"cards_obtained":["Bite","Bite","Bite","Bite","Bite"]},{"damage_healed":0,"gold_gain":0,"player_choice":"Forge","damage_taken":0,"max_hp_gain":0,"max_hp_loss":0,"event_name":"Accursed Blacksmith","floor":28,"gold_loss":0,"cards_upgraded":["Armaments"]}],"is_beta":false,"boss_relics":[{"not_picked":["Fusion Hammer","Calling Bell"],"picked":"Tiny House"}],"items_purged_floors":[3,11,21],"is_endless":false,"potions_floor_spawned":[1,2,19,22,23,30],"killed_by":"Champ","ascension_level":0}