{"gold_per_floor":[116,130,305,305,178,210,210,61,85,50,81,98,124,124,124,245,245,259,259,309,321,335,335,363,363,363,383,408,408,114,66,66,164,164,177,1176,1176,1194,1194,1228,1228,1228,1228,410,410,410],"floor_reached":46,"playtime":2612,"items_purged":["Doubt","Strike_R","Normality"],"score":598,"play_id":"eb4e3455-c08c-4624-a31d-4e36c84ff880","local_time":"20190810135157","is_ascension_mode":true,"campfire_choices":[{"floor":7,"key":"REST"},{"floor":15,"key":"REST"},{"floor":23,"key":"REST"},{"data":"Dark Embrace","floor":25,"key":"SMITH"},{"floor":29,"key":"REST"},{"data":"True Grit","floor":32,"key":"SMITH"},{"data":"Demon Form","floor":42,"key":"SMITH"},{"data":"Seeing Red","floor":45,"key":"SMITH"}],"neow_cost":"NONE","seed_source_timestamp":46840000893712,"circlet_count":0,"master_deck":["Strike_R+1","Strike_R","Strike_R","Defend_R","Defend_R","Defend_R+1","Defend_R","Bash","Pommel Strike","True Grit+1","Cleave","Demon Form+1","Combust","Twin Strike","Shockwave","Injury","Offering","Spot Weakness","Battle Trance","Reaper","Dark Embrace+1","Battle Trance","True Grit","Reaper","Limit Break","Seeing Red+1","Normality","Twin Strike+1","Normality","Shrug It Off","Seeing Red","Finesse"],"relics":["Burning Blood","Potion Belt","Bronze Scales","Bird Faced Urn","Ornamental Fan","Bloody Idol","Mark of Pain","Strawberry","Darkstone Periapt","Self Forming Clay","DollysMirror","Cursed Key","Prayer Wheel","Ice Cream","Ancient Tea Set","Frozen Eye"],"potions_floor_usage":[11,11,11,11,12,16,24,24,28,33,40,46,46,46],"damage_taken":[{"damage":0,"enemies":"2 Louse","floor":1,"turns":2},{"damage":7,"enemies":"Small Slimes","floor":2,"turns":7},{"damage":33,"enemies":"3 Sentries","floor":6,"turns":14},{"damage":2,"enemies":"Gremlin Nob","floor":11,"turns":3},{"damage":0,"enemies":"Jaw Worm","floor":12,"turns":4},{"damage":20,"enemies":"3 Sentries","floor":13,"turns":4},{"damage":49,"enemies":"The Guardian","floor":16,"turns":10},{"damage":27,"enemies":"Spheric Guardian","floor":18,"turns":5},{"damage":24,"enemies":"2 Thieves","floor":21,"turns":4},{"damage":27,"enemies":"Centurion and Healer","floor":22,"turns":5},{"damage":20,"enemies":"Slavers","floor":24,"turns":3},{"damage":42,"enemies":"Snake Plant","floor":27,"turns":3},{"damage":23,"enemies":"Book of Stabbing","floor":28,"turns":4},{"damage":60,"enemies":"Champ","floor":33,"turns":10},{"damage":13,"enemies":"3 Shapes","floor":35,"turns":8},{"damage":29,"enemies":"3 Darklings","floor":38,"turns":6},{"damage":42,"enemies":"Giant Head","floor":40,"turns":7},{"damage":118,"enemies":"Nemesis","floor":46,"turns":8}],"seed_played":"-4679395629087362894","potions_obtained":[{"floor":6,"key":"EntropicBrew"},{"floor":13,"key":"Poison Potion"},{"floor":22,"key":"Fire Potion"},{"floor":27,"key":"Strength Potion"},{"floor":33,"key":"Swift Potion"},{"floor":35,"key":"Block Potion"}],"is_trial":false,"path_per_floor":["M","M","?","?","$","E","R","$","T","$","E","M","E","?","R","B",null,"M","?","?","M","M","R","E","R","T","M","E","R","$","$","R","B",null,"M","?","?","M","?","E","?","R","T","$","R","E"],"character_chosen":"IRONCLAD","items_purchased":["True Grit","Demon Form","Combust","DollysMirror","PowerPotion","Shrug It Off","Seeing Red","Ancient Tea Set","Frozen Eye","Energy Potion","SkillPotion","Dexterity Potion","Finesse"],"campfire_rested":4,"item_purchase_floors":[5,8,10,30,31,44,44,44,44,44,44,44,44],"current_hp_per_floor":[80,79,79,63,63,36,60,60,60,60,64,70,58,58,80,39,80,61,61,66,62,50,74,84,84,84,64,54,80,80,80,80,76,87,87,99,99,99,94,73,104,104,110,110,110,0],"gold":410,"neow_bonus":"REMOVE_CARD","is_prod":false,"is_daily":false,"chose_seed":false,"campfire_upgraded":4,"win_rate":0,"timestamp":1565459517,"path_taken":["M","M","?","?","$","E","R","$","T","$","E","M","E","?","R","BOSS","M","?","?","M","?","R","E","R","T","M","E","R","?","$","R","BOSS","M","?","?","M","?","E","?","R","T","$","R","E"],"build_version":"2019-07-17","purchased_purges":3,"victory":false,"max_hp_per_floor":[80,80,80,80,80,80,80,80,80,80,80,80,80,80,80,80,80,80,80,80,80,80,80,87,87,87,87,87,87,87,87,87,87,87,87,99,99,99,94,94,104,104,110,110,110,110],"card_choices":[{"not_picked":["Flex","Clash","Rage"],"picked":"SKIP","floor":1},{"not_picked":["Flex","Iron Wave"],"picked":"Pommel Strike","floor":2},{"not_picked":["Rupture","Clash"],"picked":"Cleave","floor":6},{"not_picked":["Entrench","Anger"],"picked":"Twin Strike","floor":11},{"not_picked":["Anger","Perfected Strike","Headbutt"],"picked":"SKIP","floor":12},{"not_picked":["Wild Strike","Feel No Pain"],"picked":"Shockwave","floor":13},{"not_picked":["Juggernaut","Double Tap"],"picked":"Offering","floor":16},{"not_picked":["Perfected Strike","Headbutt+1"],"picked":"Spot Weakness","floor":18},{"not_picked":["Anger","Iron Wave"],"picked":"Battle Trance","floor":21},{"not_picked":["Fire Breathing","Shrug It Off+1"],"picked":"Reaper","floor":22},{"not_picked":["Armaments","Sever Soul"],"picked":"Dark Embrace","floor":24},{"not_picked":["Heavy Blade","Headbutt"],"picked":"Battle Trance","floor":27},{"not_picked":["Wild Strike","Shrug It Off"],"picked":"True Grit","floor":28},{"not_picked":["Impervious","Fiend Fire"],"picked":"Limit Break","floor":33},{"not_picked":["Wild Strike+1","Twin Strike+1"],"picked":"Seeing Red","floor":35},{"not_picked":["Iron Wave","Anger"],"picked":"Twin Strike+1","floor":38},{"not_picked":["Seeing Red","Heavy Blade+1"],"picked":"Reaper","floor":40}],"player_experience":56760,"relics_obtained":[{"floor":6,"key":"Potion Belt"},{"floor":9,"key":"Bronze Scales"},{"floor":11,"key":"Bird Faced Urn"},{"floor":13,"key":"Ornamental Fan"},{"floor":24,"key":"Strawberry"},{"floor":26,"key":"Darkstone Periapt"},{"floor":28,"key":"Self Forming Clay"},{"floor":40,"key":"Prayer Wheel"},{"floor":43,"key":"Ice Cream"}],"event_choices":[{"damage_healed":0,"gold_gain":175,"player_choice":"AGREE","damage_taken":0,"max_hp_gain":0,"max_hp_loss":0,"event_name":"Liars Game","floor":3,"gold_loss":0,"cards_obtained":["Doubt"]},{"damage_healed":0,"gold_gain":0,"player_choice":"Entered Light","damage_taken":16,"max_hp_gain":0,"max_hp_loss":0,"event_name":"Shining Light","floor":4,"gold_loss":0,"cards_upgraded":["Strike_R","Defend_R"]},{"damage_healed":0,"gold_gain":0,"player_choice":"Take Wound","damage_taken":0,"relics_obtained":["Golden Idol"],"max_hp_gain":0,"max_hp_loss":0,"event_name":"Golden Idol","floor":14,"gold_loss":0,"cards_obtained":["Injury"]},{"damage_healed":0,"gold_gain":0,"player_choice":"Gave Idol","damage_taken":0,"relics_obtained":["Bloody Idol"],"max_hp_gain":0,"max_hp_loss":0,"event_name":"Forgotten Altar","floor":19,"relics_lost":["Golden Idol"],"gold_loss":0},{"damage_healed":0,"gold_gain":100,"player_choice":"Bet on Murderer","damage_taken":0,"max_hp_gain":0,"max_hp_loss":0,"event_name":"The Joust","floor":20,"gold_loss":50},{"damage_healed":0,"gold_gain":999,"player_choice":"Gold","damage_taken":0,"max_hp_gain":0,"max_hp_loss":0,"event_name":"MindBloom","floor":36,"gold_loss":0,"cards_obtained":["Normality","Normality"]},{"damage_healed":0,"gold_gain":0,"player_choice":"Ignored","damage_taken":0,"max_hp_gain":0,"max_hp_loss":0,"event_name":"Mysterious Sphere","floor":37,"gold_loss":0},{"damage_healed":0,"gold_gain":0,"player_choice":"Max HP","damage_taken":0,"max_hp_gain":0,"max_hp_loss":5,"event_name":"Winding Halls","floor":39,"gold_loss":0},{"cards_removed":["Reaper"],"damage_healed":21,"gold_gain":0,"player_choice":"Offered Rare","damage_taken":0,"max_hp_gain":10,"max_hp_loss":0,"event_name":"Bonfire Elementals","floor":41,"gold_loss":0}],"is_beta":false,"boss_relics":[{"not_picked":["Astrolabe","Sozu"],"picked":"Mark of Pain"},{"not_picked":["Runic Dome","Black Star"],"picked":"Cursed Key"}],"items_purged_floors":[5,30,44],"is_endless":false,"potions_floor_spawned":[6,13,22,27,33,35],"killed_by":"Nemesis","ascension_level":1}