{"gold_per_floor":[114,60,75,90,90,120,120,120,170,170,185,215,215,15,15,115,115,130,17,32,32,32,32,62,62,87,87,117,117,147,147,147,247,247,262,277,292,307,382,382,412,412,437,90,120,32,32,62,62,62],"floor_reached":51,"playtime":10021,"items_purged":["Madness","Bouncing Flask","Terror"],"score":870,"play_id":"ce2bba90-8c2a-4b63-b138-c97e07fb4356","local_time":"20190805015540","daily_mods":["Allstar","ControlledChaos","Elite Swarm"],"is_ascension_mode":false,"campfire_choices":[{"data":"1","floor":7,"key":"LIFT"},{"data":"2","floor":10,"key":"LIFT"},{"data":"3","floor":13,"key":"LIFT"},{"floor":15,"key":"REST"},{"data":"Secret Weapon","floor":23,"key":"SMITH"},{"data":"Secret Weapon","floor":25,"key":"SMITH"},{"data":"Mayhem","floor":27,"key":"SMITH"},{"data":"Neutralize","floor":29,"key":"SMITH"},{"data":"Well Laid Plans","floor":32,"key":"SMITH"},{"floor":40,"key":"REST"},{"data":"Dodge and Roll","floor":42,"key":"SMITH"},{"floor":49,"key":"REST"}],"neow_cost":"","seed_source_timestamp":0,"circlet_count":0,"master_deck":["Survivor","Neutralize+1","Mayhem+1","Secret Weapon+1","Good Instincts","Secret Weapon+1","Acrobatics","Dodge and Roll+1","Backstab","Adrenaline","Poisoned Stab","Adrenaline","Deflect","Well Laid Plans+1","Die Die Die","Terror","Masterful Stab","Dodge and Roll","Corpse Explosion","Dodge and Roll","Reflex","Distraction","Choke","Quick Slash+1","Deflect","Flying Knee+1","Dodge and Roll","Dark Shackles","Dodge and Roll","Dark Shackles","Malaise"],"special_seed":18112,"relics":["Ring of the Snake","Frozen Eye","Lantern","Girya","Bird Faced Urn","Regal Pillow","PreservedInsect","Membership Card","Lizard Tail","Blood Vial","Smiling Mask","Happy Flower","The Courier","Unceasing Top","Pandora\u0027s Box","Mummified Hand","Art of War","Strawberry","Medical Kit","Potion Belt","Ancient Tea Set","Mercury Hourglass"],"potions_floor_usage":[18,33,41,50,50,50,50],"damage_taken":[{"damage":1,"enemies":"Small Slimes","floor":1,"turns":4},{"damage":0,"enemies":"Jaw Worm","floor":3,"turns":4},{"damage":2,"enemies":"Cultist","floor":4,"turns":3},{"damage":12,"enemies":"Gremlin Nob","floor":6,"turns":3},{"damage":0,"enemies":"Red Slaver","floor":11,"turns":1},{"damage":9,"enemies":"Lagavulin","floor":12,"turns":5},{"damage":39,"enemies":"The Guardian","floor":16,"turns":7},{"damage":20,"enemies":"Spheric Guardian","floor":18,"turns":7},{"damage":1,"enemies":"Chosen","floor":20,"turns":3},{"damage":7,"enemies":"Book of Stabbing","floor":24,"turns":3},{"damage":0,"enemies":"Gremlin Leader","floor":28,"turns":3},{"damage":7,"enemies":"Slavers","floor":30,"turns":4},{"damage":27,"enemies":"Automaton","floor":33,"turns":7},{"damage":9,"enemies":"3 Shapes","floor":35,"turns":1},{"damage":3,"enemies":"3 Darklings","floor":36,"turns":2},{"damage":17,"enemies":"Writhing Mass","floor":37,"turns":4},{"damage":3,"enemies":"4 Shapes","floor":38,"turns":2},{"damage":0,"enemies":"Reptomancer","floor":41,"turns":4},{"damage":0,"enemies":"Giant Head","floor":45,"turns":6},{"damage":17,"enemies":"Reptomancer","floor":48,"turns":3},{"damage":25,"enemies":"Donu and Deca","floor":50,"turns":6}],"seed_played":"9148506363950540452","potions_obtained":[{"floor":3,"key":"Regen Potion"},{"floor":6,"key":"Ancient Potion"},{"floor":16,"key":"SteroidPotion"},{"floor":18,"key":"GhostInAJar"},{"floor":35,"key":"GamblersBrew"},{"floor":37,"key":"GhostInAJar"}],"is_trial":false,"path_per_floor":["M","$","M","M","?","E","R","T","T","R","M","E","R","$","R","B",null,"M","$","M","$","?","R","E","R","T","R","E","R","E","?","R","B",null,"M","M","M","M","T","R","E","R","T","$","E","$","?","E","R","B",null],"character_chosen":"THE_SILENT","items_purchased":["Dodge and Roll","Membership Card","Blood Vial","GhostInAJar","Dodge and Roll","Dark Shackles","Dodge and Roll","Medical Kit","Potion Belt","GhostInAJar","Dexterity Potion","Dark Shackles"],"campfire_rested":3,"item_purchase_floors":[2,14,19,44,44,44,44,44,44,44,44,46],"current_hp_per_floor":[69,69,69,67,64,52,52,52,52,52,52,43,43,43,70,33,70,68,68,69,69,69,69,65,65,65,65,69,69,69,69,69,47,70,61,62,51,50,50,70,70,70,77,77,77,77,77,60,77,56],"gold":62,"neow_bonus":"","is_prod":false,"is_daily":true,"chose_seed":false,"campfire_upgraded":6,"win_rate":0,"timestamp":1564959340,"path_taken":["M","$","M","M","?","E","R","?","T","R","?","E","R","$","R","BOSS","M","$","M","$","?","R","E","R","T","R","E","R","E","?","R","BOSS","M","M","?","M","?","R","E","R","T","$","E","$","?","E","R","BOSS"],"build_version":"2019-07-17","purchased_purges":3,"victory":true,"max_hp_per_floor":[70,70,70,70,70,70,70,70,70,70,70,70,70,70,70,70,70,70,70,70,70,70,70,70,70,70,70,70,70,70,70,70,70,70,70,70,70,70,70,70,70,70,77,77,77,77,77,77,77,77],"card_choices":[{"not_picked":["All Out Attack","Deflect"],"picked":"Acrobatics","floor":1},{"not_picked":["Deadly Poison","Blade Dance"],"picked":"Terror","floor":3},{"not_picked":["Riddle With Holes","Underhanded Strike"],"picked":"Backstab","floor":4},{"not_picked":["Malaise","A Thousand Cuts"],"picked":"Adrenaline","floor":6},{"not_picked":["Bane","PiercingWail"],"picked":"Poisoned Stab","floor":11},{"not_picked":["Venomology","Burst"],"picked":"Adrenaline","floor":12},{"not_picked":["Flying Knee+1","Prepared"],"picked":"Deflect","floor":18},{"not_picked":["Flying Knee","Quick Slash","Cloak And Dagger"],"picked":"SKIP","floor":20},{"not_picked":["Wraith Form v2","Storm of Steel","Corpse Explosion"],"picked":"SKIP","floor":24},{"not_picked":["Venomology","Bullet Time"],"picked":"Die Die Die","floor":28},{"not_picked":["Unload","Grand Finale","After Image"],"picked":"SKIP","floor":30},{"not_picked":["Poisoned Stab+1","Prepared"],"picked":"Quick Slash+1","floor":35},{"not_picked":["Blade Dance+1","Sucker Punch","Skewer"],"picked":"SKIP","floor":36},{"not_picked":["Quick Slash+1","Expertise"],"picked":"Deflect","floor":37},{"not_picked":["Dagger Spray+1","Catalyst"],"picked":"Flying Knee+1","floor":38},{"not_picked":["A Thousand Cuts","Venomology","Night Terror"],"picked":"SKIP","floor":41},{"not_picked":["Venomology","Storm of Steel","Die Die Die"],"picked":"SKIP","floor":45},{"not_picked":["Wraith Form v2","Phantasmal Killer"],"picked":"Malaise","floor":48}],"player_experience":52217,"relics_obtained":[{"floor":6,"key":"Girya"},{"floor":8,"key":"Bird Faced Urn"},{"floor":9,"key":"Regal Pillow"},{"floor":12,"key":"PreservedInsect"},{"floor":24,"key":"Smiling Mask"},{"floor":26,"key":"Happy Flower"},{"floor":28,"key":"The Courier"},{"floor":30,"key":"Unceasing Top"},{"floor":39,"key":"Mummified Hand"},{"floor":41,"key":"Art of War"},{"floor":43,"key":"Strawberry"},{"floor":45,"key":"Ancient Tea Set"},{"floor":48,"key":"Mercury Hourglass"}],"event_choices":[{"damage_healed":0,"gold_gain":0,"player_choice":"Success","damage_taken":3,"relics_obtained":["Lantern"],"max_hp_gain":0,"max_hp_loss":0,"event_name":"Scrap Ooze","floor":5,"gold_loss":0},{"damage_healed":0,"gold_gain":0,"player_choice":"Read","damage_taken":0,"max_hp_gain":0,"max_hp_loss":0,"event_name":"The Library","floor":22,"gold_loss":0,"cards_obtained":["Well Laid Plans"]},{"cards_removed":["Strike_G"],"damage_healed":0,"gold_gain":0,"player_choice":"Offered Basic","damage_taken":0,"max_hp_gain":0,"max_hp_loss":0,"event_name":"Bonfire Elementals","floor":31,"gold_loss":0},{"damage_healed":0,"gold_gain":0,"player_choice":"Leave","damage_taken":0,"max_hp_gain":0,"max_hp_loss":0,"event_name":"FaceTrader","floor":47,"gold_loss":0}],"is_beta":false,"boss_relics":[{"not_picked":["HoveringKite","Orrery"],"picked":"Lizard Tail"},{"not_picked":["Sozu","Calling Bell"],"picked":"Pandora\u0027s Box"}],"items_purged_floors":[19,44,46],"is_endless":false,"potions_floor_spawned":[3,6,16,18,28,35,37],"ascension_level":0}