{"gold_per_floor":[364,364,383,401,401,428,16,28,98,98,133,133,143,157,157,256,256,272,292,292,318,47,47,60,60,85,110,129,129],"floor_reached":29,"playtime":1571,"items_purged":["Parasite"],"score":280,"play_id":"fd4cf1bb-3ade-45b5-a0d0-9ad076d55462","local_time":"20190805001729","is_ascension_mode":false,"campfire_choices":[{"data":"Skewer","floor":10,"key":"SMITH"},{"floor":12,"key":"REST"},{"data":"Distraction","floor":15,"key":"SMITH"},{"data":"Dagger Spray","floor":25,"key":"SMITH"}],"neow_cost":"CURSE","seed_source_timestamp":1091716700170412,"circlet_count":0,"master_deck":["Strike_G","Strike_G","Strike_G","Strike_G","Strike_G+1","Defend_G","Defend_G","Defend_G","Defend_G","Survivor","Neutralize","Dagger Spray","Prepared","Skewer+1","Quick Slash","Blur","Dramatic Entrance","Dagger Spray+1","Endless Agony","Dagger Spray","Distraction+1","Underhanded Strike","Die Die Die","Dagger Throw+1","Dagger Spray+1","Reflex","Endless Agony","Flying Knee+1","Unload","Dagger Spray"],"relics":["Ring of the Snake","Gambling Chip","Toy Ornithopter","Sundial","Ancient Tea Set","Philosopher\u0027s Stone","Red Mask","TheAbacus","CultistMask","Whetstone","Dodecahedron"],"potions_floor_usage":[8,8,11,16,16,24,27,29],"damage_taken":[{"damage":4,"enemies":"Cultist","floor":1,"turns":5},{"damage":0,"enemies":"Small Slimes","floor":3,"turns":3},{"damage":0,"enemies":"2 Louse","floor":4,"turns":3},{"damage":25,"enemies":"Gremlin Nob","floor":6,"turns":5},{"damage":0,"enemies":"Large Slime","floor":8,"turns":4},{"damage":13,"enemies":"Lagavulin","floor":11,"turns":4},{"damage":0,"enemies":"Looter","floor":13,"turns":1},{"damage":13,"enemies":"Gremlin Gang","floor":14,"turns":3},{"damage":33,"enemies":"Slime Boss","floor":16,"turns":9},{"damage":0,"enemies":"3 Byrds","floor":18,"turns":3},{"damage":0,"enemies":"Spheric Guardian","floor":19,"turns":1},{"damage":0,"enemies":"Masked Bandits","floor":21,"turns":1},{"damage":18,"enemies":"Snake Plant","floor":24,"turns":3},{"damage":13,"enemies":"Slavers","floor":27,"turns":3},{"damage":9,"enemies":"Centurion and Healer","floor":28,"turns":3},{"damage":41,"enemies":"Book of Stabbing","floor":29,"turns":4}],"seed_played":"-8258683692014632518","potions_obtained":[{"floor":3,"key":"GhostInAJar"},{"floor":4,"key":"Swift Potion"},{"floor":8,"key":"Fire Potion"},{"floor":13,"key":"GhostInAJar"},{"floor":14,"key":"FearPotion"},{"floor":18,"key":"Fire Potion"},{"floor":24,"key":"Weak Potion"},{"floor":27,"key":"Dexterity Potion"}],"is_trial":false,"path_per_floor":["M","?","M","M","?","E","$","M","T","R","E","R","M","M","R","B",null,"M","M","?","?","$","?","M","R","T","E","M","E"],"character_chosen":"THE_SILENT","items_purchased":["Toy Ornithopter","Dramatic Entrance","Dagger Spray","Endless Agony","TheAbacus"],"campfire_rested":1,"item_purchase_floors":[7,7,7,22,22],"current_hp_per_floor":[66,66,66,66,66,41,41,51,51,51,43,63,63,50,50,27,67,67,67,67,67,67,67,49,49,49,41,32,0],"gold":129,"neow_bonus":"TWO_FIFTY_GOLD","is_prod":false,"is_daily":false,"chose_seed":false,"campfire_upgraded":3,"win_rate":0.0,"timestamp":1564978649,"path_taken":["M","?","?","M","?","E","$","M","T","R","E","R","M","M","R","BOSS","M","M","?","?","$","?","M","R","T","E","?","E"],"build_version":"2019-06-28","purchased_purges":1,"victory":false,"max_hp_per_floor":[70,70,70,70,70,70,67,67,67,67,67,67,67,67,67,67,67,67,67,67,67,67,67,67,67,67,67,67,67],"card_choices":[{"not_picked":["Dagger Throw","Bane"],"picked":"Dagger Spray","floor":1},{"not_picked":["Escape Plan","Dagger Spray"],"picked":"Skewer","floor":3},{"not_picked":["Acrobatics","Deadly Poison"],"picked":"Quick Slash","floor":4},{"not_picked":["Deflect","Catalyst"],"picked":"Blur","floor":6},{"not_picked":["Dodge and Roll","Prepared"],"picked":"Endless Agony","floor":8},{"not_picked":["Noxious Fumes","Dodge and Roll"],"picked":"Dagger Spray","floor":11},{"not_picked":["Terror","Unload"],"picked":"Distraction","floor":13},{"not_picked":["Poisoned Stab","Reflex"],"picked":"Underhanded Strike","floor":14},{"not_picked":["Malaise","Night Terror"],"picked":"Die Die Die","floor":16},{"not_picked":["Dodge and Roll","Quick Slash"],"picked":"Dagger Throw+1","floor":18},{"not_picked":["Backflip+1","Backstab"],"picked":"Dagger Spray+1","floor":19},{"not_picked":["Poisoned Stab","Dodge and Roll"],"picked":"Reflex","floor":21},{"not_picked":["Quick Slash","Backflip+1"],"picked":"Flying Knee","floor":24},{"not_picked":["Dodge and Roll","Outmaneuver"],"picked":"Unload","floor":27},{"not_picked":["Flying Knee+1","Reflex"],"picked":"Dagger Spray","floor":28}],"player_experience":13554,"relics_obtained":[{"floor":6,"key":"Gambling Chip"},{"floor":9,"key":"Sundial"},{"floor":11,"key":"Ancient Tea Set"},{"floor":21,"key":"Red Mask"},{"floor":26,"key":"Whetstone"},{"floor":27,"key":"Dodecahedron"}],"event_choices":[{"damage_healed":0,"gold_gain":0,"cards_transformed":["Defend_G"],"player_choice":"Transformed","damage_taken":0,"max_hp_gain":0,"max_hp_loss":0,"event_name":"Transmorgrifier","floor":2,"gold_loss":0,"cards_obtained":["Prepared"]},{"damage_healed":0,"gold_gain":0,"player_choice":"Ignored","damage_taken":0,"max_hp_gain":0,"max_hp_loss":0,"event_name":"Golden Wing","floor":5,"gold_loss":0},{"damage_healed":0,"gold_gain":0,"player_choice":"Ignored","damage_taken":0,"max_hp_gain":0,"max_hp_loss":0,"event_name":"Vampires","floor":20,"gold_loss":0},{"damage_healed":0,"gold_gain":0,"player_choice":"Fought Bandits","damage_taken":0,"max_hp_gain":0,"max_hp_loss":0,"event_name":"Masked Bandits","floor":21,"gold_loss":0},{"damage_healed":0,"gold_gain":0,"player_choice":"Trade","damage_taken":0,"relics_obtained":["CultistMask"],"max_hp_gain":0,"max_hp_loss":0,"event_name":"FaceTrader","floor":23,"gold_loss":0}],"is_beta":true,"boss_relics":[{"not_picked":["Ectoplasm","Ring of the Serpent"],"picked":"Philosopher\u0027s Stone"}],"items_purged_floors":[7],"is_endless":false,"potions_floor_spawned":[3,4,8,13,14,18,24,27],"killed_by":"Book of Stabbing","ascension_level":0}