{"gold_per_floor":[413,431,211,211,22,50,50,79,79,104,104,104],"floor_reached":12,"playtime":611,"items_purged":["Injury","Injury"],"score":188,"play_id":"19e290b6-25bc-4d2b-b3b8-3969980b3dd5","local_time":"20180930224742","is_ascension_mode":true,"campfire_choices":[{"floor":7.0,"key":"REST"},{"floor":11.0,"key":"REST"}],"neow_cost":"NONE","seed_source_timestamp":0,"circlet_count":0,"master_deck":["Strike_B","Strike_B","Strike_B","Defend_B","Defend_B","Defend_B","Defend_B","Zap","Dualcast","AscendersBane","Clumsy","Coolheaded","Leap","Glacier","Ball Lightning","Undo","Electrodynamics","Reinforced Body"],"special_seed":0,"relics":["Calling Bell","Orichalcum","Matryoshka","Old Coin","Bird Faced Urn","Centennial Puzzle","Potion Belt","Dead Branch","Ancient Tea Set"],"potions_floor_usage":[12],"damage_taken":[{"damage":10.0,"enemies":"Small Slimes","floor":1.0,"turns":4.0},{"damage":8.0,"enemies":"Cultist","floor":2.0,"turns":5.0},{"damage":36.0,"enemies":"Gremlin Nob","floor":6.0,"turns":5.0},{"damage":11.0,"enemies":"3 Sentries","floor":8.0,"turns":4.0},{"damage":12.0,"enemies":"Lagavulin","floor":10.0,"turns":7.0},{"damage":38,"enemies":"Gremlin Nob","floor":12,"turns":4}],"seed_played":"7222457965314013919","potions_obtained":[{"floor":10.0,"key":"Swift Potion"}],"is_trial":false,"path_per_floor":["M","M","$","?","$","E","R","E","T","E","R"],"character_chosen":"DEFECT","items_purchased":["Glacier","Ball Lightning","Electrodynamics"],"campfire_rested":2,"item_purchase_floors":[3,3,5],"current_hp_per_floor":[54,46,46,46,46,10,31,22,22,12,33,0],"gold":104,"neow_bonus":"BOSS_RELIC","is_prod":false,"is_daily":false,"chose_seed":false,"campfire_upgraded":0,"win_rate":0,"timestamp":1538318862,"path_taken":["M","M","$","?","$","E","R","E","T","E","R","E"],"build_version":"2018-09-27","purchased_purges":2,"victory":false,"max_hp_per_floor":[71,71,71,71,71,71,71,71,71,71,71,71],"card_choices":[{"not_picked":["Rebound","Redo"],"picked":"Coolheaded","floor":1.0},{"not_picked":["Rebound","Barrage"],"picked":"Leap","floor":2.0},{"not_picked":["Go for the Eyes","Gash"],"picked":"Reinforced Body","floor":6.0},{"not_picked":["Barrage","Stack","Force Field"],"picked":"SKIP","floor":8.0},{"not_picked":["Coolheaded","Tempest","Gash"],"picked":"SKIP","floor":10.0}],"player_experience":411276,"relics_obtained":[{"floor":0.0,"key":"Orichalcum"},{"floor":0.0,"key":"Matryoshka"},{"floor":0.0,"key":"Old Coin"},{"floor":6.0,"key":"Bird Faced Urn"},{"floor":8.0,"key":"Centennial Puzzle"},{"floor":9.0,"key":"Potion Belt"},{"floor":9.0,"key":"Dead Branch"},{"floor":10.0,"key":"Ancient Tea Set"}],"event_choices":[{"event_name":"Transmorgrifier","player_choice":"Transform","floor":4.0,"damage_taken":0.0}],"is_beta":true,"boss_relics":[],"items_purged_floors":[3,5],"is_endless":false,"potions_floor_spawned":[10],"killed_by":"Gremlin Nob","ascension_level":20}