{"gold_per_floor":[209,32,32,49,49,81,81,107,134,134,148,148,98,127,127,222,222,237,257,257,182,192,217,217,252,252,72,72,105,105,116,116,212,212,227,242,242],"floor_reached":37,"playtime":2485,"items_purged":["Defend_B","Defend_B"],"score":621,"play_id":"52db851a-c96c-4567-84b1-5b77372030db","local_time":"20190810124252","is_ascension_mode":true,"campfire_choices":[{"data":"Zap","floor":7,"key":"SMITH"},{"floor":10,"key":"REST"},{"data":"Rainbow","floor":15,"key":"SMITH"},{"data":"Multi-Cast","floor":24,"key":"SMITH"},{"data":"Sunder","floor":30,"key":"SMITH"},{"data":"Skim","floor":32,"key":"SMITH"}],"neow_cost":"NONE","seed_source_timestamp":491094079877400,"circlet_count":0,"master_deck":["Strike_B+1","Defend_B+1","Defend_B","Zap+1","Dualcast","Doom and Gloom","Conserve Battery","Streamline","Leap","Rainbow+1","Lockon","Glacier","Multi-Cast+1","Sunder+1","Creative AI","Ghostly","Ghostly","Ghostly","Ghostly","Ghostly","Skim+1","Meteor Strike"],"relics":["Cracked Core","Anchor","CultistMask","Ancient Tea Set","Kunai","DataDisk","Bottled Lightning","Snecko Eye","Regal Pillow","Pocketwatch","Dodecahedron","Potion Belt","White Beast Statue"],"potions_floor_usage":[8,14,16,25,37,37,37],"damage_taken":[{"damage":1,"enemies":"Cultist","floor":1,"turns":3},{"damage":0,"enemies":"Jaw Worm","floor":4,"turns":3},{"damage":23,"enemies":"Lagavulin","floor":6,"turns":5},{"damage":27,"enemies":"Gremlin Nob","floor":8,"turns":5},{"damage":0,"enemies":"2 Louse","floor":11,"turns":2},{"damage":10,"enemies":"Lagavulin","floor":14,"turns":5},{"damage":0,"enemies":"Hexaghost","floor":16,"turns":7},{"damage":0,"enemies":"Spheric Guardian","floor":18,"turns":3},{"damage":0,"enemies":"Chosen","floor":19,"turns":3},{"damage":1,"enemies":"Sentry and Sphere","floor":22,"turns":8},{"damage":4,"enemies":"Book of Stabbing","floor":23,"turns":3},{"damage":7,"enemies":"Slavers","floor":25,"turns":5},{"damage":0,"enemies":"Book of Stabbing","floor":29,"turns":3},{"damage":0,"enemies":"Snecko","floor":31,"turns":3},{"damage":10,"enemies":"Champ","floor":33,"turns":7},{"damage":6,"enemies":"3 Shapes","floor":35,"turns":2},{"damage":0,"enemies":"Orb Walker","floor":36,"turns":2},{"damage":41,"enemies":"2 Orb Walkers","floor":37,"turns":4}],"seed_played":"3930732680695448773","potions_obtained":[{"floor":6,"key":"FocusPotion"},{"floor":11,"key":"Dexterity Potion"},{"floor":14,"key":"Regen Potion"},{"floor":22,"key":"Fire Potion"},{"floor":29,"key":"PowerPotion"},{"floor":31,"key":"EssenceOfSteel"},{"floor":33,"key":"Block Potion"},{"floor":35,"key":"Poison Potion"},{"floor":36,"key":"FairyPotion"}],"is_trial":false,"path_per_floor":["M","$","?","M","?","E","R","E","T","R","M","?","?","E","R","B",null,"M","M","?","$","M","E","R","E","T","$","?","E","R","M","R","B",null,"M","M","?"],"character_chosen":"DEFECT","items_purchased":["Conserve Battery","Anchor","Creative AI"],"campfire_rested":1,"item_purchase_floors":[2,2,27],"current_hp_per_floor":[74,74,59,59,59,36,36,9,9,31,31,24,24,14,14,29,75,75,75,75,75,74,70,70,63,63,63,37,37,37,37,37,27,37,31,31,0],"gold":242,"neow_bonus":"HUNDRED_GOLD","is_prod":false,"is_daily":false,"chose_seed":false,"campfire_upgraded":5,"win_rate":0,"timestamp":1565433772,"path_taken":["M","?","?","M","?","E","R","E","T","R","?","?","?","E","R","BOSS","M","M","?","$","M","E","R","E","T","$","?","E","R","M","R","BOSS","M","M","?"],"build_version":"2019-07-17","purchased_purges":2,"victory":false,"max_hp_per_floor":[75,75,75,75,75,75,75,75,75,75,75,75,75,75,75,75,75,75,75,75,75,75,75,75,75,75,75,37,37,37,37,37,37,37,37,37,37],"card_choices":[{"not_picked":["Cold Snap","Barrage"],"picked":"Doom and Gloom","floor":1},{"not_picked":["Sweeping Beam","Conserve Battery"],"picked":"Streamline","floor":4},{"not_picked":["Doom and Gloom","Gash"],"picked":"Leap","floor":6},{"not_picked":["Coolheaded","Rebound"],"picked":"Rainbow","floor":8},{"not_picked":["Gash","Rebound"],"picked":"Lockon","floor":11},{"not_picked":["Stack","Cold Snap"],"picked":"Glacier","floor":14},{"not_picked":["Thunder Strike","Reboot"],"picked":"Multi-Cast","floor":16},{"not_picked":["Beam Cell","Leap","Sweeping Beam"],"picked":"SKIP","floor":18},{"not_picked":["Gash+1","Blizzard","Force Field"],"picked":"SKIP","floor":19},{"not_picked":["Conserve Battery+1","Stack","Hello World"],"picked":"SKIP","floor":22},{"not_picked":["Genetic Algorithm","Self Repair","Force Field+1"],"picked":"SKIP","floor":23},{"not_picked":["Scrape","Sweeping Beam+1"],"picked":"Sunder","floor":25},{"not_picked":["Beam Cell","Redo","Barrage+1"],"picked":"SKIP","floor":29},{"not_picked":["Stack","Loop"],"picked":"Skim","floor":31},{"not_picked":["Creative AI","Buffer"],"picked":"Meteor Strike","floor":33},{"not_picked":["Steam","Coolheaded","Genetic Algorithm"],"picked":"SKIP","floor":35},{"not_picked":["Melter","BootSequence+1","Capacitor+1"],"picked":"SKIP","floor":36}],"player_experience":87704,"relics_obtained":[{"floor":6,"key":"Ancient Tea Set"},{"floor":8,"key":"Kunai"},{"floor":9,"key":"DataDisk"},{"floor":14,"key":"Bottled Lightning"},{"floor":23,"key":"Regal Pillow"},{"floor":25,"key":"Pocketwatch"},{"floor":26,"key":"Dodecahedron"},{"floor":29,"key":"Potion Belt"}],"event_choices":[{"damage_healed":0,"gold_gain":0,"player_choice":"Entered Light","damage_taken":15,"max_hp_gain":0,"max_hp_loss":0,"event_name":"Shining Light","floor":3,"gold_loss":0,"cards_upgraded":["Strike_B","Defend_B"]},{"damage_healed":0,"gold_gain":0,"player_choice":"Trade","damage_taken":0,"relics_obtained":["CultistMask"],"max_hp_gain":0,"max_hp_loss":0,"event_name":"FaceTrader","floor":5,"gold_loss":0},{"cards_removed":["Strike_B"],"damage_healed":0,"gold_gain":0,"player_choice":"Card Removal","damage_taken":7,"max_hp_gain":0,"max_hp_loss":0,"event_name":"Golden Wing","floor":12,"gold_loss":0},{"cards_removed":["Strike_B"],"damage_healed":0,"gold_gain":0,"player_choice":"Card Removal","damage_taken":0,"max_hp_gain":0,"max_hp_loss":0,"event_name":"The Cleric","floor":13,"gold_loss":50},{"cards_removed":["Strike_B"],"damage_healed":0,"gold_gain":0,"player_choice":"Elegance","damage_taken":0,"max_hp_gain":0,"max_hp_loss":0,"event_name":"Back to Basics","floor":20,"gold_loss":0},{"damage_healed":0,"gold_gain":0,"player_choice":"Became a Ghost","damage_taken":0,"max_hp_gain":0,"max_hp_loss":38,"event_name":"Ghosts","floor":28,"gold_loss":0,"cards_obtained":["Ghostly","Ghostly","Ghostly","Ghostly","Ghostly"]},{"damage_healed":0,"gold_gain":0,"player_choice":"Fight","damage_taken":0,"max_hp_gain":0,"max_hp_loss":0,"event_name":"Mysterious Sphere","floor":37,"gold_loss":0}],"is_beta":false,"boss_relics":[{"not_picked":["Sozu","Tiny House"],"picked":"Snecko Eye"},{"not_picked":["Eternal Feather","Calling Bell"],"picked":"White Beast Statue"}],"items_purged_floors":[21,27],"is_endless":false,"potions_floor_spawned":[6,11,14,22,29,31,33,35,36],"killed_by":"2 Orb Walkers","ascension_level":3}