{"gold_per_floor":[113,125,144,6,81,81,6,6,31,31,31,57,57,117,117,189,189,206,216,216,229,11,11,11],"floor_reached":24,"playtime":609,"items_purged":[],"score":384,"play_id":"9a93dbb2-8dc4-4a14-a1cf-f6e41c841a0a","local_time":"20181209173209","is_ascension_mode":true,"campfire_choices":[{"data":"Genetic Algorithm","floor":6.0,"key":"SMITH"},{"data":"Zap","floor":8.0,"key":"SMITH"},{"data":"Go for the Eyes","floor":10.0,"key":"SMITH"},{"data":"Dualcast","floor":15.0,"key":"SMITH"},{"floor":23,"key":"RECALL"}],"neow_cost":"NONE","seed_source_timestamp":1951826546928,"circlet_count":0,"master_deck":["AscendersBane","Strike_B","Strike_B","Defend_B","Defend_B","Defend_B","Defend_B","Zap+1","Dualcast+1","Ball Lightning","Self Repair","Go for the Eyes+1","Genetic Algorithm+1","Melter","Rainbow","Undo+1","Reinforced Body","Leap+1"],"special_seed":0,"relics":["Cracked Core","NeowsBlessing","Strawberry","Pen Nib","Tiny Chest","Coffee Dripper","Membership Card"],"potions_floor_usage":[],"damage_taken":[{"damage":0.0,"enemies":"Jaw Worm","floor":1.0,"turns":1.0},{"damage":0.0,"enemies":"2 Louse","floor":2.0,"turns":1.0},{"damage":0.0,"enemies":"Cultist","floor":3.0,"turns":1.0},{"damage":24.0,"enemies":"3 Sentries","floor":14.0,"turns":6.0},{"damage":33,"enemies":"The Guardian","floor":16,"turns":10},{"damage":28,"enemies":"Chosen","floor":18,"turns":5},{"damage":14,"enemies":"2 Thieves","floor":19,"turns":4},{"damage":24,"enemies":"Snecko","floor":21,"turns":7},{"damage":34,"enemies":"Cultist and Chosen","floor":24,"turns":5}],"seed_played":"7501609259814804439","potions_obtained":[{"floor":3.0,"key":"SteroidPotion"},{"floor":18,"key":"FearPotion"}],"is_trial":false,"path_per_floor":["M","M","M","$","?","R","?","R","T","R","?","T","$","E","R","B",null,"M","M","?","M","$","R","M"],"character_chosen":"DEFECT","items_purchased":["Genetic Algorithm","Fire Potion","Membership Card"],"campfire_rested":0,"item_purchase_floors":[4,4,22],"current_hp_per_floor":[64,64,64,64,53,53,53,53,60,60,53,53,53,36,36,10,61,40,33,33,16,16,16,0],"gold":11,"neow_bonus":"THREE_ENEMY_KILL","is_prod":false,"is_daily":false,"chose_seed":false,"campfire_upgraded":4,"win_rate":0,"timestamp":1544347929,"path_taken":["M","M","M","$","?","R","?","R","T","R","?","?","?","E","R","BOSS","M","M","?","M","$","R","M"],"build_version":"2018-12-06","purchased_purges":0,"victory":false,"max_hp_per_floor":[71,71,71,71,71,71,71,71,78,78,78,78,78,78,78,78,78,78,78,78,78,78,78,78],"card_choices":[{"not_picked":["Streamline","Heatsinks"],"picked":"Ball Lightning","floor":1.0},{"not_picked":["Cold Snap","Tempest"],"picked":"Self Repair","floor":2.0},{"not_picked":["Steam","Compile Driver"],"picked":"Go for the Eyes","floor":3.0},{"not_picked":["Static Discharge","Seek"],"picked":"Melter","floor":14.0},{"not_picked":["Amplify","Multi-Cast"],"picked":"Rainbow","floor":16},{"not_picked":["Self Repair+1","Melter"],"picked":"Undo+1","floor":18},{"not_picked":["Scrape","Hologram"],"picked":"Reinforced Body","floor":19},{"not_picked":["Aggregate","Stack"],"picked":"Leap+1","floor":21}],"player_experience":609259,"relics_obtained":[{"floor":9.0,"key":"Strawberry"},{"floor":12.0,"key":"Pen Nib"},{"floor":14.0,"key":"Tiny Chest"}],"event_choices":[{"damage_healed":0.0,"max_hp_gain":0.0,"max_hp_loss":0.0,"gold_gain":75.0,"event_name":"World of Goop","player_choice":"Gather Gold","floor":5.0,"gold_loss":0.0,"damage_taken":11.0},{"cards_removed":["Strike_B"],"damage_healed":0.0,"max_hp_gain":0.0,"max_hp_loss":0.0,"gold_gain":0.0,"event_name":"The Cleric","player_choice":"Card Removal","floor":7.0,"gold_loss":75.0,"damage_taken":0.0},{"cards_removed":["Strike_B"],"damage_healed":0.0,"max_hp_gain":0.0,"max_hp_loss":0.0,"gold_gain":0.0,"event_name":"Golden Wing","player_choice":"Card Removal","floor":11.0,"gold_loss":0.0,"damage_taken":7.0},{"damage_healed":0,"gold_gain":0,"player_choice":"Ignored","damage_taken":0,"max_hp_gain":0,"max_hp_loss":0,"event_name":"The Mausoleum","floor":20,"gold_loss":0}],"is_beta":true,"boss_relics":[{"not_picked":["Nuclear Battery","Fusion Hammer"],"picked":"Coffee Dripper"}],"items_purged_floors":[],"is_endless":false,"potions_floor_spawned":[3,18,19],"killed_by":"Cultist and Chosen","ascension_level":20}