{"gold_per_floor":[119,7,25,200,200,200,275,289,314,334,334,87,87,102,102,202,202,213,233,247,247,247,272,372,372],"floor_reached":25,"playtime":1081,"items_purged":["Strike_B"],"score":327,"play_id":"8895bc5c-02cb-4c49-ad5b-cad7bef1f6f0","local_time":"20180810174713","is_ascension_mode":true,"campfire_choices":[{"data":"Coolheaded","floor":6.0,"key":"SMITH"},{"data":"Apotheosis","floor":13.0,"key":"SMITH"},{"floor":15.0,"key":"REST"}],"neow_cost":"","seed_source_timestamp":0,"circlet_count":0,"master_deck":["Defend_B+1","Defend_B+1","Defend_B","Zap","Dualcast","AscendersBane","Streamline","Capacitor","Ball Lightning","Doubt","Coolheaded+1","Rip and Tear","Multi-Cast","Apotheosis+1","Capacitor","Conserve Battery","Electrodynamics","Rainbow+1","Glacier+1","Multi-Cast+1","BootSequence","Darkness","Skim+1","Turbo"],"special_seed":0,"relics":["Cracked Core","Lantern","War Paint","Astrolabe","Dead Branch"],"potions_floor_usage":[],"damage_taken":[{"damage":2.0,"enemies":"Jaw Worm","floor":1.0,"turns":3.0},{"damage":10.0,"enemies":"2 Louse","floor":3.0,"turns":3.0},{"damage":18.0,"enemies":"Small Slimes","floor":8.0,"turns":3.0},{"damage":0.0,"enemies":"3 Louse","floor":10.0,"turns":3.0},{"damage":7.0,"enemies":"Red Slaver","floor":14.0,"turns":2.0},{"damage":23.0,"enemies":"Hexaghost","floor":16.0,"turns":10.0},{"damage":8.0,"enemies":"Shell Parasite","floor":18.0,"turns":7.0},{"damage":3.0,"enemies":"Spheric Guardian","floor":19.0,"turns":4.0},{"damage":5,"enemies":"Snecko","floor":20,"turns":4},{"damage":33,"enemies":"Gremlin Leader","floor":23,"turns":7},{"damage":45,"enemies":"Book of Stabbing","floor":25,"turns":5}],"seed_played":"4598698462408256623","potions_obtained":[{"floor":8.0,"key":"FearPotion"},{"floor":19.0,"key":"Dexterity Potion"}],"is_trial":false,"path_per_floor":["M","$","M","?","?","R","?","M","T","M","?","$","R","M","R","B",null,"M","M","M","?","?","E","?"],"character_chosen":"DEFECT","items_purchased":["Capacitor","Apotheosis","Capacitor"],"campfire_rested":1,"item_purchase_floors":[2,12,12],"current_hp_per_floor":[66,66,56,56,56,56,45,27,27,27,9,9,9,2,24,1,57,49,46,41,75,75,42,42,0],"gold":372,"neow_bonus":"","is_prod":false,"is_daily":false,"chose_seed":false,"campfire_upgraded":2,"win_rate":0,"timestamp":1533894433,"path_taken":["M","$","M","?","?","R","?","?","T","M","?","?","R","M","R","BOSS","M","?","M","?","?","E","?","E"],"build_version":"2018-08-09","purchased_purges":1,"victory":false,"max_hp_per_floor":[75,75,75,75,75,75,75,75,75,75,75,75,75,75,75,75,75,75,75,75,75,75,75,75,75],"card_choices":[{"not_picked":["Leap","Barrage"],"picked":"Streamline","floor":1.0},{"not_picked":["Coolheaded","Steam"],"picked":"Ball Lightning","floor":3.0},{"not_picked":["Gash","Conserve Battery"],"picked":"Rip and Tear","floor":8.0},{"not_picked":["Rip and Tear","Go for the Eyes"],"picked":"Multi-Cast","floor":10.0},{"not_picked":["Chill","Compile Driver"],"picked":"Conserve Battery","floor":14.0},{"not_picked":["Machine Learning","Creative AI"],"picked":"Electrodynamics","floor":16.0},{"not_picked":["Static Discharge","Coolheaded+1"],"picked":"BootSequence","floor":18.0},{"not_picked":["Genetic Algorithm","Barrage"],"picked":"Darkness","floor":19.0},{"not_picked":["Sweeping Beam+1","Gash"],"picked":"Skim+1","floor":20},{"not_picked":["Ball Lightning","Coolheaded","Rebound"],"picked":"SKIP","floor":23}],"player_experience":222151,"relics_obtained":[{"floor":9.0,"key":"Lantern"},{"floor":23,"key":"Dead Branch"}],"event_choices":[{"event_name":"Liars Game","player_choice":"agreed","floor":4.0,"damage_taken":0.0},{"event_name":"Living Wall","player_choice":"Change","floor":5.0,"damage_taken":0.0},{"event_name":"World of Goop","player_choice":"Gather Gold","floor":7.0,"damage_taken":0.0},{"event_name":"Scrap Ooze","player_choice":"success","floor":11.0,"damage_taken":18.0},{"event_name":"Wheel of Change","player_choice":"Full Heal","floor":21,"damage_taken":0},{"event_name":"The Library","player_choice":"Read","floor":22,"damage_taken":0},{"event_name":"Golden Shrine","player_choice":"Pray","floor":24,"damage_taken":0}],"is_beta":false,"boss_relics":[{"not_picked":["Philosopher\u0027s Stone","Black Star"],"picked":"Astrolabe"}],"items_purged_floors":[2],"is_endless":false,"potions_floor_spawned":[8,19],"killed_by":"Book of Stabbing","ascension_level":11}