{"gold_per_floor":[113,113,128,53,53,81,81,114,140,152,80,80,96,111,111,111],"floor_reached":16,"playtime":2591,"items_purged":["Defend_B"],"score":110,"play_id":"d6a84668-d59f-4048-88e3-32bd7b7e838c","local_time":"20190808204803","is_ascension_mode":false,"campfire_choices":[{"floor":7,"key":"REST"},{"floor":15,"key":"REST"}],"neow_cost":"PERCENT_DAMAGE","seed_source_timestamp":347272469800491,"circlet_count":0,"master_deck":["Defend_B","Defend_B","Zap","Dualcast","Genetic Algorithm","FTL","Compile Driver","Turbo","All For One","Beam Cell","All For One","Auto Shields+1"],"relics":["Cracked Core","Oddly Smooth Stone","Toxic Egg 2","Blood Vial"],"potions_floor_usage":[8,8,14,16],"damage_taken":[{"damage":2,"enemies":"2 Louse","floor":1,"turns":3},{"damage":7,"enemies":"Jaw Worm","floor":3,"turns":4},{"damage":32,"enemies":"Gremlin Nob","floor":6,"turns":4},{"damage":21,"enemies":"3 Sentries","floor":8,"turns":6},{"damage":0,"enemies":"Cultist","floor":10,"turns":2},{"damage":8,"enemies":"Exordium Thugs","floor":13,"turns":3},{"damage":1,"enemies":"Lots of Slimes","floor":14,"turns":3},{"damage":34,"enemies":"The Guardian","floor":16,"turns":7}],"seed_played":"-963882639001766941","potions_obtained":[{"floor":3,"key":"SneckoOil"},{"floor":6,"key":"Swift Potion"},{"floor":8,"key":"Strength Potion"},{"floor":10,"key":"SmokeBomb"},{"floor":13,"key":"LiquidBronze"}],"is_trial":false,"path_per_floor":["M","?","M","$","?","E","R","E","T","M","$","?","M","M","R","B"],"character_chosen":"DEFECT","items_purchased":["All For One"],"campfire_rested":2,"item_purchase_floors":[11],"current_hp_per_floor":[52,45,38,38,38,6,28,7,7,9,9,9,3,4,26,0],"gold":111,"neow_bonus":"REMOVE_TWO","is_prod":false,"is_daily":false,"chose_seed":false,"campfire_upgraded":0,"win_rate":0.0,"timestamp":1565290083,"path_taken":["M","?","M","$","?","E","R","E","T","?","$","?","M","?","R","BOSS"],"build_version":"2019-07-17","purchased_purges":1,"victory":false,"max_hp_per_floor":[75,75,75,75,75,75,75,75,75,75,75,75,75,75,75,75],"card_choices":[{"not_picked":["Ball Lightning","Redo"],"picked":"Genetic Algorithm","floor":1},{"not_picked":["Cold Snap","Barrage"],"picked":"FTL","floor":3},{"not_picked":["Conserve Battery","Cold Snap"],"picked":"Turbo","floor":6},{"not_picked":["Loop","Steam"],"picked":"All For One","floor":8},{"not_picked":["Capacitor","Darkness+1"],"picked":"Beam Cell","floor":10},{"not_picked":["Compile Driver","Lockon","Doom and Gloom"],"picked":"SKIP","floor":13},{"not_picked":["Melter","Beam Cell"],"picked":"Auto Shields+1","floor":14}],"player_experience":42449,"relics_obtained":[{"floor":6,"key":"Oddly Smooth Stone"},{"floor":8,"key":"Toxic Egg 2"},{"floor":9,"key":"Blood Vial"}],"event_choices":[{"cards_removed":["Strike_B"],"damage_healed":0,"gold_gain":0,"player_choice":"Card Removal","damage_taken":7,"max_hp_gain":0,"max_hp_loss":0,"event_name":"Golden Wing","floor":2,"gold_loss":0},{"damage_healed":0,"gold_gain":0,"cards_transformed":["Strike_B"],"player_choice":"Transformed","damage_taken":0,"max_hp_gain":0,"max_hp_loss":0,"event_name":"Transmorgrifier","floor":5,"gold_loss":0,"cards_obtained":["Compile Driver"]},{"cards_removed":["Strike_B"],"damage_healed":0,"gold_gain":0,"player_choice":"Purged","damage_taken":0,"max_hp_gain":0,"max_hp_loss":0,"event_name":"Purifier","floor":12,"gold_loss":0}],"is_beta":false,"boss_relics":[],"items_purged_floors":[4],"is_endless":false,"potions_floor_spawned":[3,6,8,10,13],"killed_by":"The Guardian","ascension_level":0}