{"gold_per_floor":[111,111,16,28,203,229,248,260,260,260,293,304,37,69,69,174,174,185,185,196,67,102,102,132,143,170,170,203,218,238,291,303,411,423,446,468,580,605,634,646,690,702,714,744,756,103,103,118,118,118],"floor_reached":51,"playtime":3213,"items_purged":["Pain"],"score":787,"play_id":"e30c1695-43be-4280-b580-c6f16c1bf441","local_time":"20190804121409","is_ascension_mode":false,"campfire_choices":[{"floor":10.0,"key":"REST"},{"data":"Double Tap","floor":15.0,"key":"SMITH"},{"data":"RitualDagger","floor":23,"key":"SMITH"},{"floor":32,"key":"REST"},{"floor":40,"key":"REST"},{"floor":45,"key":"REST"},{"floor":49,"key":"REST"}],"neow_cost":"NONE","seed_source_timestamp":0,"circlet_count":0,"master_deck":["Strike_R+1","Strike_R+1","Strike_R+1","Strike_R+1","Strike_R+1","Defend_R+1","Defend_R+1","Defend_R+1","Defend_R+1","Bash","Pommel Strike","Clothesline+1","Carnage","Heavy Blade","Doubt","Flame Barrier","Thunderclap","Double Tap+1","Shrug It Off","Impervious","RitualDagger+1","Dropkick","Whirlwind","Anger+1","Anger","Body Slam+1","Second Wind","Body Slam","Clash+1","Shrug It Off+1","Searing Blow","Perfected Strike"],"special_seed":0,"relics":["Burning Blood","WarpedTongs","Darkstone Periapt","Letter Opener","Orichalcum","Lee\u0027s Waffle","Bag of Preparation","Busted Crown","Red Mask","Ice Cream","Lantern","Whetstone","MawBank","Mark of Pain","Thread and Needle","Boot","Bag of Marbles","Pen Nib","Frozen Eye","Kunai"],"potions_floor_usage":[24],"damage_taken":[{"damage":8.0,"enemies":"Jaw Worm","floor":1.0,"turns":7.0},{"damage":1.0,"enemies":"Cultist","floor":4.0,"turns":3.0},{"damage":24.0,"enemies":"Gremlin Nob","floor":6.0,"turns":5.0},{"damage":0.0,"enemies":"2 Louse","floor":7.0,"turns":2.0},{"damage":22.0,"enemies":"Looter","floor":8.0,"turns":3.0},{"damage":25.0,"enemies":"Lagavulin","floor":11.0,"turns":8.0},{"damage":16.0,"enemies":"Exordium Thugs","floor":12.0,"turns":7.0},{"damage":10.0,"enemies":"3 Sentries","floor":14.0,"turns":7.0},{"damage":51,"enemies":"Hexaghost","floor":16,"turns":14},{"damage":0,"enemies":"3 Byrds","floor":18,"turns":4},{"damage":6,"enemies":"Shell Parasite","floor":20,"turns":5},{"damage":1,"enemies":"Masked Bandits","floor":22,"turns":4},{"damage":18,"enemies":"Book of Stabbing","floor":24,"turns":5},{"damage":9,"enemies":"Snake Plant","floor":25,"turns":4},{"damage":16,"enemies":"Slavers","floor":28,"turns":4},{"damage":4,"enemies":"Centurion and Healer","floor":29,"turns":4},{"damage":0,"enemies":"3 Cultists","floor":30,"turns":4},{"damage":86,"enemies":"Automaton","floor":33,"turns":12},{"damage":4,"enemies":"Orb Walker","floor":35,"turns":3},{"damage":13,"enemies":"3 Darklings","floor":36,"turns":5},{"damage":40,"enemies":"Mind Bloom Boss Battle","floor":37,"turns":4},{"damage":0,"enemies":"Maw","floor":38,"turns":8},{"damage":19,"enemies":"Sphere and 2 Shapes","floor":39,"turns":3},{"damage":57,"enemies":"Nemesis","floor":41,"turns":7},{"damage":9,"enemies":"Transient","floor":44,"turns":5},{"damage":3,"enemies":"4 Shapes","floor":48,"turns":4},{"damage":65,"enemies":"Awakened One","floor":50,"turns":15}],"seed_played":"-1612470976197592241","potions_obtained":[{"floor":4.0,"key":"LiquidBronze"},{"floor":7.0,"key":"Strength Potion"},{"floor":8.0,"key":"Poison Potion"},{"floor":12.0,"key":"GamblersBrew"},{"floor":25,"key":"Explosive Potion"},{"floor":48,"key":"EssenceOfSteel"}],"is_trial":false,"path_per_floor":["M","?","$","M","?","E","M","M","T","R","E","M","$","E","R","B",null,"M","?","M","$","?","R","E","M","T","?","E","M","M","T","R","B",null,"M","M","?","M","M","R","E","?","T","M","R","$","?","M","R","B",null],"character_chosen":"IRONCLAD","items_purchased":["Clothesline","Carnage","Lee\u0027s Waffle","Whirlwind","Anger","Pen Nib","Perfected Strike","Frozen Eye","Kunai"],"campfire_rested":5,"item_purchase_floors":[3,3,13,21,21,46,46,46,46],"current_hp_per_floor":[86,86,86,88,88,70,76,60,60,86,67,57,95,91,91,46,95,95,89,89,89,94,94,82,79,79,79,69,71,77,77,95,15,95,95,88,54,60,47,75,24,24,24,21,49,49,49,52,80,21],"gold":118,"neow_bonus":"TEN_PERCENT_HP_BONUS","is_prod":false,"is_daily":false,"chose_seed":false,"campfire_upgraded":2,"win_rate":0.0,"timestamp":1564935249,"path_taken":["M","?","$","?","?","E","M","M","T","R","E","M","?","E","R","BOSS","M","?","M","$","?","R","E","M","T","?","E","M","M","?","R","BOSS","M","M","?","M","M","R","E","?","T","M","R","$","?","M","R","BOSS"],"build_version":"2019-06-28","purchased_purges":1,"victory":true,"max_hp_per_floor":[88,88,88,88,88,88,88,88,88,88,88,88,95,95,95,95,95,95,95,95,95,95,95,95,95,95,95,95,95,95,95,95,95,95,95,95,95,95,95,95,95,95,95,95,95,95,95,95,95,95],"card_choices":[{"not_picked":["True Grit","Warcry"],"picked":"Pommel Strike","floor":1.0},{"not_picked":["Ghostly Armor","Hemokinesis"],"picked":"Heavy Blade","floor":4.0},{"not_picked":["Sword Boomerang","True Grit"],"picked":"Flame Barrier","floor":6.0},{"not_picked":["Twin Strike","Headbutt","Shockwave"],"picked":"SKIP","floor":7.0},{"not_picked":["Dropkick","Heavy Blade"],"picked":"Thunderclap","floor":8.0},{"not_picked":["Uppercut","Warcry"],"picked":"Double Tap","floor":11.0},{"not_picked":["Heavy Blade","Thunderclap"],"picked":"Shrug It Off","floor":12.0},{"not_picked":["Intimidate","Spot Weakness","Disarm"],"picked":"SKIP","floor":14.0},{"not_picked":["Dark Embrace","Brutality"],"picked":"Impervious","floor":16},{"not_picked":[],"picked":"Flex","floor":18},{"not_picked":[],"picked":"Dropkick","floor":20},{"not_picked":[],"picked":"Anger","floor":22},{"not_picked":[],"picked":"Body Slam+1","floor":24},{"not_picked":["Hemokinesis+1"],"picked":"SKIP","floor":25},{"not_picked":[],"picked":"Second Wind","floor":28},{"not_picked":[],"picked":"Body Slam","floor":29},{"not_picked":["Heavy Blade"],"picked":"SKIP","floor":30},{"not_picked":["Cleave"],"picked":"SKIP","floor":35},{"not_picked":["Twin Strike"],"picked":"SKIP","floor":36},{"not_picked":[],"picked":"Clash+1","floor":37},{"not_picked":["Dual Wield+1"],"picked":"SKIP","floor":38},{"not_picked":["Clothesline"],"picked":"SKIP","floor":39},{"not_picked":[],"picked":"Shrug It Off+1","floor":41},{"not_picked":[],"picked":"Searing Blow","floor":44},{"not_picked":["Uppercut"],"picked":"SKIP","floor":48}],"player_experience":7778,"relics_obtained":[{"floor":6.0,"key":"Darkstone Periapt"},{"floor":9.0,"key":"Letter Opener"},{"floor":11.0,"key":"Orichalcum"},{"floor":14.0,"key":"Bag of Preparation"},{"floor":22,"key":"Red Mask"},{"floor":24,"key":"Ice Cream"},{"floor":26,"key":"Lantern"},{"floor":28,"key":"Whetstone"},{"floor":31,"key":"MawBank"},{"floor":37,"key":"Thread and Needle"},{"floor":41,"key":"Boot"},{"floor":43,"key":"Bag of Marbles"}],"event_choices":[{"damage_healed":0.0,"max_hp_gain":0.0,"max_hp_loss":0.0,"gold_gain":0.0,"event_name":"Accursed Blacksmith","player_choice":"Rummage","floor":2.0,"gold_loss":0.0,"damage_taken":0.0,"relics_obtained":["WarpedTongs"],"cards_obtained":["Pain"]},{"damage_healed":0.0,"max_hp_gain":0.0,"max_hp_loss":0.0,"gold_gain":175.0,"event_name":"Liars Game","player_choice":"AGREE","floor":5.0,"gold_loss":0.0,"damage_taken":0.0,"cards_obtained":["Doubt"]},{"damage_healed":0,"gold_gain":0,"player_choice":"Joined the Cult","damage_taken":6,"max_hp_gain":0,"max_hp_loss":0,"event_name":"Nest","floor":19,"gold_loss":0,"cards_obtained":["RitualDagger"]},{"damage_healed":0,"gold_gain":0,"player_choice":"Fought Bandits","damage_taken":0,"max_hp_gain":0,"max_hp_loss":0,"event_name":"Masked Bandits","floor":22,"gold_loss":0},{"damage_healed":0,"gold_gain":0,"player_choice":"Simplicity","damage_taken":0,"max_hp_gain":0,"max_hp_loss":0,"event_name":"Back to Basics","floor":27,"gold_loss":0,"cards_upgraded":["Strike_R","Strike_R","Strike_R","Strike_R","Strike_R","Defend_R","Defend_R","Defend_R","Defend_R"]},{"damage_healed":0,"gold_gain":0,"player_choice":"Fight","damage_taken":0,"max_hp_gain":0,"max_hp_loss":0,"event_name":"MindBloom","floor":37,"gold_loss":0},{"damage_healed":0,"gold_gain":0,"player_choice":"Ignored","damage_taken":0,"max_hp_gain":0,"max_hp_loss":0,"event_name":"The Moai Head","floor":42,"gold_loss":0},{"cards_removed":["Flex"],"damage_healed":0,"gold_gain":0,"player_choice":"Removed Skill","damage_taken":0,"max_hp_gain":0,"max_hp_loss":0,"event_name":"Falling","floor":47,"gold_loss":0}],"is_beta":true,"boss_relics":[{"not_picked":["Black Star","Philosopher\u0027s Stone"],"picked":"Busted Crown"},{"not_picked":["Eternal Feather","Tiny House"],"picked":"Mark of Pain"}],"items_purged_floors":[13],"is_endless":false,"potions_floor_spawned":[4,7,8,12,14,16,22,25,28,33,35,39,41,48],"ascension_level":0}