{"gold_per_floor":[114,10,64,77,77,105,115,115,115,115,126,53,53,72,72,172,172,190,32,45,58,20,20],"floor_reached":23,"playtime":739,"items_purged":[],"score":281,"play_id":"83b63ab7-6b23-4336-a998-b319608f8979","local_time":"20180724154156","is_ascension_mode":true,"campfire_choices":[{"data":"Double Energy","floor":10,"key":"SMITH"},{"data":"Dualcast","floor":13,"key":"SMITH"},{"data":"Tempest","floor":15,"key":"SMITH"}],"neow_cost":"NONE","seed_source_timestamp":4974143225622,"circlet_count":0,"master_deck":["Strike_B","Defend_B","Defend_B","Zap","Dualcast+1","Double Energy+1","Turbo","Streamline","Gash","Barrage","Conserve Battery","Reboot","Auto Shields","FTL","Hologram","Tempest+1","Buffer","Loop+1","Biased Cognition+1","Double Energy+1","Rebound","Turbo","Cold Snap","Ball Lightning","Conserve Battery","Darkness+1","Stack","Stack"],"special_seed":0,"relics":["Cracked Core","NeowsBlessing","The Courier","Bag of Marbles","Astrolabe"],"potions_floor_usage":[21],"damage_taken":[{"damage":0,"enemies":"Small Slimes","floor":1,"turns":1},{"damage":0,"enemies":"2 Louse","floor":4,"turns":1},{"damage":0,"enemies":"Gremlin Nob","floor":6,"turns":1},{"damage":0,"enemies":"Cultist","floor":7,"turns":3},{"damage":1,"enemies":"3 Louse","floor":11,"turns":3},{"damage":17,"enemies":"Gremlin Gang","floor":14,"turns":4},{"damage":27,"enemies":"Slime Boss","floor":16,"turns":9},{"damage":16,"enemies":"Shell Parasite","floor":18,"turns":3},{"damage":7,"enemies":"3 Byrds","floor":20,"turns":3},{"damage":18,"enemies":"Slaver and Parasite","floor":21,"turns":6},{"damage":31,"enemies":"Book of Stabbing","floor":23,"turns":3}],"seed_played":"6695483979699824114","potions_obtained":[{"floor":6,"key":"SpeedPotion"},{"floor":11,"key":"Strength Potion"},{"floor":14,"key":"SpeedPotion"},{"floor":20,"key":"Block Potion"}],"is_trial":false,"path_per_floor":["M","$","?","M","?","E","M","?","T","R","M","$","R","M","R","B",null,"M","$","M","M","$"],"character_chosen":"DEFECT","items_purchased":["Turbo","Streamline","FTL","Hologram","Turbo","Cold Snap","Ball Lightning","Conserve Battery","Stack"],"campfire_rested":0,"item_purchase_floors":[2,2,12,12,19,19,19,19,22],"current_hp_per_floor":[68,68,68,68,68,68,68,68,68,68,67,67,67,50,50,23,62,46,46,39,21,21,0],"gold":20,"neow_bonus":"THREE_ENEMY_KILL","is_prod":false,"is_daily":false,"chose_seed":false,"campfire_upgraded":3,"win_rate":0,"timestamp":1532418116,"path_taken":["M","$","?","M","?","E","M","?","T","R","M","?","R","?","R","BOSS","M","$","?","M","?","E"],"build_version":"2018-07-19v2","purchased_purges":0,"victory":false,"max_hp_per_floor":[75,75,75,75,75,75,75,75,75,75,75,75,75,75,75,75,75,75,75,75,75,75,75],"card_choices":[{"not_picked":["Redo","Sweeping Beam"],"picked":"Double Energy","floor":1},{"not_picked":["Cold Snap","Conserve Battery"],"picked":"Gash","floor":4},{"not_picked":["Hologram","Ball Lightning"],"picked":"Conserve Battery","floor":6},{"not_picked":["Ball Lightning","Beam Cell"],"picked":"Reboot","floor":7},{"not_picked":["Rebound","Tempest"],"picked":"Auto Shields","floor":11},{"not_picked":["Coolheaded","Compile Driver"],"picked":"Tempest","floor":14},{"not_picked":["Fission","Machine Learning"],"picked":"Buffer","floor":16},{"not_picked":["Double Energy+1","Auto Shields"],"picked":"Rebound","floor":18},{"not_picked":["Streamline","Undo"],"picked":"Darkness+1","floor":20},{"not_picked":["Streamline+1","Darkness"],"picked":"Stack","floor":21}],"player_experience":170565,"relics_obtained":[{"floor":6,"key":"The Courier"},{"floor":9,"key":"Bag of Marbles"}],"event_choices":[{"event_name":"Golden Wing","player_choice":"Gained Gold","floor":3,"damage_taken":0},{"event_name":"Living Wall","player_choice":"Change","floor":5,"damage_taken":0},{"event_name":"Purifier","player_choice":"One Purge","floor":8,"damage_taken":0}],"is_beta":false,"boss_relics":[{"not_picked":["Busted Crown","Coffee Dripper"],"picked":"Astrolabe"}],"items_purged_floors":[],"is_endless":false,"potions_floor_spawned":[6,11,14,20],"killed_by":"Book of Stabbing","ascension_level":6}