{"gold_per_floor":[118,131,144,162,162,162,188,188,188,188,139,174,193,213,213,315,315,335,345,247,247,260,293,293,273,273,284,301,301,319,319,319,319],"floor_reached":33,"playtime":3487,"items_purged":[],"score":329,"play_id":"23c0b83b-dd10-4279-8284-3e8ef59dcad1","local_time":"20190804232139","is_ascension_mode":false,"campfire_choices":[{"data":"Rage","floor":6,"key":"SMITH"},{"data":"Iron Wave","floor":8,"key":"SMITH"},{"data":"Iron Wave","floor":10,"key":"SMITH"},{"floor":15,"key":"REST"},{"floor":24,"key":"REST"},{"floor":29,"key":"REST"},{"floor":32,"key":"REST"}],"neow_cost":"","seed_source_timestamp":10024016151633,"circlet_count":0,"master_deck":["Strike_R","Strike_R","Strike_R","Strike_R","Strike_R","Defend_R","Defend_R","Defend_R","Bash","Iron Wave+1","Rage+1","Clothesline","Twin Strike","Iron Wave+1","Headbutt","Iron Wave","Clothesline","Cleave","Feed","Warcry+1","Warcry","Good Instincts","Writhe","Armaments","Iron Wave","Metallicize","Rage","Cleave+1","Anger"],"relics":["Burning Blood","Centennial Puzzle","Bronze Scales","Darkstone Periapt","Velvet Choker","Shuriken","WingedGreaves","Bottled Lightning"],"potions_floor_usage":[16,23,28,30],"damage_taken":[{"damage":6,"enemies":"Cultist","floor":1,"turns":3},{"damage":6,"enemies":"Jaw Worm","floor":2,"turns":3},{"damage":1,"enemies":"Small Slimes","floor":3,"turns":4},{"damage":18,"enemies":"Exordium Thugs","floor":4,"turns":4},{"damage":20,"enemies":"3 Sentries","floor":7,"turns":9},{"damage":3,"enemies":"Gremlin Nob","floor":12,"turns":4},{"damage":0,"enemies":"3 Louse","floor":13,"turns":3},{"damage":8,"enemies":"Lots of Slimes","floor":14,"turns":4},{"damage":22,"enemies":"The Guardian","floor":16,"turns":11},{"damage":0,"enemies":"3 Byrds","floor":18,"turns":3},{"damage":8,"enemies":"Shell Parasite","floor":19,"turns":4},{"damage":16,"enemies":"Snake Plant","floor":22,"turns":4},{"damage":65,"enemies":"Gremlin Leader","floor":23,"turns":7},{"damage":36,"enemies":"Sentry and Sphere","floor":27,"turns":6},{"damage":16,"enemies":"Centurion and Healer","floor":28,"turns":4},{"damage":5,"enemies":"Cultist and Chosen","floor":30,"turns":6},{"damage":72,"enemies":"Champ","floor":33,"turns":12}],"seed_played":"6796521338713506054","potions_obtained":[{"floor":2,"key":"Energy Potion"},{"floor":4,"key":"LiquidBronze"},{"floor":7,"key":"EssenceOfSteel"},{"floor":18,"key":"AttackPotion"},{"floor":25,"key":"Strength Potion"},{"floor":27,"key":"Explosive Potion"}],"is_trial":false,"path_per_floor":["M","M","M","M","?","R","E","R","T","R","$","E","M","M","R","B",null,"M","M","$","?","M","E","R","?","T","M","M","R","M","?","R","B"],"character_chosen":"IRONCLAD","items_purchased":["Headbutt","Good Instincts"],"campfire_rested":4,"item_purchase_floors":[11,20],"current_hp_per_floor":[80,80,80,68,68,68,54,54,54,54,54,57,63,61,80,64,80,83,84,84,90,80,21,48,48,48,21,11,39,40,40,68,0],"gold":319,"neow_bonus":"","is_prod":false,"is_daily":false,"chose_seed":false,"campfire_upgraded":3,"win_rate":0.0,"timestamp":1564953699,"path_taken":["M","M","M","?","?","R","E","R","T","R","?","E","M","M","R","BOSS","M","?","$","?","M","E","R","?","T","?","M","R","M","?","R","BOSS"],"build_version":"2019-07-17","purchased_purges":0,"victory":false,"max_hp_per_floor":[80,80,80,80,80,80,80,80,80,80,80,80,80,80,80,80,80,83,86,86,92,92,92,92,92,92,95,95,95,95,95,95,95],"card_choices":[{"not_picked":["Fire Breathing","Flex"],"picked":"Iron Wave","floor":1},{"not_picked":["Clothesline","Feel No Pain"],"picked":"Rage","floor":2},{"not_picked":["Clash","Disarm"],"picked":"Clothesline","floor":3},{"not_picked":["Shrug It Off","Pummel"],"picked":"Twin Strike","floor":4},{"not_picked":["True Grit","Twin Strike"],"picked":"Iron Wave","floor":7},{"not_picked":["Barricade","Fire Breathing"],"picked":"Iron Wave","floor":12},{"not_picked":["Combust","Whirlwind"],"picked":"Clothesline","floor":13},{"not_picked":["Clothesline","Iron Wave"],"picked":"Cleave","floor":14},{"not_picked":["Juggernaut","Reaper"],"picked":"Feed","floor":16},{"not_picked":["Rampage","Shockwave"],"picked":"Warcry+1","floor":18},{"not_picked":["Perfected Strike+1","Feel No Pain"],"picked":"Warcry","floor":19},{"not_picked":["True Grit","Twin Strike"],"picked":"Armaments","floor":22},{"not_picked":["Armaments","Offering"],"picked":"Iron Wave","floor":23},{"not_picked":["True Grit","Thunderclap"],"picked":"Metallicize","floor":27},{"not_picked":["Bloodletting","Hemokinesis+1"],"picked":"Rage","floor":28},{"not_picked":["Pummel","Flex"],"picked":"Cleave+1","floor":30}],"player_experience":0,"relics_obtained":[{"floor":7,"key":"Centennial Puzzle"},{"floor":9,"key":"Bronze Scales"},{"floor":12,"key":"Darkstone Periapt"},{"floor":23,"key":"WingedGreaves"},{"floor":26,"key":"Bottled Lightning"}],"event_choices":[{"cards_removed":["Defend_R"],"damage_healed":0,"gold_gain":0,"player_choice":"Purged","damage_taken":0,"max_hp_gain":0,"max_hp_loss":0,"event_name":"Purifier","floor":5,"gold_loss":0},{"damage_healed":0,"gold_gain":0,"player_choice":"Opened","damage_taken":0,"relics_obtained":["Shuriken"],"max_hp_gain":0,"max_hp_loss":0,"event_name":"The Mausoleum","floor":21,"gold_loss":0,"cards_obtained":["Writhe"]},{"damage_healed":0,"gold_gain":0,"player_choice":"Bought 1 Potion","damage_taken":0,"max_hp_gain":0,"max_hp_loss":0,"event_name":"The Woman in Blue","floor":25,"gold_loss":0},{"damage_healed":0,"gold_gain":0,"player_choice":"Read","damage_taken":0,"max_hp_gain":0,"max_hp_loss":0,"event_name":"The Library","floor":31,"gold_loss":0,"cards_obtained":["Anger"]}],"is_beta":false,"boss_relics":[{"not_picked":["Busted Crown","Fusion Hammer"],"picked":"Velvet Choker"}],"items_purged_floors":[],"is_endless":false,"potions_floor_spawned":[2,4,7,13,18,22,27],"killed_by":"Champ","ascension_level":0}