{"gold_per_floor":[118,118,118,136,17,46,121,121,121,135,135,182,215,234,234,311,311,330,346,70,81,81,81,114,127,127,127,127,127,137,149,149,149],"floor_reached":33,"playtime":963,"items_purged":["Strike_B"],"score":525,"play_id":"84abaf0d-8dc2-426b-9bfa-72368b13c8ae","local_time":"20190210161841","is_ascension_mode":true,"campfire_choices":[{"data":"Hologram","floor":8.0,"key":"SMITH"},{"data":"Hyperbeam","floor":11.0,"key":"SMITH"},{"data":"Double Energy","floor":15.0,"key":"SMITH"},{"data":"Hyperbeam","floor":23.0,"key":"SMITH"},{"data":"Seek","floor":27,"key":"SMITH"},{"data":"Turbo","floor":29,"key":"SMITH"},{"floor":32,"key":"REST"}],"neow_cost":"NONE","seed_source_timestamp":1985045355450,"circlet_count":0,"master_deck":["AscendersBane","Strike_B","Defend_B","Defend_B","Defend_B","Defend_B","Zap","Dualcast","Streamline","Conserve Battery","Hyperbeam+1","Hologram+1","Double Energy+1","Seek+1","Hyperbeam+1","Leap","Sunder+1","Regret","Meteor Strike","Turbo+1","Reprogram+1"],"special_seed":0,"relics":["Cracked Core","NeowsBlessing","Calipers","Shuriken","Bag of Preparation","Mummified Hand","Runic Pyramid","HandDrill","PreservedInsect","Pantograph","NlothsMask"],"potions_floor_usage":[25],"damage_taken":[{"damage":0.0,"enemies":"Cultist","floor":1.0,"turns":1.0},{"damage":0.0,"enemies":"Small Slimes","floor":4.0,"turns":1.0},{"damage":0.0,"enemies":"Lagavulin","floor":6.0,"turns":1.0},{"damage":5.0,"enemies":"Jaw Worm","floor":10.0,"turns":3.0},{"damage":10.0,"enemies":"Gremlin Nob","floor":13.0,"turns":3.0},{"damage":0.0,"enemies":"Exordium Wildlife","floor":14.0,"turns":2.0},{"damage":20.0,"enemies":"The Guardian","floor":16.0,"turns":14.0},{"damage":12.0,"enemies":"2 Thieves","floor":18.0,"turns":2.0},{"damage":0.0,"enemies":"Spheric Guardian","floor":19.0,"turns":1.0},{"damage":0.0,"enemies":"Snake Plant","floor":21.0,"turns":2.0},{"damage":15,"enemies":"Gremlin Leader","floor":24,"turns":6},{"damage":7,"enemies":"Shelled Parasite and Fungi","floor":25,"turns":2},{"damage":16,"enemies":"Chosen and Byrds","floor":30,"turns":2},{"damage":4,"enemies":"Cultist and Chosen","floor":31,"turns":3},{"damage":27,"enemies":"Champ","floor":33,"turns":6}],"seed_played":"4177118377458860124","potions_obtained":[{"floor":6.0,"key":"Ancient Potion"},{"floor":10.0,"key":"SteroidPotion"},{"floor":31,"key":"Fire Potion"}],"is_trial":false,"path_per_floor":["M","?","?","M","$","E","?","R","T","M","R","T","E","M","R","B",null,"M","M","$","M","?","R","E","M","T","R","?","R","M","M","R","B"],"character_chosen":"DEFECT","items_purchased":["Hyperbeam","Hologram","HandDrill"],"campfire_rested":1,"item_purchase_floors":[5,5,20],"current_hp_per_floor":[64,57,57,57,57,57,46,46,46,41,41,41,31,31,31,11,56,44,44,44,44,44,44,29,22,22,22,22,22,6,2,23,21],"gold":149,"neow_bonus":"THREE_ENEMY_KILL","is_prod":false,"is_daily":false,"chose_seed":false,"campfire_upgraded":6,"win_rate":0,"timestamp":1549786721,"path_taken":["M","?","?","?","$","E","?","R","T","M","R","?","E","M","R","BOSS","M","M","$","M","?","R","E","?","T","R","?","R","?","M","R","BOSS"],"build_version":"2019-02-06","purchased_purges":1,"victory":false,"max_hp_per_floor":[71,71,71,71,71,71,71,71,71,71,71,71,71,71,71,71,71,71,71,71,71,71,71,71,71,71,71,71,71,71,71,71,71],"card_choices":[{"not_picked":["Compile Driver","Undo"],"picked":"Streamline","floor":1.0},{"not_picked":["Streamline","White Noise"],"picked":"Conserve Battery","floor":4.0},{"not_picked":["Conserve Battery","Rebound","Creative AI"],"picked":"SKIP","floor":6.0},{"not_picked":["Gash","Lockon","Barrage"],"picked":"SKIP","floor":10.0},{"not_picked":["Coolheaded","Barrage"],"picked":"Double Energy","floor":13.0},{"not_picked":["Heatsinks","Rebound"],"picked":"Seek","floor":14.0},{"not_picked":["Thunder Strike","Core Surge"],"picked":"Hyperbeam","floor":16.0},{"not_picked":["Stack","Steam","Conserve Battery"],"picked":"SKIP","floor":18.0},{"not_picked":["Rebound+1","Glacier"],"picked":"Leap","floor":19.0},{"not_picked":["Hologram","Redo"],"picked":"Sunder+1","floor":21.0},{"not_picked":["Doom and Gloom","Steam"],"picked":"Turbo","floor":24},{"not_picked":["Auto Shields","Redo","Cold Snap"],"picked":"SKIP","floor":25},{"not_picked":["Sunder","Streamline"],"picked":"Reprogram+1","floor":30},{"not_picked":["Coolheaded","Ball Lightning","Steam"],"picked":"SKIP","floor":31}],"player_experience":774404,"relics_obtained":[{"floor":6.0,"key":"Calipers"},{"floor":9.0,"key":"Shuriken"},{"floor":12.0,"key":"Bag of Preparation"},{"floor":13.0,"key":"Mummified Hand"},{"floor":24,"key":"PreservedInsect"},{"floor":26,"key":"Pantograph"}],"event_choices":[{"cards_removed":["Strike_B"],"damage_healed":0.0,"max_hp_gain":0.0,"max_hp_loss":0.0,"gold_gain":0.0,"event_name":"Golden Wing","player_choice":"Card Removal","floor":2.0,"gold_loss":0.0,"damage_taken":7.0},{"cards_removed":["Strike_B"],"damage_healed":0.0,"max_hp_gain":0.0,"max_hp_loss":0.0,"gold_gain":0.0,"event_name":"Bonfire Elementals","player_choice":"Offered Basic","floor":3.0,"gold_loss":0.0,"damage_taken":0.0},{"damage_healed":0.0,"max_hp_gain":0.0,"max_hp_loss":0.0,"gold_gain":75.0,"event_name":"World of Goop","player_choice":"Gather Gold","floor":7.0,"gold_loss":0.0,"damage_taken":11.0},{"damage_healed":0.0,"max_hp_gain":0.0,"max_hp_loss":0.0,"gold_gain":0.0,"event_name":"Match and Keep!","player_choice":"2 cards matched","floor":22.0,"gold_loss":0.0,"damage_taken":0.0,"cards_obtained":["Regret","Meteor Strike"]},{"damage_healed":0,"gold_gain":0,"player_choice":"Trade","damage_taken":0,"relics_obtained":["NlothsMask"],"max_hp_gain":0,"max_hp_loss":0,"event_name":"FaceTrader","floor":28,"gold_loss":0}],"is_beta":true,"boss_relics":[{"not_picked":["Fusion Hammer","Black Star"],"picked":"Runic Pyramid"}],"items_purged_floors":[20],"is_endless":false,"potions_floor_spawned":[6,10,31],"killed_by":"Champ","ascension_level":15}