{"gold_per_floor":[119,132,144,154,154,154,166,341,341,354,354,199,218,251,251,251],"floor_reached":16,"playtime":818,"items_purged":["Strike_B"],"score":177,"play_id":"0b50ea10-2943-4c74-bb30-8e06a482b64e","local_time":"20180902164322","is_ascension_mode":true,"campfire_choices":[{"data":"Darkness","floor":6.0,"key":"SMITH"},{"data":"Darkness","floor":15.0,"key":"SMITH"}],"neow_cost":"NONE","seed_source_timestamp":0,"circlet_count":0,"master_deck":["Strike_B","Strike_B","Defend_B","Defend_B","Defend_B","Defend_B","Zap","Dualcast","AscendersBane","Darkness+1","Go for the Eyes","Redo","Turbo","Sunder","Doubt","Echo Form","Parasite","Darkness+1","Rebound","Turbo"],"special_seed":0,"relics":["Eternal Feather","Meat on the Bone","Centennial Puzzle"],"potions_floor_usage":[],"damage_taken":[{"damage":4.0,"enemies":"2 Louse","floor":1.0,"turns":3.0},{"damage":1.0,"enemies":"Cultist","floor":2.0,"turns":3.0},{"damage":0.0,"enemies":"Small Slimes","floor":3.0,"turns":3.0},{"damage":4.0,"enemies":"Looter","floor":4.0,"turns":3.0},{"damage":42.0,"enemies":"Gremlin Gang","floor":7.0,"turns":5.0},{"damage":17.0,"enemies":"Exordium Wildlife","floor":10.0,"turns":3.0},{"damage":16.0,"enemies":"Blue Slaver","floor":13.0,"turns":4.0},{"damage":15.0,"enemies":"Lagavulin","floor":14.0,"turns":5.0},{"damage":46,"enemies":"The Guardian","floor":16,"turns":5}],"seed_played":"-7734302667109145292","potions_obtained":[{"floor":2.0,"key":"Energy Potion"},{"floor":3.0,"key":"Swift Potion"},{"floor":7.0,"key":"Explosive Potion"}],"is_trial":false,"path_per_floor":["M","M","M","M","?","R","M","?","T","M","?","$","M","E","R"],"character_chosen":"DEFECT","items_purchased":["Darkness"],"campfire_rested":0,"item_purchase_floors":[12],"current_hp_per_floor":[60,59,59,55,55,61,19,19,19,14,31,31,27,24,36,0],"gold":251,"neow_bonus":"BOSS_RELIC","is_prod":false,"is_daily":false,"chose_seed":false,"campfire_upgraded":2,"win_rate":0,"timestamp":1535877802,"path_taken":["M","M","M","M","?","R","M","?","T","?","?","?","M","E","R","BOSS"],"build_version":"2018-08-30","purchased_purges":1,"victory":false,"max_hp_per_floor":[71,71,71,71,71,71,71,71,71,71,71,71,71,71,71,71],"card_choices":[{"not_picked":["Hologram","Self Repair"],"picked":"Darkness","floor":1.0},{"not_picked":["Compile Driver","Rebound"],"picked":"Go for the Eyes","floor":2.0},{"not_picked":["Barrage","Hyperbeam"],"picked":"Redo","floor":3.0},{"not_picked":["Double Energy","Streamline"],"picked":"Turbo","floor":4.0},{"not_picked":["Heatsinks","Gash"],"picked":"Sunder","floor":7.0},{"not_picked":["Steam","Streamline"],"picked":"Echo Form","floor":10.0},{"not_picked":["Melter","Heatsinks"],"picked":"Rebound","floor":13.0},{"not_picked":["Capacitor","Go for the Eyes"],"picked":"Turbo","floor":14.0}],"player_experience":297302,"relics_obtained":[{"floor":9.0,"key":"Meat on the Bone"},{"floor":14.0,"key":"Centennial Puzzle"}],"event_choices":[{"event_name":"Purifier","player_choice":"One Purge","floor":5.0,"damage_taken":0.0},{"event_name":"Liars Game","player_choice":"agreed","floor":8.0,"damage_taken":0.0},{"event_name":"Mushrooms","player_choice":"Healed and dodged fight","floor":11.0,"damage_taken":0.0}],"is_beta":true,"boss_relics":[],"items_purged_floors":[12],"is_endless":false,"potions_floor_spawned":[2,3,7],"killed_by":"The Guardian","ascension_level":14}