{"gold_per_floor":[110,0,250,270,270,270,296,312,335,348,379,344,370,388,388,486,486,501,512,526,526,540,540,107,138,138,138,138],"floor_reached":28,"playtime":1793,"items_purged":["Regret"],"score":297,"play_id":"8d5bc920-a230-40cf-9852-14cc002618d8","local_time":"20180710143408","is_ascension_mode":true,"campfire_choices":[{"data":"Genetic Algorithm","floor":6.0,"key":"SMITH"},{"floor":15.0,"key":"REST"},{"data":"Static Discharge","floor":23,"key":"SMITH"}],"neow_cost":"NONE","seed_source_timestamp":0,"circlet_count":0,"master_deck":["Strike_B","Strike_B+1","Strike_B","Strike_B+1","Defend_B","Defend_B","Defend_B","Defend_B","Zap","Dualcast","Static Discharge+1","Genetic Algorithm+1","Loop","Heatsinks+1","Hello World","Turbo","Chill","Conserve Battery","Reinforced Body","Streamline","Electrodynamics","Steam Power+1","Leap","Loop","BootSequence+1","Core Surge","Machine Learning","Redo","RitualDagger"],"special_seed":0,"relics":["Cracked Core","NeowsBlessing","Vajra","Whetstone","Gremlin Horn","DataDisk","Nuclear Battery","CultistMask","Omamori","Bottled Lightning","Regal Pillow"],"potions_floor_usage":[18],"damage_taken":[{"damage":0.0,"enemies":"Small Slimes","floor":1.0,"turns":1.0},{"damage":0.0,"enemies":"Cultist","floor":4.0,"turns":1.0},{"damage":0.0,"enemies":"Gremlin Nob","floor":7.0,"turns":1.0},{"damage":10.0,"enemies":"2 Louse","floor":8.0,"turns":4.0},{"damage":18.0,"enemies":"Gremlin Gang","floor":10.0,"turns":4.0},{"damage":32.0,"enemies":"Lagavulin","floor":11.0,"turns":6.0},{"damage":26.0,"enemies":"Gremlin Nob","floor":13.0,"turns":5.0},{"damage":5.0,"enemies":"2 Fungi Beasts","floor":14.0,"turns":4.0},{"damage":16.0,"enemies":"Hexaghost","floor":16.0,"turns":8.0},{"damage":9,"enemies":"Chosen","floor":18,"turns":5},{"damage":1,"enemies":"3 Byrds","floor":19,"turns":4},{"damage":17,"enemies":"Centurion and Healer","floor":20,"turns":6},{"damage":3,"enemies":"Snake Plant","floor":22,"turns":4},{"damage":20,"enemies":"Slavers","floor":25,"turns":4},{"damage":21,"enemies":"Gremlin Leader","floor":28,"turns":6}],"seed_played":"5545091490428208292","potions_obtained":[{"floor":1.0,"key":"PowerPotion"},{"floor":8.0,"key":"SteroidPotion"},{"floor":10.0,"key":"Fire Potion"},{"floor":14.0,"key":"FocusPotion"},{"floor":16.0,"key":"SteroidPotion"},{"floor":19,"key":"Fire Potion"},{"floor":20,"key":"Fire Potion"},{"floor":22,"key":"SpeedPotion"}],"is_trial":false,"path_per_floor":["M","$","?","M","?","R","E","M","T","M","E","?","E","M","R","B",null,"M","M","M","?","M","R","$","E","T","?"],"character_chosen":"DEFECT","items_purchased":["Genetic Algorithm","Loop","Core Surge","Machine Learning","Omamori"],"campfire_rested":1,"item_purchase_floors":[2,2,24,24,24],"current_hp_per_floor":[75,75,75,75,75,75,75,65,65,47,15,33,7,2,24,8,75,66,65,48,48,45,45,45,25,25,19,0],"gold":138,"neow_bonus":"THREE_ENEMY_KILL","is_prod":false,"is_daily":false,"chose_seed":false,"campfire_upgraded":2,"win_rate":0,"timestamp":1531204448,"path_taken":["M","$","?","M","?","R","E","?","T","M","E","?","E","M","R","BOSS","M","M","M","?","M","R","$","E","T","?","E"],"build_version":"2018-07-05","purchased_purges":1,"victory":false,"max_hp_per_floor":[75,75,75,75,75,75,75,75,75,75,75,75,75,75,75,75,75,75,75,75,75,75,75,75,75,75,75,75],"card_choices":[{"not_picked":["Redo","Chill"],"picked":"Static Discharge","floor":1.0},{"not_picked":["White Noise","Darkness"],"picked":"Heatsinks","floor":4.0},{"not_picked":["Force Field","Rebound"],"picked":"Hello World","floor":7.0},{"not_picked":["Conserve Battery","Darkness"],"picked":"Turbo","floor":8.0},{"not_picked":["Barrage","Melter"],"picked":"Chill","floor":10.0},{"not_picked":["FTL","Compile Driver"],"picked":"Conserve Battery","floor":11.0},{"not_picked":["Gash","Cold Snap"],"picked":"Reinforced Body","floor":13.0},{"not_picked":["Heatsinks","Doom and Gloom"],"picked":"Streamline","floor":14.0},{"not_picked":["Seek","Echo Form"],"picked":"Electrodynamics","floor":16.0},{"not_picked":["Gash","Chaos"],"picked":"Steam Power+1","floor":18},{"not_picked":["Streamline","Loop"],"picked":"Leap","floor":19},{"not_picked":["Blizzard","Melter"],"picked":"Loop","floor":20},{"not_picked":["Darkness","Gash"],"picked":"BootSequence+1","floor":22},{"not_picked":["Rip and Tear+1","Redo","Recycle"],"picked":"SKIP","floor":25},{"not_picked":["Rip and Tear+1","Recycle"],"picked":"Redo","floor":25}],"player_experience":82351,"relics_obtained":[{"floor":7.0,"key":"Vajra"},{"floor":9.0,"key":"Whetstone"},{"floor":11.0,"key":"Gremlin Horn"},{"floor":13.0,"key":"DataDisk"},{"floor":25,"key":"Bottled Lightning"},{"floor":26,"key":"Regal Pillow"}],"event_choices":[{"event_name":"Golden Shrine","player_choice":"Desecrate","floor":3.0,"damage_taken":0.0},{"event_name":"Accursed Blacksmith","player_choice":"Forge","floor":5.0,"damage_taken":0.0},{"event_name":"The Cleric","player_choice":"Healed","floor":12.0,"damage_taken":0.0},{"event_name":"FaceTrader","player_choice":"Trade","floor":21,"damage_taken":0},{"event_name":"Nest","player_choice":"Joined the Cult","floor":27,"damage_taken":0}],"boss_relics":[{"not_picked":["Cursed Key","Empty Cage"],"picked":"Nuclear Battery"}],"items_purged_floors":[24],"is_endless":false,"potions_floor_spawned":[1,8,10,14,16,19,20,22],"killed_by":"Gremlin Leader","ascension_level":1}