{"gold_per_floor":[114,129,144,244,259,274,274,304,329,121,151,151,166,181,181,281,281,296,296,296,311,326,44,59,89,89,89,104,104,119,119,119,219,219,234,249,264,279,294,294,24,39,39,54,84,84,114,129,129,129],"floor_reached":50,"playtime":6309,"items_purged":["Heel Hook"],"score":692,"play_id":"aad262b4-f871-41fa-b72c-9f03cbb8c1f3","local_time":"20190803120233","daily_mods":["SealedDeck","Uncertain Future","DeadlyEvents"],"is_ascension_mode":false,"campfire_choices":[{"data":"Endless Agony","floor":7,"key":"SMITH"},{"data":"Secret Technique","floor":12,"key":"SMITH"},{"floor":15,"key":"REST"},{"floor":27,"key":"REST"},{"data":"Grand Finale","floor":29,"key":"SMITH"},{"data":"Finesse","floor":32,"key":"SMITH"},{"floor":40,"key":"REST"},{"floor":46,"key":"REST"},{"floor":49,"key":"REST"}],"neow_cost":"","seed_source_timestamp":0,"circlet_count":0,"master_deck":["Slice","Predator","Backflip","Reflex","Dagger Throw","Quick Slash","Backflip","Quick Slash","Backflip","Well Laid Plans","Backflip","Endless Agony+1","Slice","Prepared","Quick Slash","Secret Technique+1","Grand Finale+1","Predator","Escape Plan","Well Laid Plans","Masterful Stab","Finesse+1","Quick Slash","Reflex","Quick Slash","Deflect+1","Acrobatics+1","Quick Slash+1","After Image","Well Laid Plans+1","Finisher+1","Deflect+1","Impatience","Quick Slash","Finisher","Slice+1","Concentrate+1","Tactician+1","Parasite","Predator+1","Masterful Stab"],"special_seed":18111,"relics":["Ring of the Serpent","Mercury Hourglass","Strawberry","Bronze Scales","HoveringKite","TheAbacus","Torii","Prayer Wheel","Frozen Egg 2","Pear","Dodecahedron"],"potions_floor_usage":[],"damage_taken":[{"damage":0,"enemies":"Small Slimes","floor":1,"turns":2},{"damage":0,"enemies":"Cultist","floor":2,"turns":3},{"damage":0,"enemies":"Jaw Worm","floor":3,"turns":3},{"damage":0,"enemies":"Blue Slaver","floor":5,"turns":4},{"damage":2,"enemies":"3 Louse","floor":6,"turns":3},{"damage":0,"enemies":"3 Sentries","floor":8,"turns":6},{"damage":19,"enemies":"Gremlin Nob","floor":11,"turns":4},{"damage":0,"enemies":"2 Fungi Beasts","floor":13,"turns":2},{"damage":3,"enemies":"Gremlin Gang","floor":14,"turns":2},{"damage":32,"enemies":"Hexaghost","floor":16,"turns":5},{"damage":0,"enemies":"3 Byrds","floor":18,"turns":3},{"damage":2,"enemies":"Shell Parasite","floor":21,"turns":3},{"damage":5,"enemies":"Centurion and Healer","floor":22,"turns":3},{"damage":0,"enemies":"Cultist and Chosen","floor":24,"turns":3},{"damage":2,"enemies":"Book of Stabbing","floor":25,"turns":3},{"damage":0,"enemies":"Snake Plant","floor":28,"turns":3},{"damage":0,"enemies":"Sentry and Sphere","floor":30,"turns":2},{"damage":84,"enemies":"Collector","floor":33,"turns":10},{"damage":6,"enemies":"3 Darklings","floor":35,"turns":2},{"damage":1,"enemies":"Orb Walker","floor":36,"turns":3},{"damage":21,"enemies":"Writhing Mass","floor":37,"turns":4},{"damage":11,"enemies":"3 Darklings","floor":38,"turns":4},{"damage":17,"enemies":"4 Shapes","floor":39,"turns":4},{"damage":0,"enemies":"Maw","floor":42,"turns":7},{"damage":15,"enemies":"Spire Growth","floor":44,"turns":5},{"damage":7,"enemies":"Nemesis","floor":45,"turns":3},{"damage":0,"enemies":"Giant Head","floor":47,"turns":5},{"damage":2,"enemies":"Writhing Mass","floor":48,"turns":7},{"damage":91,"enemies":"Time Eater","floor":50,"turns":6}],"seed_played":"407684035303193076","potions_obtained":[{"floor":1,"key":"SpeedPotion"},{"floor":5,"key":"FairyPotion"},{"floor":11,"key":"Strength Potion"},{"floor":33,"key":"Swift Potion"}],"is_trial":false,"path_per_floor":["M","M","M","?","M","M","R","E","T","$","E","R","M","M","R","B",null,"M","?","?","M","M","$","M","E","T","R","M","R","M","?","R","B",null,"M","M","M","M","M","R","$","M","T","M","E","R","E","M","R","B"],"character_chosen":"THE_SILENT","items_purchased":["Quick Slash","Secret Technique","Finesse","TheAbacus","Impatience","Quick Slash","Finisher"],"campfire_rested":5,"item_purchase_floors":[10,10,23,23,41,41,41],"current_hp_per_floor":[70,70,70,70,70,68,68,68,75,75,56,56,56,53,76,44,77,77,63,63,61,56,56,56,54,54,78,78,78,78,78,78,8,82,76,75,54,43,26,50,50,50,50,35,38,65,65,63,90,0],"gold":129,"neow_bonus":"","is_prod":false,"is_daily":true,"chose_seed":false,"campfire_upgraded":4,"win_rate":0.0,"timestamp":1564851753,"path_taken":["M","M","M","?","M","M","R","E","T","$","?","R","M","?","R","BOSS","M","?","?","M","M","$","M","E","T","R","M","R","M","?","R","BOSS","M","M","M","?","M","R","$","M","T","?","?","R","E","M","R","BOSS"],"build_version":"2019-07-17","purchased_purges":1,"victory":false,"max_hp_per_floor":[70,70,70,70,70,70,70,70,77,77,77,77,77,77,77,77,77,77,82,82,82,82,82,82,82,82,82,82,82,82,82,82,82,82,82,82,82,82,82,82,82,82,82,82,92,92,92,92,92,92],"card_choices":[{"not_picked":["Crippling Poison","Underhanded Strike"],"picked":"Well Laid Plans","floor":1},{"not_picked":["Poisoned Stab","Flechettes"],"picked":"Backflip","floor":2},{"not_picked":["Quick Slash","Calculated Gamble"],"picked":"Endless Agony","floor":3},{"not_picked":["Underhanded Strike","PiercingWail"],"picked":"Slice","floor":5},{"not_picked":["All Out Attack","Poisoned Stab","Bouncing Flask"],"picked":"SKIP","floor":6},{"not_picked":["Skewer","Accuracy"],"picked":"Prepared","floor":8},{"not_picked":["Acrobatics","Flying Knee"],"picked":"Grand Finale","floor":11},{"not_picked":["Leg Sweep","Distraction","Flying Knee"],"picked":"SKIP","floor":13},{"not_picked":["Footwork","Flying Knee"],"picked":"Predator","floor":14},{"not_picked":["Poisoned Stab","Terror"],"picked":"Escape Plan","floor":18},{"not_picked":["Blade Dance","Flying Knee","Skewer"],"picked":"SKIP","floor":21},{"not_picked":["PiercingWail","Footwork+1"],"picked":"Masterful Stab","floor":22},{"not_picked":["Blade Dance","Flying Knee+1","Bane"],"picked":"SKIP","floor":24},{"not_picked":["Deadly Poison","Poisoned Stab+1"],"picked":"Quick Slash","floor":25},{"not_picked":["Blade Dance+1","PiercingWail"],"picked":"Reflex","floor":28},{"not_picked":["Blade Dance","Dodge and Roll","Dash"],"picked":"SKIP","floor":28},{"not_picked":["Accuracy+1","Burst","Leg Sweep"],"picked":"SKIP","floor":30},{"not_picked":["Flying Knee+1","Flechettes","Dodge and Roll"],"picked":"SKIP","floor":30},{"not_picked":["Deadly Poison+1","Skewer+1"],"picked":"Quick Slash","floor":35},{"not_picked":["Outmaneuver","Infinite Blades"],"picked":"Deflect+1","floor":35},{"not_picked":["Deadly Poison+1","Poisoned Stab+1"],"picked":"Acrobatics+1","floor":36},{"not_picked":["Cloak And Dagger+1","Accuracy","Blur+1"],"picked":"SKIP","floor":36},{"not_picked":["Slice+1","Dodge and Roll+1"],"picked":"Quick Slash+1","floor":37},{"not_picked":["Poisoned Stab","Bane"],"picked":"After Image","floor":37},{"not_picked":["Terror+1","Slice+1"],"picked":"Well Laid Plans+1","floor":38},{"not_picked":["Outmaneuver","Slice+1"],"picked":"Finisher+1","floor":38},{"not_picked":["PiercingWail+1","Cloak And Dagger"],"picked":"Deflect+1","floor":39},{"not_picked":["Flying Knee","Terror","Caltrops+1"],"picked":"SKIP","floor":39},{"not_picked":["Dagger Spray","Catalyst+1"],"picked":"Slice+1","floor":42},{"not_picked":["Blade Dance","Sucker Punch","Outmaneuver+1"],"picked":"SKIP","floor":42},{"not_picked":["Infinite Blades+1","Slice+1"],"picked":"Concentrate+1","floor":44},{"not_picked":["Cloak And Dagger+1","Flying Knee","Deadly Poison+1"],"picked":"SKIP","floor":44},{"not_picked":["Endless Agony+1","Quick Slash"],"picked":"Tactician+1","floor":45},{"not_picked":["Venomology","Burst","Heel Hook"],"picked":"SKIP","floor":47},{"not_picked":["Backflip","Prepared"],"picked":"Predator+1","floor":48},{"not_picked":["Deflect+1","Deadly Poison"],"picked":"Masterful Stab","floor":48}],"player_experience":45042,"relics_obtained":[{"floor":8,"key":"Mercury Hourglass"},{"floor":9,"key":"Strawberry"},{"floor":11,"key":"Bronze Scales"},{"floor":25,"key":"Torii"},{"floor":26,"key":"Prayer Wheel"},{"floor":43,"key":"Frozen Egg 2"},{"floor":45,"key":"Pear"},{"floor":47,"key":"Dodecahedron"}],"event_choices":[{"damage_healed":0,"gold_gain":100,"player_choice":"Pray","damage_taken":0,"max_hp_gain":0,"max_hp_loss":0,"event_name":"Golden Shrine","floor":4,"gold_loss":0},{"damage_healed":0,"gold_gain":0,"player_choice":"Shed Blood","damage_taken":19,"max_hp_gain":5,"max_hp_loss":0,"event_name":"Forgotten Altar","floor":19,"gold_loss":0},{"damage_healed":0,"gold_gain":0,"player_choice":"Read","damage_taken":0,"max_hp_gain":0,"max_hp_loss":0,"event_name":"The Library","floor":20,"gold_loss":0,"cards_obtained":["Well Laid Plans"]},{"damage_healed":0,"gold_gain":0,"player_choice":"Bought 0 Potions","damage_taken":0,"max_hp_gain":0,"max_hp_loss":0,"event_name":"The Woman in Blue","floor":31,"gold_loss":0}],"is_beta":false,"boss_relics":[{"not_picked":["Busted Crown","Orrery"],"picked":"HoveringKite"},{"not_picked":["Black Star","White Beast Statue"],"picked":"Ring of the Serpent"}],"items_purged_floors":[41],"is_endless":false,"potions_floor_spawned":[1,5,11,16,24,28,30,33,35,39,42,44,47],"killed_by":"Time Eater","ascension_level":0}