{"gold_per_floor":[16,91,17,17,17,17,48,48,48,64,64,83,100,120,120,120],"floor_reached":16,"playtime":331,"items_purged":[],"score":300,"play_id":"172e46fd-f89a-4375-9ad0-4d61c6cd96c0","local_time":"20181124184758","is_ascension_mode":true,"campfire_choices":[{"data":"Noxious Fumes","floor":6,"key":"SMITH"},{"data":"All Out Attack","floor":8,"key":"SMITH"},{"floor":11,"key":"REST"},{"data":"Neutralize","floor":15,"key":"SMITH"}],"neow_cost":"NO_GOLD","seed_source_timestamp":305780641543,"circlet_count":0,"master_deck":["AscendersBane","Defend_G","Defend_G","Defend_G","Defend_G","Defend_G","Strike_G","Strike_G+1","Strike_G","Strike_G+1","Strike_G","Survivor","Neutralize+1","All Out Attack+1","Noxious Fumes+1","Pain","Dagger Throw+1","Heel Hook+1","Sucker Punch+1","Poisoned Stab+1"],"special_seed":0,"relics":["Ring of the Snake","WarpedTongs","Molten Egg 2","Bottled Flame"],"potions_floor_usage":[16],"damage_taken":[{"damage":1,"enemies":"Small Slimes","floor":1,"turns":3},{"damage":28,"enemies":"Lagavulin","floor":7,"turns":7},{"damage":4,"enemies":"Cultist","floor":10,"turns":4},{"damage":0,"enemies":"2 Louse","floor":12,"turns":1},{"damage":7,"enemies":"Gremlin Gang","floor":13,"turns":2},{"damage":4,"enemies":"Looter","floor":14,"turns":2},{"damage":3,"enemies":"Slime Boss","floor":16,"turns":3}],"seed_played":"-9181704641347400902","potions_obtained":[{"floor":1,"key":"Weak Potion"},{"floor":12,"key":"Energy Potion"},{"floor":14,"key":"GhostInAJar"}],"is_trial":false,"path_per_floor":["M","?","$","?","?","R","E","R","T","M","R","M","M","M","R","B"],"character_chosen":"THE_SILENT","items_purchased":["Noxious Fumes"],"campfire_rested":1,"item_purchase_floors":[3],"current_hp_per_floor":[70,59,59,36,36,36,8,8,8,4,27,27,20,16,16,13],"gold":120,"neow_bonus":"TWENTY_PERCENT_HP_BONUS","is_prod":false,"is_daily":false,"chose_seed":false,"campfire_upgraded":3,"win_rate":0,"timestamp":1543056478,"path_taken":["M","?","$","?","?","R","E","R","T","M","R","M","?","M","R","BOSS"],"build_version":"2018-11-15","purchased_purges":0,"victory":false,"max_hp_per_floor":[78,78,78,78,78,78,78,78,78,78,78,78,78,78,78,78],"card_choices":[{"not_picked":["Heel Hook","Deadly Poison"],"picked":"All Out Attack","floor":1},{"not_picked":["Dagger Throw","Escape Plan","Setup"],"picked":"SKIP","floor":7},{"not_picked":["Outmaneuver","Quick Slash+1"],"picked":"Dagger Throw+1","floor":10},{"not_picked":["Endless Agony+1","Setup"],"picked":"Heel Hook+1","floor":12},{"not_picked":["All Out Attack+1","Setup"],"picked":"Sucker Punch+1","floor":13},{"not_picked":["Sucker Punch+1","Outmaneuver"],"picked":"Poisoned Stab+1","floor":14}],"player_experience":559829,"relics_obtained":[{"floor":7,"key":"Molten Egg 2"},{"floor":9,"key":"Bottled Flame"}],"event_choices":[{"damage_healed":0,"gold_gain":75,"player_choice":"Gather Gold","damage_taken":11,"max_hp_gain":0,"max_hp_loss":0,"event_name":"World of Goop","floor":2,"gold_loss":0},{"damage_healed":0,"gold_gain":0,"player_choice":"Entered Light","damage_taken":23,"max_hp_gain":0,"max_hp_loss":0,"event_name":"Shining Light","floor":4,"gold_loss":0,"cards_upgraded":["Strike_G","Strike_G"]},{"damage_healed":0,"gold_gain":0,"player_choice":"Rummage","damage_taken":0,"relics_obtained":["WarpedTongs"],"max_hp_gain":0,"max_hp_loss":0,"event_name":"Accursed Blacksmith","floor":5,"gold_loss":0,"cards_obtained":["Pain"]}],"is_beta":true,"boss_relics":[],"items_purged_floors":[],"is_endless":false,"potions_floor_spawned":[1,12,14],"killed_by":"Slime Boss","ascension_level":20}