{"gold_per_floor":[119,119,131,146,166,195,195,226,226,226,245,255,255,268,268,366,366,366,116,41,41,41,41,41,41,41,41,41,41,41,41,41,41,41,41,41,41,41,41,41,41,41,41,41,41,41],"floor_reached":46,"playtime":3145,"items_purged":["Strike_R"],"score":444,"play_id":"5f932eec-83ad-4706-a3ff-fab96c2b4832","local_time":"20190809001059","is_ascension_mode":false,"campfire_choices":[{"floor":7,"key":"REST"},{"floor":10,"key":"REST"},{"floor":15,"key":"REST"},{"floor":23,"key":"REST"},{"data":"Demon Form","floor":25,"key":"SMITH"},{"floor":32,"key":"REST"},{"data":"Demon Form","floor":40,"key":"SMITH"},{"data":"True Grit","floor":44,"key":"SMITH"}],"neow_cost":"NONE","seed_source_timestamp":1500342649490500,"circlet_count":0,"master_deck":["Strike_R+1","Strike_R+1","Strike_R","Defend_R","Defend_R","Defend_R+1","Defend_R+1","Bash+1","Cleave","Flex","Twin Strike","Armaments","Pommel Strike","True Grit","Spot Weakness","Pommel Strike","Demon Form+1","Cleave","Flex","Flame Barrier","True Grit+1","Uppercut+1","Spot Weakness+1","Sword Boomerang","Demon Form+1","Twin Strike+1","Whirlwind","Flex","Sword Boomerang+1","Dual Wield+1","True Grit+1"],"relics":["Burning Blood","Bag of Preparation","Letter Opener","Ectoplasm","Blood Vial","Nloth\u0027s Gift","Potion Belt","Velvet Choker","Ornamental Fan","Happy Flower"],"potions_floor_usage":[20,42,42],"damage_taken":[{"damage":7,"enemies":"Cultist","floor":1,"turns":6},{"damage":6,"enemies":"2 Louse","floor":3,"turns":2},{"damage":2,"enemies":"Jaw Worm","floor":4,"turns":4},{"damage":10,"enemies":"Red Slaver","floor":5,"turns":4},{"damage":37,"enemies":"3 Sentries","floor":6,"turns":9},{"damage":54,"enemies":"Gremlin Nob","floor":8,"turns":6},{"damage":0,"enemies":"Large Slime","floor":11,"turns":5},{"damage":16,"enemies":"Gremlin Gang","floor":12,"turns":5},{"damage":0,"enemies":"2 Fungi Beasts","floor":14,"turns":3},{"damage":52,"enemies":"Slime Boss","floor":16,"turns":12},{"damage":8,"enemies":"Chosen","floor":18,"turns":6},{"damage":23,"enemies":"2 Thieves","floor":20,"turns":4},{"damage":27,"enemies":"Snecko","floor":21,"turns":6},{"damage":16,"enemies":"Snake Plant","floor":22,"turns":4},{"damage":11,"enemies":"Chosen and Byrds","floor":27,"turns":5},{"damage":20,"enemies":"Centurion and Healer","floor":29,"turns":6},{"damage":14,"enemies":"Sentry and Sphere","floor":30,"turns":4},{"damage":1,"enemies":"Cultist and Chosen","floor":31,"turns":6},{"damage":6,"enemies":"Champ","floor":33,"turns":8},{"damage":8,"enemies":"3 Shapes","floor":35,"turns":2},{"damage":1,"enemies":"Orb Walker","floor":36,"turns":3},{"damage":27,"enemies":"3 Darklings","floor":37,"turns":4},{"damage":8,"enemies":"Spire Growth","floor":39,"turns":4},{"damage":36,"enemies":"Maw","floor":41,"turns":7},{"damage":34,"enemies":"4 Shapes","floor":42,"turns":3},{"damage":33,"enemies":"Spire Growth","floor":45,"turns":4},{"damage":23,"enemies":"Transient","floor":46,"turns":3}],"seed_played":"340486933693716273","potions_obtained":[{"floor":4,"key":"Fruit Juice"},{"floor":6,"key":"EssenceOfSteel"},{"floor":12,"key":"EssenceOfSteel"},{"floor":14,"key":"EntropicBrew"},{"floor":29,"key":"Fire Potion"},{"floor":39,"key":"BloodPotion"},{"floor":41,"key":"Weak Potion"},{"floor":42,"key":"SpeedPotion"},{"floor":45,"key":"SteroidPotion"}],"is_trial":false,"path_per_floor":["M","?","M","M","M","E","R","E","T","R","M","M","?","M","R","B",null,"M","$","M","M","M","R","?","R","T","M","?","M","M","M","R","B",null,"M","M","M","?","M","R","M","M","T","R","M","M"],"character_chosen":"IRONCLAD","items_purchased":["Blood Vial","Flex"],"campfire_rested":5,"item_purchase_floors":[19,19],"current_hp_per_floor":[79,63,63,67,63,32,56,8,8,32,38,28,28,34,58,12,80,78,78,63,44,36,60,60,60,60,57,57,45,39,46,70,72,80,78,80,59,59,59,59,31,45,45,45,20,0],"gold":41,"neow_bonus":"REMOVE_CARD","is_prod":false,"is_daily":false,"chose_seed":false,"campfire_upgraded":3,"win_rate":0.0,"timestamp":1565302259,"path_taken":["M","?","M","M","M","E","R","E","T","R","M","M","?","?","R","BOSS","M","$","M","M","?","R","?","R","T","?","?","M","M","M","R","BOSS","M","M","M","?","M","R","M","M","T","R","M","M"],"build_version":"2019-07-17","purchased_purges":1,"victory":false,"max_hp_per_floor":[80,80,80,80,80,80,80,80,80,80,80,80,80,80,80,80,80,80,80,80,80,80,80,80,80,80,80,80,80,80,80,80,80,80,80,80,80,80,80,80,80,80,80,80,80,80],"card_choices":[{"not_picked":["Warcry","Burning Pact","Sever Soul"],"picked":"SKIP","floor":1},{"not_picked":["Thunderclap","Flex"],"picked":"Cleave","floor":3},{"not_picked":["Thunderclap","Clothesline"],"picked":"Flex","floor":4},{"not_picked":["Thunderclap","Infernal Blade"],"picked":"Twin Strike","floor":5},{"not_picked":["Infernal Blade","Sever Soul"],"picked":"Armaments","floor":6},{"not_picked":["Berserk","Thunderclap"],"picked":"Pommel Strike","floor":8},{"not_picked":["Clothesline","Evolve"],"picked":"True Grit","floor":11},{"not_picked":["Thunderclap","Iron Wave"],"picked":"Spot Weakness","floor":12},{"not_picked":["Perfected Strike","Cleave"],"picked":"Pommel Strike","floor":14},{"not_picked":["Bludgeon","Immolate"],"picked":"Demon Form","floor":16},{"not_picked":["Rupture","Thunderclap"],"picked":"Cleave","floor":18},{"not_picked":["Heavy Blade+1","Sword Boomerang"],"picked":"Flame Barrier","floor":20},{"not_picked":["Second Wind+1","Disarm"],"picked":"True Grit","floor":21},{"not_picked":["Wild Strike","Bludgeon","Clash+1"],"picked":"SKIP","floor":22},{"not_picked":["Ghostly Armor","Pummel"],"picked":"Uppercut+1","floor":27},{"not_picked":["Clothesline","Dropkick","Body Slam"],"picked":"SKIP","floor":29},{"not_picked":["Warcry","Perfected Strike"],"picked":"Spot Weakness+1","floor":30},{"not_picked":["Sever Soul","Pummel"],"picked":"Sword Boomerang","floor":31},{"not_picked":["Barricade","Dark Embrace"],"picked":"Demon Form","floor":33},{"not_picked":["Fire Breathing+1","Headbutt+1"],"picked":"Twin Strike+1","floor":35},{"not_picked":["Burning Pact","Anger+1"],"picked":"Whirlwind","floor":36},{"not_picked":["Reckless Charge","Wild Strike+1"],"picked":"Flex","floor":37},{"not_picked":["Dropkick+1","Blood for Blood","Pummel+1"],"picked":"SKIP","floor":39},{"not_picked":["Burning Pact+1","Pummel"],"picked":"Sword Boomerang+1","floor":41},{"not_picked":["Heavy Blade+1","Searing Blow+1"],"picked":"Dual Wield+1","floor":42},{"not_picked":["Perfected Strike+1","Demon Form"],"picked":"True Grit+1","floor":45}],"player_experience":303808,"relics_obtained":[{"floor":6,"key":"War Paint"},{"floor":8,"key":"Bag of Preparation"},{"floor":9,"key":"Letter Opener"},{"floor":26,"key":"Potion Belt"},{"floor":38,"key":"Ornamental Fan"},{"floor":43,"key":"Happy Flower"}],"event_choices":[{"damage_healed":0,"gold_gain":0,"player_choice":"Entered Light","damage_taken":16,"max_hp_gain":0,"max_hp_loss":0,"event_name":"Shining Light","floor":2,"gold_loss":0,"cards_upgraded":["Strike_R","Strike_R"]},{"damage_healed":0,"gold_gain":0,"player_choice":"Forge","damage_taken":0,"max_hp_gain":0,"max_hp_loss":0,"event_name":"Accursed Blacksmith","floor":13,"gold_loss":0,"cards_upgraded":["Bash"]},{"damage_healed":0,"gold_gain":0,"player_choice":"Traded Relic","damage_taken":0,"relics_obtained":["Nloth\u0027s Gift"],"max_hp_gain":0,"max_hp_loss":0,"event_name":"N\u0027loth","floor":24,"relics_lost":["War Paint"],"gold_loss":0},{"damage_healed":0,"gold_gain":0,"player_choice":"Ignored","damage_taken":0,"max_hp_gain":0,"max_hp_loss":0,"event_name":"Vampires","floor":28,"gold_loss":0},{"damage_healed":0,"gold_gain":0,"player_choice":"Relic","damage_taken":0,"max_hp_gain":0,"max_hp_loss":0,"event_name":"Wheel of Change","floor":38,"gold_loss":0}],"is_beta":false,"boss_relics":[{"not_picked":["Astrolabe","Philosopher\u0027s Stone"],"picked":"Ectoplasm"},{"not_picked":["Coffee Dripper","Calling Bell"],"picked":"Velvet Choker"}],"items_purged_floors":[19],"is_endless":false,"potions_floor_spawned":[4,6,12,14,21,22,29,39,41,42,45],"killed_by":"Transient","ascension_level":0}