{"gold_per_floor":[361,377,389,349,329,329,341,341,341,341,361,361,25,56,56,133,133,146,63,63,63,78,78,94,94,94,119,131,151,161,193,193,267,267,277,29,29,29,0,35,35,368,368,381,411,411,427,447,447,447,447,447,447,35,61,61],"floor_reached":57,"playtime":4856,"items_purged":["Zap"],"score":2785,"play_id":"066afd74-742c-428e-af73-3761ef5d4d3c","local_time":"20190413140414","is_ascension_mode":true,"campfire_choices":[{"data":"Beam Cell","floor":6.0,"key":"SMITH"},{"data":"Hologram","floor":8.0,"key":"SMITH"},{"data":"Dualcast","floor":10.0,"key":"SMITH"},{"data":"Blizzard","floor":12.0,"key":"SMITH"},{"data":"Chaos","floor":15.0,"key":"SMITH"},{"floor":23.0,"key":"REST"},{"data":"Chill","floor":25.0,"key":"SMITH"},{"data":"Turbo","floor":32.0,"key":"SMITH"},{"data":"Enlightenment","floor":41.0,"key":"SMITH"},{"data":"Heatsinks","floor":46.0,"key":"SMITH"},{"floor":49.0,"key":"RECALL"},{"data":"Discovery","floor":53.0,"key":"SMITH"}],"neow_cost":"PERCENT_DAMAGE","seed_source_timestamp":1441418140516,"circlet_count":0,"master_deck":["AscendersBane","Dualcast+1","Glacier","Genetic Algorithm","Beam Cell+1","Hologram+1","Blizzard+1","Chaos+1","Meteor Strike","Cold Snap+1","Chill+1","Glacier","Skim+1","Electrodynamics","Sunder+1","Turbo+1","Capacitor","Creative AI","Conserve Battery","Machine Learning","Heatsinks+1","Amplify","Reinforced Body","Defragment","Glacier","Enlightenment+1","Discovery+1","Consume+1","Redo+1","Reboot+1"],"special_seed":0,"relics":["Cracked Core","Turnip","Pocketwatch","Unceasing Top","Empty Cage","Pear","Juzu Bracelet","Blood Vial","Pandora\u0027s Box","Red Mask","Toxic Egg 2","Old Coin","Orichalcum","Happy Flower","Nunchaku"],"potions_floor_usage":[56,56,56],"damage_taken":[{"damage":0.0,"enemies":"2 Louse","floor":1.0,"turns":2.0},{"damage":0.0,"enemies":"Cultist","floor":2.0,"turns":3.0},{"damage":1.0,"enemies":"Small Slimes","floor":3.0,"turns":4.0},{"damage":5.0,"enemies":"Looter","floor":4.0,"turns":4.0},{"damage":4.0,"enemies":"Exordium Thugs","floor":7.0,"turns":4.0},{"damage":0.0,"enemies":"2 Fungi Beasts","floor":11.0,"turns":3.0},{"damage":16.0,"enemies":"3 Sentries","floor":14.0,"turns":9.0},{"damage":19.0,"enemies":"Slime Boss","floor":16.0,"turns":7.0},{"damage":36.0,"enemies":"2 Thieves","floor":18.0,"turns":5.0},{"damage":0.0,"enemies":"Spheric Guardian","floor":22.0,"turns":4.0},{"damage":8.0,"enemies":"Centurion and Healer","floor":24.0,"turns":6.0},{"damage":4.0,"enemies":"Book of Stabbing","floor":27.0,"turns":4.0},{"damage":0.0,"enemies":"Sentry and Sphere","floor":28.0,"turns":4.0},{"damage":0.0,"enemies":"Snecko","floor":29.0,"turns":4.0},{"damage":0.0,"enemies":"Snake Plant","floor":30.0,"turns":5.0},{"damage":11.0,"enemies":"Slavers","floor":31.0,"turns":5.0},{"damage":14.0,"enemies":"Champ","floor":33.0,"turns":10.0},{"damage":11.0,"enemies":"Orb Walker","floor":35.0,"turns":5.0},{"damage":23.0,"enemies":"Reptomancer","floor":40.0,"turns":6.0},{"damage":5.0,"enemies":"Nemesis","floor":42.0,"turns":5.0},{"damage":0.0,"enemies":"3 Shapes","floor":44.0,"turns":4.0},{"damage":7.0,"enemies":"Giant Head","floor":45.0,"turns":6.0},{"damage":10.0,"enemies":"3 Darklings","floor":47.0,"turns":5.0},{"damage":5.0,"enemies":"Jaw Worm Horde","floor":48.0,"turns":2.0},{"damage":7.0,"enemies":"Time Eater","floor":50.0,"turns":18.0},{"damage":19.0,"enemies":"Awakened One","floor":51.0,"turns":8.0},{"damage":30.0,"enemies":"Shield and Spear","floor":55.0,"turns":7.0},{"damage":35,"enemies":"The Heart","floor":56,"turns":9}],"seed_played":"-6606408425301003821","potions_obtained":[{"floor":1.0,"key":"PowerPotion"},{"floor":3.0,"key":"SteroidPotion"},{"floor":5.0,"key":"Explosive Potion"},{"floor":14.0,"key":"AttackPotion"},{"floor":18.0,"key":"Block Potion"},{"floor":22.0,"key":"Poison Potion"},{"floor":29.0,"key":"Explosive Potion"},{"floor":30.0,"key":"Block Potion"},{"floor":31.0,"key":"EssenceOfSteel"},{"floor":42.0,"key":"FairyPotion"}],"is_trial":false,"path_per_floor":["M","M","M","M","?","R","M","R","T","R","M","R","$","E","R","B",null,"M","$","?","?","M","R","M","R","T","E","M","M","M","E","R","B",null,"M","$","?","?","?","E","R","E","T","M","E","R","M","M","R","B","B",null,"R","$","E","B",null],"character_chosen":"DEFECT","items_purchased":["Pocketwatch","Chill","Defragment","Glacier","FocusPotion","PowerPotion","EntropicBrew","Happy Flower"],"campfire_rested":1,"item_purchase_floors":[13,19,36,36,36,54,54,54],"current_hp_per_floor":[46,46,45,40,40,40,36,36,36,36,36,36,36,20,20,1,54,18,18,18,18,18,39,31,31,41,37,37,37,37,26,26,14,64,55,55,50,50,50,29,29,26,26,28,23,23,15,12,12,7,8,63,63,63,35,2],"gold":61,"neow_bonus":"TWO_FIFTY_GOLD","is_prod":false,"is_daily":false,"chose_seed":false,"campfire_upgraded":10,"win_rate":0,"timestamp":1555135454,"path_taken":["M","M","M","M","?","R","M","R","T","R","?","R","$","E","R","BOSS","M","$","?","?","?","R","M","R","T","E","M","M","M","E","R","BOSS","M","$","?","?","?","E","R","E","T","M","E","R","M","M","R","BOSS","BOSS","R","$","E","BOSS"],"build_version":"2019-01-23","purchased_purges":1,"victory":true,"max_hp_per_floor":[71,71,71,71,71,71,71,71,71,71,71,71,71,71,71,71,71,71,71,71,71,71,71,71,71,81,81,81,81,81,81,81,81,81,81,81,81,81,81,81,81,81,81,81,81,81,81,81,81,81,81,81,81,81,81,81],"card_choices":[{"not_picked":["Hologram","Stack"],"picked":"Glacier","floor":1.0},{"not_picked":["Stack","Compile Driver","Barrage"],"picked":"SKIP","floor":2.0},{"not_picked":["Stack","Compile Driver","Barrage"],"picked":"SKIP","floor":2.0},{"not_picked":["Static Discharge","Stack"],"picked":"Genetic Algorithm","floor":3.0},{"not_picked":["Coolheaded","Compile Driver"],"picked":"Beam Cell","floor":4.0},{"not_picked":["Conserve Battery","Gash"],"picked":"Hologram","floor":7.0},{"not_picked":["Sweeping Beam","Leap"],"picked":"Blizzard","floor":11.0},{"not_picked":["Auto Shields","Steam"],"picked":"Chaos","floor":14.0},{"not_picked":["Creative AI","Core Surge"],"picked":"Meteor Strike","floor":16.0},{"not_picked":["Ball Lightning","Auto Shields"],"picked":"Cold Snap+1","floor":18.0},{"not_picked":["Gash","BootSequence"],"picked":"Skim+1","floor":22.0},{"not_picked":["Leap","Go for the Eyes"],"picked":"Electrodynamics","floor":24.0},{"not_picked":["Redo","Cold Snap+1"],"picked":"Sunder+1","floor":27.0},{"not_picked":["Stack","Conserve Battery"],"picked":"Turbo","floor":28.0},{"not_picked":["Hello World","Stack","Steam Power"],"picked":"SKIP","floor":29.0},{"not_picked":["Scrape","Turbo"],"picked":"Capacitor","floor":30.0},{"not_picked":["Blizzard","Turbo","Hologram"],"picked":"SKIP","floor":31.0},{"not_picked":["Meteor Strike","Electrodynamics"],"picked":"Creative AI","floor":33.0},{"not_picked":["Aggregate","Leap","Gash"],"picked":"SKIP","floor":35.0},{"not_picked":["Sadistic Nature","Purity"],"picked":"Enlightenment","floor":37.0},{"not_picked":["The Bomb","Good Instincts"],"picked":"Discovery","floor":37.0},{"not_picked":["Reinforced Body","Static Discharge","Hello World"],"picked":"SKIP","floor":40.0},{"not_picked":["Reinforced Body","Static Discharge","Hello World"],"picked":"SKIP","floor":40.0},{"not_picked":["Sunder","Gash","Reinforced Body+1"],"picked":"SKIP","floor":42.0},{"not_picked":["Sweeping Beam+1","Turbo+1","Gash"],"picked":"SKIP","floor":44.0},{"not_picked":["Machine Learning","Streamline"],"picked":"Consume+1","floor":45.0},{"not_picked":["Leap+1","Turbo+1","Barrage"],"picked":"SKIP","floor":47.0},{"not_picked":["Ball Lightning","Beam Cell"],"picked":"Redo+1","floor":48.0},{"not_picked":["Static Discharge","Rebound"],"picked":"Reboot+1","floor":55.0}],"player_experience":933892,"relics_obtained":[{"floor":9.0,"key":"Turnip"},{"floor":14.0,"key":"Unceasing Top"},{"floor":26.0,"key":"Pear"},{"floor":27.0,"key":"Juzu Bracelet"},{"floor":31.0,"key":"Blood Vial"},{"floor":40.0,"key":"Toxic Egg 2"},{"floor":42.0,"key":"Old Coin"},{"floor":45.0,"key":"Orichalcum"},{"floor":55.0,"key":"Nunchaku"}],"event_choices":[{"damage_healed":0.0,"max_hp_gain":0.0,"max_hp_loss":0.0,"gold_gain":0.0,"event_name":"The Woman in Blue","player_choice":"Bought 1 Potion","floor":5.0,"gold_loss":0.0,"damage_taken":0.0},{"damage_healed":0.0,"max_hp_gain":0.0,"max_hp_loss":0.0,"gold_gain":0.0,"event_name":"Duplicator","player_choice":"Copied","floor":21.0,"gold_loss":0.0,"damage_taken":0.0,"cards_obtained":["Glacier"]},{"damage_healed":0.0,"max_hp_gain":0.0,"max_hp_loss":0.0,"gold_gain":0.0,"event_name":"SensoryStone","player_choice":"Memory 2","floor":37.0,"gold_loss":0.0,"damage_taken":5.0},{"cards_removed":["Sweeping Beam"],"damage_healed":0.0,"max_hp_gain":0.0,"max_hp_loss":0.0,"gold_gain":0.0,"event_name":"Falling","player_choice":"Removed Attack","floor":38.0,"gold_loss":0.0,"damage_taken":0.0},{"damage_healed":0.0,"max_hp_gain":0.0,"max_hp_loss":0.0,"gold_gain":0.0,"event_name":"Tomb of Lord Red Mask","player_choice":"Paid","floor":39.0,"gold_loss":29.0,"damage_taken":0.0,"relics_obtained":["Red Mask"]}],"is_beta":false,"boss_relics":[{"not_picked":["White Beast Statue","Inserter"],"picked":"Empty Cage"},{"not_picked":["Lizard Tail","Sozu"],"picked":"Pandora\u0027s Box"}],"items_purged_floors":[54],"is_endless":false,"potions_floor_spawned":[1,3,14,18,22,29,30,31,42,47,48,55],"ascension_level":20}