{"gold_per_floor":[114,130,130,149,149,176,176,194,249,249,147,147,94,59,59,136,136,154,78,98,98,98],"floor_reached":22,"playtime":625,"items_purged":["Strike_B"],"score":364,"play_id":"6b446faa-2af8-431e-913d-1dc9576229fa","local_time":"20181125144248","is_ascension_mode":true,"campfire_choices":[{"floor":7.0,"key":"REST"},{"data":"Chaos","floor":10.0,"key":"SMITH"},{"data":"Rainbow","floor":15.0,"key":"SMITH"}],"neow_cost":"TEN_PERCENT_HP_LOSS","seed_source_timestamp":15661264152717,"circlet_count":0,"master_deck":["AscendersBane","Strike_B","Strike_B","Strike_B","Defend_B","Defend_B","Defend_B","Defend_B","Zap","Dualcast","Rainbow+1","Chaos+1","Loop","Undo","Compile Driver","Leap","Electrodynamics","Turbo","Static Discharge","Consume+1","Decay"],"special_seed":0,"relics":["Cracked Core","CultistMask","The Courier","Strawberry","Vajra","Velvet Choker"],"potions_floor_usage":[16,20],"damage_taken":[{"damage":4.0,"enemies":"Cultist","floor":1.0,"turns":3.0},{"damage":2.0,"enemies":"2 Louse","floor":2.0,"turns":3.0},{"damage":10.0,"enemies":"Jaw Worm","floor":4.0,"turns":5.0},{"damage":40.0,"enemies":"Gremlin Nob","floor":6.0,"turns":4.0},{"damage":12.0,"enemies":"Large Slime","floor":8.0,"turns":5.0},{"damage":24,"enemies":"Slime Boss","floor":16,"turns":5},{"damage":21,"enemies":"2 Thieves","floor":18,"turns":4},{"damage":21,"enemies":"Chosen","floor":20,"turns":5},{"damage":15,"enemies":"Sentry and Sphere","floor":22,"turns":3}],"seed_played":"-6807927670581592466","potions_obtained":[{"floor":4.0,"key":"Poison Potion"},{"floor":6.0,"key":"SteroidPotion"},{"floor":8.0,"key":"Poison Potion"},{"floor":16,"key":"Strength Potion"}],"is_trial":false,"path_per_floor":["M","M","?","M","?","E","R","M","T","R","$","?","?","?","R","B",null,"M","$","M","?","M"],"character_chosen":"DEFECT","items_purchased":["Leap","Block Potion","Static Discharge"],"campfire_rested":1,"item_purchase_floors":[11,19,19],"current_hp_per_floor":[60,58,58,48,48,8,27,15,22,22,22,22,22,39,39,15,57,36,36,15,15,0],"gold":98,"neow_bonus":"THREE_RARE_CARDS","is_prod":false,"is_daily":false,"chose_seed":false,"campfire_upgraded":2,"win_rate":0,"timestamp":1543128168,"path_taken":["M","M","?","?","?","E","R","M","T","R","$","?","?","?","R","BOSS","M","$","M","?","M"],"build_version":"2018-11-15","purchased_purges":1,"victory":false,"max_hp_per_floor":[64,64,64,64,64,64,64,64,71,71,71,71,71,71,71,71,71,71,71,71,71,71],"card_choices":[{"not_picked":["Fission","Creative AI"],"picked":"Rainbow","floor":0.0},{"not_picked":["Conserve Battery","Chill"],"picked":"Chaos","floor":1.0},{"not_picked":["FTL","Double Energy"],"picked":"Loop","floor":2.0},{"not_picked":["Genetic Algorithm","Compile Driver"],"picked":"Undo","floor":4.0},{"not_picked":["Hologram","Sweeping Beam"],"picked":"Compile Driver","floor":6.0},{"not_picked":["Fusion","Chaos","Genetic Algorithm"],"picked":"SKIP","floor":8.0},{"not_picked":["Biased Cognition","Echo Form"],"picked":"Electrodynamics","floor":16},{"not_picked":["Compile Driver","Skim"],"picked":"Turbo","floor":18},{"not_picked":["Stack","Rebound"],"picked":"Consume+1","floor":20}],"player_experience":571841,"relics_obtained":[{"floor":6.0,"key":"The Courier"},{"floor":9.0,"key":"Strawberry"}],"event_choices":[{"damage_healed":0.0,"max_hp_gain":0.0,"max_hp_loss":0.0,"gold_gain":0.0,"event_name":"FaceTrader","player_choice":"Trade","floor":3.0,"gold_loss":0.0,"damage_taken":0.0,"relics_obtained":["CultistMask"]},{"damage_healed":0.0,"max_hp_gain":0.0,"max_hp_loss":0.0,"gold_gain":0.0,"event_name":"Shining Light","player_choice":"Ignored","floor":5.0,"gold_loss":0.0,"damage_taken":0.0},{"damage_healed":0.0,"max_hp_gain":0.0,"max_hp_loss":0.0,"gold_gain":0.0,"event_name":"Dead Adventurer","player_choice":"Searched \u00271\u0027 times","floor":12.0,"gold_loss":0.0,"damage_taken":0.0,"relics_obtained":["Vajra"]},{"damage_healed":0.0,"max_hp_gain":0.0,"max_hp_loss":0.0,"gold_gain":0.0,"event_name":"World of Goop","player_choice":"Left Gold","floor":13.0,"gold_loss":53.0,"damage_taken":0.0},{"damage_healed":17.0,"max_hp_gain":0.0,"max_hp_loss":0.0,"gold_gain":0.0,"event_name":"The Cleric","player_choice":"Healed","floor":14.0,"gold_loss":35.0,"damage_taken":0.0},{"damage_healed":0,"gold_gain":0,"player_choice":"Smashed Altar","damage_taken":0,"max_hp_gain":0,"max_hp_loss":0,"event_name":"Forgotten Altar","floor":21,"gold_loss":0,"cards_obtained":["Decay"]}],"is_beta":true,"boss_relics":[{"not_picked":["Snecko Eye","Orrery"],"picked":"Velvet Choker"}],"items_purged_floors":[11],"is_endless":false,"potions_floor_spawned":[4,6,8,16],"killed_by":"Sentry and Sphere","ascension_level":20}