{"gold_per_floor":[119,119,119,137,46,77,77,103,103,103,120,139,48,64,64,136,136,151,426,29,29,54,54,85,59,59,59,76,76,76,76],"floor_reached":31,"playtime":993,"items_purged":["Regret"],"score":517,"play_id":"bed20fc8-8390-4e39-a075-1c849b940615","local_time":"20180915085727","is_ascension_mode":true,"campfire_choices":[{"floor":7.0,"key":"REST"},{"data":"Zap","floor":10.0,"key":"SMITH"},{"floor":15.0,"key":"REST"},{"floor":23.0,"key":"REST"},{"floor":27.0,"key":"REST"}],"neow_cost":"NONE","seed_source_timestamp":2415291826721,"circlet_count":0,"master_deck":["Defend_B","Defend_B+1","Defend_B","Defend_B","Zap+1","Dualcast","AscendersBane","Gash+1","Streamline","Compile Driver","Reboot","Doom and Gloom","Leap","Reinforced Body","Genetic Algorithm","Undo","Ball Lightning","Hyperbeam","Static Discharge","Defragment","Pain","Gash","Barrage","Darkness","Bite","Bite","Bite","Bite","Bite"],"special_seed":0,"relics":["Philosopher\u0027s Stone","Torii","Ice Cream","Girya","Cursed Key","Runic Capacitor","Omamori","StoneCalendar"],"potions_floor_usage":[],"damage_taken":[{"damage":6.0,"enemies":"Cultist","floor":1.0,"turns":4.0},{"damage":0.0,"enemies":"2 Louse","floor":4.0,"turns":3.0},{"damage":22.0,"enemies":"3 Sentries","floor":6.0,"turns":6.0},{"damage":13.0,"enemies":"Gremlin Nob","floor":8.0,"turns":3.0},{"damage":1.0,"enemies":"Small Slimes","floor":11.0,"turns":3.0},{"damage":8.0,"enemies":"Blue Slaver","floor":12.0,"turns":3.0},{"damage":10.0,"enemies":"Looter","floor":14.0,"turns":3.0},{"damage":20.0,"enemies":"Hexaghost","floor":16.0,"turns":8.0},{"damage":18.0,"enemies":"3 Byrds","floor":18.0,"turns":3.0},{"damage":53.0,"enemies":"Slavers","floor":24.0,"turns":5.0},{"damage":5.0,"enemies":"Chosen","floor":28.0,"turns":5.0},{"damage":23,"enemies":"Snake Plant","floor":31,"turns":2}],"seed_played":"-9140148179251084944","potions_obtained":[{"floor":1.0,"key":"SteroidPotion"},{"floor":12.0,"key":"Swift Potion"}],"is_trial":false,"path_per_floor":["M","?","?","M","$","E","R","E","T","R","M","M","$","M","R","B",null,"M","?","$","$","T","R","E","$","T","R","M","$","?"],"character_chosen":"DEFECT","items_purchased":["Reboot","Undo","Runic Capacitor","Defragment","Barrage"],"campfire_rested":4,"item_purchase_floors":[5,13,20,20,25],"current_hp_per_floor":[58,58,37,37,37,15,36,23,23,23,22,14,14,4,25,5,55,37,37,37,37,37,58,5,5,5,26,21,21,21,0],"gold":76,"neow_bonus":"BOSS_RELIC","is_prod":false,"is_daily":false,"chose_seed":false,"campfire_upgraded":1,"win_rate":0,"timestamp":1536973047,"path_taken":["M","?","?","M","$","E","R","E","T","R","M","M","$","M","R","BOSS","M","?","?","$","?","R","E","$","T","R","?","$","?","M"],"build_version":"2018-09-12","purchased_purges":1,"victory":false,"max_hp_per_floor":[71,71,71,71,71,71,71,71,71,71,71,71,71,71,71,71,71,71,71,71,71,71,71,71,71,71,71,71,71,49,49],"card_choices":[{"not_picked":["Tempest","Loop"],"picked":"Gash","floor":1.0},{"not_picked":["Reprogram","Blizzard"],"picked":"Compile Driver","floor":4.0},{"not_picked":["Beam Cell","Cold Snap"],"picked":"Doom and Gloom","floor":6.0},{"not_picked":["Reboot","White Noise"],"picked":"Leap","floor":8.0},{"not_picked":["White Noise","Loop"],"picked":"Reinforced Body","floor":11.0},{"not_picked":["Streamline","Heatsinks"],"picked":"Genetic Algorithm","floor":12.0},{"not_picked":["Steam","Fusion"],"picked":"Ball Lightning","floor":14.0},{"not_picked":["Rainbow","Echo Form"],"picked":"Hyperbeam","floor":16.0},{"not_picked":["Genetic Algorithm","Blizzard"],"picked":"Static Discharge","floor":18.0},{"not_picked":["Steam","Melter"],"picked":"Gash","floor":24.0},{"not_picked":["Hello World","Double Energy"],"picked":"Darkness","floor":28.0}],"player_experience":331611,"relics_obtained":[{"floor":6.0,"key":"Torii"},{"floor":8.0,"key":"Ice Cream"},{"floor":9.0,"key":"Girya"},{"floor":22.0,"key":"Omamori"},{"floor":24.0,"key":"StoneCalendar"}],"event_choices":[{"event_name":"Transmorgrifier","player_choice":"Transform","floor":2.0,"damage_taken":0.0},{"event_name":"Shining Light","player_choice":"Entered Light","floor":3.0,"damage_taken":0.0},{"event_name":"Golden Shrine","player_choice":"Desecrate","floor":19.0,"damage_taken":0.0},{"event_name":"Vampires","player_choice":"Became a vampire","floor":30.0,"damage_taken":0.0}],"is_beta":true,"boss_relics":[{"not_picked":["Runic Dome","Ectoplasm"],"picked":"Cursed Key"}],"items_purged_floors":[20],"is_endless":false,"potions_floor_spawned":[1,12],"killed_by":"Snake Plant","ascension_level":18}