{"gold_per_floor":[15,26,26,26,46,46,65,76,76,137,137,147,43,77,77,77],"floor_reached":16,"playtime":509,"items_purged":[],"score":196,"play_id":"bcc893e7-7f72-4fd8-8e56-0a985a1caddf","local_time":"20190315191225","is_ascension_mode":true,"campfire_choices":[{"data":"Neutralize","floor":6.0,"key":"SMITH"},{"data":"Dagger Spray","floor":11.0,"key":"SMITH"},{"data":"Poisoned Stab","floor":15.0,"key":"SMITH"}],"neow_cost":"NO_GOLD","seed_source_timestamp":0,"circlet_count":0,"master_deck":["AscendersBane","Defend_G","Defend_G","Defend_G","Defend_G","Strike_G","Strike_G","Strike_G","Strike_G","Survivor","Neutralize+1","Dagger Spray+1","Catalyst","Dash","Catalyst","Poisoned Stab+1","Footwork","PiercingWail","Predator"],"special_seed":0,"relics":["Ring of the Snake","Sundial","Tiny Chest","Gambling Chip"],"potions_floor_usage":[16],"damage_taken":[{"damage":0.0,"enemies":"Small Slimes","floor":1.0,"turns":4.0},{"damage":4.0,"enemies":"Jaw Worm","floor":2.0,"turns":4.0},{"damage":0.0,"enemies":"Cultist","floor":5.0,"turns":3.0},{"damage":8.0,"enemies":"Red Slaver","floor":7.0,"turns":6.0},{"damage":6.0,"enemies":"2 Fungi Beasts","floor":8.0,"turns":4.0},{"damage":21.0,"enemies":"Gremlin Nob","floor":10.0,"turns":5.0},{"damage":0.0,"enemies":"3 Louse","floor":12.0,"turns":2.0},{"damage":14.0,"enemies":"3 Sentries","floor":14.0,"turns":10.0},{"damage":16,"enemies":"Slime Boss","floor":16,"turns":6}],"seed_played":"4131705613658294559","potions_obtained":[{"floor":2.0,"key":"Energy Potion"},{"floor":4.0,"key":"Energy Potion"},{"floor":7.0,"key":"FearPotion"},{"floor":8.0,"key":"SpeedPotion"},{"floor":14.0,"key":"FearPotion"}],"is_trial":false,"path_per_floor":["M","M","?","?","M","R","M","M","T","E","R","M","$","E","R","B"],"character_chosen":"THE_SILENT","items_purchased":["Footwork","PiercingWail"],"campfire_rested":0,"item_purchase_floors":[13,13],"current_hp_per_floor":[59,55,55,55,55,55,47,41,41,20,20,20,20,6,6,0],"gold":77,"neow_bonus":"REMOVE_TWO","is_prod":false,"is_daily":false,"chose_seed":true,"campfire_upgraded":3,"win_rate":0,"timestamp":1552648345,"path_taken":["M","M","?","?","?","R","M","M","T","E","R","M","?","E","R","BOSS"],"build_version":"2019-02-06","purchased_purges":0,"victory":false,"max_hp_per_floor":[66,66,66,66,66,66,66,66,66,66,66,66,66,66,66,66],"card_choices":[{"not_picked":["Deflect","Endless Agony"],"picked":"Dagger Spray","floor":1.0},{"not_picked":["Dagger Spray","Flying Knee","Backflip"],"picked":"SKIP","floor":2.0},{"not_picked":["Sucker Punch","Endless Agony"],"picked":"Catalyst","floor":5.0},{"not_picked":["Blade Dance","Bullet Time"],"picked":"Dash","floor":7.0},{"not_picked":["Eviscerate","Slice","Sucker Punch"],"picked":"SKIP","floor":8.0},{"not_picked":["Quick Slash","Tools of the Trade"],"picked":"Catalyst","floor":10.0},{"not_picked":["Heel Hook","Slice"],"picked":"Poisoned Stab","floor":12.0},{"not_picked":["Tactician","Sucker Punch"],"picked":"Predator","floor":14.0}],"player_experience":855947,"relics_obtained":[{"floor":9.0,"key":"Sundial"},{"floor":10.0,"key":"Tiny Chest"},{"floor":14.0,"key":"Gambling Chip"}],"event_choices":[{"damage_healed":0.0,"max_hp_gain":0.0,"max_hp_loss":0.0,"gold_gain":0.0,"event_name":"The Cleric","player_choice":"Leave","floor":3.0,"gold_loss":0.0,"damage_taken":0.0},{"damage_healed":0.0,"max_hp_gain":0.0,"max_hp_loss":0.0,"gold_gain":0.0,"event_name":"Lab","player_choice":"Got Potions","floor":4.0,"gold_loss":0.0,"damage_taken":0.0}],"is_beta":true,"boss_relics":[],"items_purged_floors":[],"is_endless":false,"potions_floor_spawned":[2,7,8,14],"killed_by":"Slime Boss","ascension_level":15}