{"gold_per_floor":[17,92,92,92,109,109,58,58,58,73,99,111,128,128],"floor_reached":14,"playtime":262,"items_purged":[],"score":180,"play_id":"ec19e6f3-d319-4d94-b1f8-8247b178f116","local_time":"20190430184300","is_ascension_mode":true,"campfire_choices":[{"data":"Self Repair","floor":6,"key":"SMITH"},{"data":"Beam Cell","floor":8,"key":"SMITH"}],"neow_cost":"NO_GOLD","seed_source_timestamp":1031520465387,"circlet_count":0,"master_deck":["AscendersBane","Strike_B","Strike_B","Strike_B","Strike_B","Defend_B+1","Defend_B+1","Defend_B","Defend_B","Zap","Dualcast","Skim","Self Repair+1","Beam Cell+1","Streamline","Turbo","Chaos"],"relics":["Cracked Core","Unceasing Top","Art of War","Gremlin Horn"],"potions_floor_usage":[11,13],"damage_taken":[{"damage":7,"enemies":"Cultist","floor":1,"turns":4},{"damage":8,"enemies":"2 Louse","floor":5,"turns":3},{"damage":4,"enemies":"Small Slimes","floor":10,"turns":3},{"damage":20,"enemies":"Gremlin Nob","floor":11,"turns":4},{"damage":8,"enemies":"Blue Slaver","floor":12,"turns":4},{"damage":11,"enemies":"Red Slaver","floor":13,"turns":4},{"damage":0,"enemies":"Gremlin Gang","floor":14,"turns":1}],"seed_played":"7904645434201176409","potions_obtained":[{"floor":5,"key":"Block Potion"},{"floor":10,"key":"Energy Potion"},{"floor":12,"key":"Block Potion"}],"is_trial":false,"path_per_floor":["M","?","?","?","M","R","$","R","T","M","E","M","M","M"],"character_chosen":"DEFECT","items_purchased":["Beam Cell"],"campfire_rested":0,"item_purchase_floors":[7],"current_hp_per_floor":[57,46,25,25,17,17,17,17,17,23,13,15,14,14],"gold":128,"neow_bonus":"ONE_RARE_RELIC","is_prod":false,"is_daily":false,"chose_seed":false,"campfire_upgraded":2,"win_rate":0,"timestamp":1556620980,"path_taken":["M","?","?","?","M","R","?","R","T","M","E","?","M","?"],"build_version":"2019-01-23","purchased_purges":0,"victory":false,"max_hp_per_floor":[71,71,71,71,71,71,71,71,71,71,71,71,71,71],"card_choices":[{"not_picked":["Compile Driver","Consume"],"picked":"Skim","floor":1},{"not_picked":["Streamline","Leap"],"picked":"Self Repair","floor":5},{"not_picked":["FTL","Skim"],"picked":"Streamline","floor":10},{"not_picked":["Rip and Tear","Compile Driver"],"picked":"Turbo","floor":11},{"not_picked":["Compile Driver","Reprogram"],"picked":"Chaos","floor":12},{"not_picked":["Double Energy","FTL","Loop"],"picked":"SKIP","floor":13}],"player_experience":962870,"relics_obtained":[{"floor":9,"key":"Art of War"},{"floor":11,"key":"Gremlin Horn"}],"event_choices":[{"damage_healed":0,"gold_gain":75,"player_choice":"Gather Gold","damage_taken":11,"max_hp_gain":0,"max_hp_loss":0,"event_name":"World of Goop","floor":2,"gold_loss":0},{"damage_healed":0,"gold_gain":0,"player_choice":"Entered Light","damage_taken":21,"max_hp_gain":0,"max_hp_loss":0,"event_name":"Shining Light","floor":3,"gold_loss":0,"cards_upgraded":["Defend_B","Defend_B"]},{"damage_healed":0,"gold_gain":0,"player_choice":"Fled","damage_taken":0,"max_hp_gain":0,"max_hp_loss":0,"event_name":"Scrap Ooze","floor":4,"gold_loss":0}],"is_beta":false,"boss_relics":[],"items_purged_floors":[],"is_endless":false,"potions_floor_spawned":[5,10,12],"killed_by":"Gremlin Gang","ascension_level":20}