{"gold_per_floor":[114,39,50,65,12,12,39,39,62,62,75,130,55,55,55,154,154,170,220,220,236,236,236,271,271,271,271,285,285,1,25,25,25],"floor_reached":33,"playtime":857,"items_purged":["Strike_B","Defend_B"],"score":522,"play_id":"a1475fb0-aee6-464e-9954-8520ae75af6e","local_time":"20181104175931","is_ascension_mode":true,"campfire_choices":[{"data":"Beam Cell","floor":6.0,"key":"SMITH"},{"data":"Zap","floor":8.0,"key":"SMITH"},{"data":"Hologram","floor":10.0,"key":"SMITH"},{"data":"Streamline","floor":15.0,"key":"SMITH"},{"data":"Reboot","floor":23.0,"key":"SMITH"},{"floor":25.0,"key":"REST"},{"data":"Self Repair","floor":27.0,"key":"SMITH"},{"data":"Buffer","floor":29.0,"key":"SMITH"},{"floor":32.0,"key":"REST"}],"neow_cost":"NONE","seed_source_timestamp":23676757088321,"circlet_count":0,"master_deck":["AscendersBane","Strike_B+1","Strike_B+1","Defend_B","Defend_B","Defend_B","Zap+1","Dualcast","Hologram+1","Ball Lightning","Doom and Gloom","Beam Cell+1","Self Repair+1","Streamline+1","Reboot+1","Cold Snap","Auto Shields","Capacitor","Buffer+1","Impatience"],"special_seed":0,"relics":["Cracked Core","Anchor","Whetstone","PreservedInsect","Golden Idol","Cursed Key","FaceOfCleric","Mercury Hourglass"],"potions_floor_usage":[33,33],"damage_taken":[{"damage":2.0,"enemies":"Jaw Worm","floor":1.0,"turns":3.0},{"damage":10.0,"enemies":"Small Slimes","floor":3.0,"turns":3.0},{"damage":0.0,"enemies":"2 Louse","floor":4.0,"turns":3.0},{"damage":17.0,"enemies":"Lagavulin","floor":7.0,"turns":4.0},{"damage":3.0,"enemies":"Blue Slaver","floor":11.0,"turns":3.0},{"damage":24.0,"enemies":"Hexaghost","floor":16.0,"turns":7.0},{"damage":8.0,"enemies":"Chosen","floor":18.0,"turns":4.0},{"damage":18.0,"enemies":"2 Thieves","floor":21.0,"turns":3.0},{"damage":24.0,"enemies":"Slavers","floor":24.0,"turns":3.0},{"damage":0.0,"enemies":"Centurion and Healer","floor":28.0,"turns":3.0},{"damage":12.0,"enemies":"Sentry and Sphere","floor":31.0,"turns":4.0},{"damage":57,"enemies":"Collector","floor":33,"turns":8}],"seed_played":"-8568164309608945921","potions_obtained":[{"floor":3.0,"key":"SpeedPotion"},{"floor":4.0,"key":"Weak Potion"},{"floor":11.0,"key":"GamblersBrew"},{"floor":24.0,"key":"Swift Potion"}],"is_trial":false,"path_per_floor":["M","?","M","M","$","R","E","R","T","R","M","?","$","?","R","B",null,"M","?","?","M","?","R","E","R","T","R","M","R","$","M","R","B"],"character_chosen":"DEFECT","items_purchased":["Beam Cell","FocusPotion","Impatience"],"campfire_rested":2,"item_purchase_floors":[5,30,30],"current_hp_per_floor":[62,62,52,52,52,52,35,35,35,35,32,32,32,32,32,8,50,49,49,49,38,38,38,15,34,34,34,35,35,35,24,44,0],"gold":25,"neow_bonus":"RANDOM_COMMON_RELIC","is_prod":false,"is_daily":false,"chose_seed":false,"campfire_upgraded":7,"win_rate":0,"timestamp":1541325571,"path_taken":["M","?","M","M","$","R","E","R","T","R","M","?","?","?","R","BOSS","M","?","?","?","?","R","E","R","T","R","M","R","$","M","R","BOSS"],"build_version":"2018-11-02","purchased_purges":2,"victory":false,"max_hp_per_floor":[71,71,71,71,71,71,71,71,71,71,71,71,71,64,64,64,64,64,64,64,64,64,64,65,65,65,65,66,66,66,67,67,67],"card_choices":[{"not_picked":["Hello World","Steam Power"],"picked":"Hologram","floor":1.0},{"not_picked":["Stack","Cold Snap"],"picked":"Ball Lightning","floor":3.0},{"not_picked":["Beam Cell","Rebound"],"picked":"Doom and Gloom","floor":4.0},{"not_picked":["Double Energy","Beam Cell"],"picked":"Self Repair","floor":7.0},{"not_picked":["Static Discharge","Leap"],"picked":"Streamline","floor":11.0},{"not_picked":["Hyperbeam","Thunder Strike"],"picked":"Reboot","floor":16.0},{"not_picked":["Rip and Tear","Gash"],"picked":"Cold Snap","floor":18.0},{"not_picked":["Scrape","Rebound"],"picked":"Auto Shields","floor":21.0},{"not_picked":["Cold Snap+1","Stack"],"picked":"Capacitor","floor":24.0},{"not_picked":["Gash","Hologram"],"picked":"Buffer","floor":28.0},{"not_picked":["FTL","Sweeping Beam","Rip and Tear"],"picked":"SKIP","floor":31.0}],"player_experience":498452,"relics_obtained":[{"floor":7.0,"key":"Whetstone"},{"floor":9.0,"key":"PreservedInsect"},{"floor":24.0,"key":"Mercury Hourglass"}],"event_choices":[{"cards_removed":["Strike_B"],"damage_healed":0.0,"max_hp_gain":0.0,"max_hp_loss":0.0,"gold_gain":0.0,"event_name":"The Cleric","player_choice":"Card Removal","floor":2.0,"gold_loss":75.0,"damage_taken":0.0},{"damage_healed":0.0,"max_hp_gain":0.0,"max_hp_loss":0.0,"gold_gain":55.0,"event_name":"Golden Wing","player_choice":"Gained Gold","floor":12.0,"gold_loss":0.0,"damage_taken":0.0},{"damage_healed":0.0,"max_hp_gain":0.0,"max_hp_loss":7.0,"gold_gain":0.0,"event_name":"Golden Idol","player_choice":"Lose Max HP","floor":14.0,"gold_loss":0.0,"damage_taken":0.0,"relics_obtained":["Golden Idol"]},{"damage_healed":0.0,"max_hp_gain":0.0,"max_hp_loss":0.0,"gold_gain":50.0,"event_name":"Nest","player_choice":"Stole From Cult","floor":19.0,"gold_loss":0.0,"damage_taken":0.0},{"damage_healed":0.0,"max_hp_gain":0.0,"max_hp_loss":0.0,"gold_gain":0.0,"event_name":"Match and Keep!","player_choice":"0 cards matched","floor":20.0,"gold_loss":0.0,"damage_taken":0.0,"cards_obtained":[]},{"damage_healed":0.0,"max_hp_gain":0.0,"max_hp_loss":0.0,"gold_gain":0.0,"event_name":"FaceTrader","player_choice":"Trade","floor":22.0,"gold_loss":0.0,"damage_taken":0.0,"relics_obtained":["FaceOfCleric"]}],"is_beta":true,"boss_relics":[{"not_picked":["Ectoplasm","Busted Crown"],"picked":"Cursed Key"}],"items_purged_floors":[13,30],"is_endless":false,"potions_floor_spawned":[3,4,11,24],"killed_by":"Collector","ascension_level":20}