{"gold_per_floor":[116,18,18,18,35,35,62,78,150,183,159,193,210,226,226,226],"floor_reached":16,"playtime":587,"items_purged":[],"score":192,"play_id":"44da97e2-1d51-4d7a-b62f-a2367830d668","local_time":"20181006144059","is_ascension_mode":true,"campfire_choices":[{"data":"Dualcast","floor":6.0,"key":"SMITH"},{"data":"Go for the Eyes","floor":15,"key":"SMITH"}],"neow_cost":"NONE","seed_source_timestamp":392544253671,"circlet_count":0,"master_deck":["Strike_B","Strike_B","Strike_B","Defend_B","Defend_B","Defend_B","Defend_B","Zap+1","Dualcast+1","AscendersBane","Steam Power","Ball Lightning","Conserve Battery","Cold Snap","Leap","Rebound","Go for the Eyes+1","Capacitor","Streamline"],"special_seed":0,"relics":["Cracked Core","Vajra","Singing Bowl","PreservedInsect","Meat on the Bone"],"potions_floor_usage":[],"damage_taken":[{"damage":0.0,"enemies":"Small Slimes","floor":1.0,"turns":3.0},{"damage":0.0,"enemies":"2 Louse","floor":5.0,"turns":1.0},{"damage":16.0,"enemies":"3 Sentries","floor":7.0,"turns":8.0},{"damage":0.0,"enemies":"Jaw Worm","floor":8.0,"turns":2.0},{"damage":13,"enemies":"Lagavulin","floor":10,"turns":7},{"damage":19,"enemies":"Gremlin Nob","floor":12,"turns":4},{"damage":3,"enemies":"Looter","floor":13,"turns":3},{"damage":8,"enemies":"Exordium Thugs","floor":14,"turns":4},{"damage":32,"enemies":"Slime Boss","floor":16,"turns":6}],"seed_played":"2301637783194225333","potions_obtained":[{"floor":8.0,"key":"LiquidBronze"},{"floor":10,"key":"Weak Potion"},{"floor":14,"key":"FocusPotion"}],"is_trial":false,"path_per_floor":["M","$","?","?","M","R","E","M","T","E","?","E","M","M","R"],"character_chosen":"DEFECT","items_purchased":["Ball Lightning","Conserve Battery"],"campfire_rested":0,"item_purchase_floors":[2,2],"current_hp_per_floor":[68,68,68,61,61,61,45,45,45,32,32,15,24,28,28,0],"gold":226,"neow_bonus":"UPGRADE_CARD","is_prod":false,"is_daily":false,"chose_seed":false,"campfire_upgraded":2,"win_rate":0,"timestamp":1538808059,"path_taken":["M","$","?","?","M","R","E","M","T","E","?","E","M","M","R","BOSS"],"build_version":"2018-10-04","purchased_purges":0,"victory":false,"max_hp_per_floor":[75,75,75,75,75,75,75,75,75,75,75,77,77,77,77,77],"card_choices":[{"not_picked":["Turbo","Steam"],"picked":"Steam Power","floor":1.0},{"not_picked":["Barrage","Turbo"],"picked":"Cold Snap","floor":5.0},{"not_picked":["Beam Cell","Go for the Eyes"],"picked":"Leap","floor":7.0},{"not_picked":["Hello World","Cold Snap"],"picked":"Rebound","floor":8.0},{"not_picked":["Beam Cell","Reprogram"],"picked":"Go for the Eyes","floor":10},{"not_picked":["Leap","Go for the Eyes","Blizzard"],"picked":"Singing Bowl","floor":12},{"not_picked":["Seek","Go for the Eyes"],"picked":"Capacitor","floor":13},{"not_picked":["Gash","Leap"],"picked":"Streamline","floor":14}],"player_experience":413053,"relics_obtained":[{"floor":7.0,"key":"Vajra"},{"floor":9.0,"key":"Singing Bowl"},{"floor":10,"key":"PreservedInsect"},{"floor":12,"key":"Meat on the Bone"}],"event_choices":[{"event_name":"Liars Game","player_choice":"disagreed","floor":3.0,"damage_taken":0.0},{"event_name":"Golden Wing","player_choice":"Card Removal","floor":4.0,"damage_taken":0.0},{"event_name":"World of Goop","player_choice":"Left","floor":11,"damage_taken":0}],"is_beta":true,"boss_relics":[],"items_purged_floors":[],"is_endless":false,"potions_floor_spawned":[8,10,14],"killed_by":"Slime Boss","ascension_level":12}