{"gold_per_floor":[110,128,128,403,415,445,445,478,478,478,478,496,129,109,109,208,208,224,234,234,245,245,245,256,268,268,268,268,104,104,130,130,229,279,295,164,164,175,186,186,186],"floor_reached":41,"playtime":2144,"items_purged":["Regret"],"score":738,"play_id":"7023adf9-cbc7-4145-bf3c-8a5bdc6e9826","local_time":"20180812201806","is_ascension_mode":true,"campfire_choices":[{"floor":7.0,"key":"REST"},{"floor":10.0,"key":"REST"},{"data":"White Noise","floor":15.0,"key":"SMITH"},{"floor":23.0,"key":"REST"},{"data":"Seek","floor":28,"key":"SMITH"},{"floor":30,"key":"REST"},{"data":"Hologram","floor":32,"key":"SMITH"},{"data":"Defragment","floor":40,"key":"SMITH"}],"neow_cost":"NONE","seed_source_timestamp":0,"circlet_count":0,"master_deck":["Strike_B","Strike_B","Strike_B","Strike_B","Defend_B","Defend_B","Defend_B","Defend_B","Zap","Dualcast","AscendersBane","Hologram+1","BootSequence","All For One","Jack Of All Trades","Auto Shields","Beam Cell","Seek+1","White Noise+1","Doom and Gloom+1","Defragment+1","Redo","Rebound+1","Doom and Gloom+1","Reinforced Body","Electrodynamics","Compile Driver+1","Recycle","RitualDagger+1","Stack","Barrage+1","Go for the Eyes+1","Defragment+1","Loop","Bandage Up+1","Redo","Thunder Strike+1","Stack","Reboot","Redo","Defragment+1","Ball Lightning+1"],"special_seed":0,"relics":["Philosopher\u0027s Stone","Strawberry","Nunchaku","Molten Egg 2","Runic Dome","Cables","StoneCalendar","Tiny House"],"potions_floor_usage":[25,33,41,41],"damage_taken":[{"damage":8.0,"enemies":"Cultist","floor":1.0,"turns":5.0},{"damage":4.0,"enemies":"Small Slimes","floor":2.0,"turns":3.0},{"damage":7.0,"enemies":"2 Louse","floor":5.0,"turns":3.0},{"damage":30.0,"enemies":"Lagavulin","floor":6.0,"turns":6.0},{"damage":38.0,"enemies":"Gremlin Nob","floor":8.0,"turns":5.0},{"damage":6.0,"enemies":"Red Slaver","floor":12.0,"turns":4.0},{"damage":20.0,"enemies":"Slime Boss","floor":16.0,"turns":7.0},{"damage":13.0,"enemies":"Shell Parasite","floor":18.0,"turns":5.0},{"damage":26.0,"enemies":"3 Byrds","floor":19.0,"turns":2.0},{"damage":19.0,"enemies":"Centurion and Healer","floor":21.0,"turns":5.0},{"damage":0.0,"enemies":"Snecko","floor":24.0,"turns":4.0},{"damage":13,"enemies":"Cultist and Chosen","floor":25,"turns":6},{"damage":5,"enemies":"Gremlin Leader","floor":31,"turns":5},{"damage":28,"enemies":"Champ","floor":33,"turns":8},{"damage":0,"enemies":"Flame Bruiser 1 Orb","floor":35,"turns":3},{"damage":11,"enemies":"3 Shapes","floor":38,"turns":3},{"damage":13,"enemies":"Maw","floor":39,"turns":5},{"damage":79,"enemies":"Giant Head","floor":41,"turns":7}],"seed_played":"4932839691814380978","potions_obtained":[{"floor":2.0,"key":"EntropicBrew"},{"floor":5.0,"key":"SteroidPotion"},{"floor":8.0,"key":"Swift Potion"},{"floor":14.0,"key":"EssenceOfSteel"},{"floor":24,"key":"EssenceOfSteel"},{"floor":25,"key":"FearPotion"},{"floor":31,"key":"LiquidBronze"},{"floor":34,"key":"Regen Potion"},{"floor":37,"key":"PowerPotion"},{"floor":37,"key":"PowerPotion"}],"is_trial":false,"path_per_floor":["M","M","?","?","M","E","R","E","T","R","?","M","$","?","R","B",null,"M","M","?","M","?","R","M","M","T","?","R","$","R","E","R","B",null,"M","$","?","M","M","R"],"character_chosen":"DEFECT","items_purchased":["Defragment","Redo","Rebound+1","Doom and Gloom+1","Reinforced Body","Loop","Bandage Up","Redo","Defragment"],"campfire_rested":4,"item_purchase_floors":[13,13,13,13,13,29,29,36,36],"current_hp_per_floor":[60,56,56,56,49,26,50,12,12,36,41,35,35,35,35,15,69,56,30,24,5,5,31,31,18,18,18,18,18,44,39,39,15,74,74,74,74,70,57,57,0],"gold":186,"neow_bonus":"BOSS_RELIC","is_prod":false,"is_daily":false,"chose_seed":false,"campfire_upgraded":4,"win_rate":0,"timestamp":1534076286,"path_taken":["M","M","?","?","?","E","R","E","T","R","?","M","$","?","R","BOSS","M","M","?","?","?","R","M","M","T","?","R","$","R","E","R","BOSS","M","$","?","M","M","R","E"],"build_version":"2018-08-09","purchased_purges":1,"victory":false,"max_hp_per_floor":[75,75,75,75,75,82,82,82,82,82,87,87,87,87,87,87,87,87,87,87,87,87,87,87,87,87,87,87,87,87,87,87,87,92,92,92,92,92,92,92,92],"card_choices":[{"not_picked":["Barrage","Stack"],"picked":"Hologram","floor":1.0},{"not_picked":["Barrage","Sweeping Beam"],"picked":"BootSequence","floor":2.0},{"not_picked":["Rebound","Stack"],"picked":"Beam Cell","floor":5.0},{"not_picked":["Ball Lightning","Go for the Eyes"],"picked":"Seek","floor":6.0},{"not_picked":["Redo","Recycle"],"picked":"White Noise","floor":8.0},{"not_picked":["Stack","Leap"],"picked":"Doom and Gloom+1","floor":12.0},{"not_picked":["Rainbow","Meteor Strike+1"],"picked":"Electrodynamics","floor":16.0},{"not_picked":["Undo","Reprogram"],"picked":"Compile Driver+1","floor":18.0},{"not_picked":["Reinforced Body","Steam"],"picked":"Recycle","floor":19.0},{"not_picked":["White Noise","Tempest"],"picked":"Stack","floor":21.0},{"not_picked":["Leap","Turbo"],"picked":"Barrage+1","floor":24},{"not_picked":["Barrage+1","Streamline+1"],"picked":"Go for the Eyes+1","floor":25},{"not_picked":["Barrage+1","Static Discharge"],"picked":"Redo","floor":31},{"not_picked":["All For One+1","Fission"],"picked":"Thunder Strike+1","floor":33},{"not_picked":["Compile Driver+1","Sweeping Beam+1"],"picked":"Stack","floor":34},{"not_picked":["Gash+1","Streamline+1"],"picked":"Reboot","floor":35},{"not_picked":["Reinforced Body","Heatsinks+1"],"picked":"Ball Lightning+1","floor":38},{"not_picked":["Rebound+1","Aggregate+1","Recycle"],"picked":"SKIP","floor":39}],"player_experience":232257,"relics_obtained":[{"floor":6.0,"key":"Strawberry"},{"floor":8.0,"key":"Nunchaku"},{"floor":9.0,"key":"Molten Egg 2"},{"floor":26,"key":"Cables"},{"floor":31,"key":"StoneCalendar"}],"event_choices":[{"event_name":"Match and Keep!","player_choice":"3 cards matched","floor":3.0,"damage_taken":0.0},{"event_name":"Golden Shrine","player_choice":"Desecrate","floor":4.0,"damage_taken":0.0},{"event_name":"Big Fish","player_choice":"Donut","floor":11.0,"damage_taken":0.0},{"event_name":"The Woman in Blue","player_choice":"Bought 1 Potion","floor":14.0,"damage_taken":0.0},{"event_name":"Nest","player_choice":"Joined the Cult","floor":20.0,"damage_taken":0.0},{"event_name":"Accursed Blacksmith","player_choice":"Forge","floor":22.0,"damage_taken":0.0},{"event_name":"Duplicator","player_choice":"One dupe","floor":27,"damage_taken":0},{"event_name":"The Lab","player_choice":"Got Potions","floor":37,"damage_taken":0}],"is_beta":false,"boss_relics":[{"not_picked":["Busted Crown","Nuclear Battery"],"picked":"Runic Dome"},{"not_picked":["Eternal Feather","Velvet Choker"],"picked":"Tiny House"}],"items_purged_floors":[13],"is_endless":false,"potions_floor_spawned":[2,5,8,24,25,31,39],"killed_by":"Giant Head","ascension_level":11}