{"gold_per_floor":[17,36,36,48,48,48,48,82,160,172,172,172,172,205,205,300,300,325,325,20,34,49,49,49,65,89,113,8,8,48,66,66,159,159,177,195,218,72,95,95,17,17,63,84,105,125,125,139,139,139],"floor_reached":51,"playtime":2745,"items_purged":["Strike_B"],"score":1229,"play_id":"8214657a-40c4-44b0-9438-b3749deb6eb7","local_time":"20190210170509","is_ascension_mode":true,"campfire_choices":[{"data":"Barrage","floor":6,"key":"SMITH"},{"data":"Dualcast","floor":13,"key":"SMITH"},{"data":"Ball Lightning","floor":15,"key":"SMITH"},{"data":"Buffer","floor":23,"key":"SMITH"},{"data":"Self Repair","floor":24,"key":"SMITH"},{"data":"Go for the Eyes","floor":29,"key":"SMITH"},{"data":"Tempest","floor":32,"key":"SMITH"},{"data":"Coolheaded","floor":40,"key":"SMITH"},{"data":"Electrodynamics","floor":42,"key":"SMITH"},{"data":"Hologram","floor":49,"key":"SMITH"}],"neow_cost":"NO_GOLD","seed_source_timestamp":3022385906843,"circlet_count":0,"master_deck":["AscendersBane","Strike_B","Strike_B","Defend_B","Defend_B","Defend_B","Zap+1","Dualcast+1","Reprogram","Self Repair+1","Barrage+1","Ball Lightning+1","Undo","Buffer+1","Turbo","Beam Cell+1","Core Surge","Go for the Eyes+1","Coolheaded+1","Tempest+1","Electrodynamics+1","Glacier","Hologram+1"],"relics":["Cracked Core","DataDisk","Ornamental Fan","Golden Idol","WingedGreaves","Runic Pyramid","Pantograph","Orichalcum","Oddly Smooth Stone","Cables","Busted Crown","Bronze Scales","Shuriken"],"potions_floor_usage":[27,39,50,50],"damage_taken":[{"damage":7,"enemies":"Small Slimes","floor":1,"turns":4},{"damage":9,"enemies":"Jaw Worm","floor":2,"turns":3},{"damage":1,"enemies":"Cultist","floor":4,"turns":4},{"damage":20,"enemies":"3 Sentries","floor":8,"turns":5},{"damage":17,"enemies":"Large Slime","floor":10,"turns":4},{"damage":24,"enemies":"Gremlin Nob","floor":14,"turns":4},{"damage":17,"enemies":"The Guardian","floor":16,"turns":9},{"damage":33,"enemies":"2 Thieves","floor":18,"turns":4},{"damage":0,"enemies":"Spheric Guardian","floor":21,"turns":3},{"damage":25,"enemies":"Shelled Parasite and Fungi","floor":22,"turns":6},{"damage":6,"enemies":"Snake Plant","floor":25,"turns":5},{"damage":7,"enemies":"3 Cultists","floor":27,"turns":5},{"damage":25,"enemies":"Book of Stabbing","floor":30,"turns":6},{"damage":0,"enemies":"Snecko","floor":31,"turns":4},{"damage":32,"enemies":"Champ","floor":33,"turns":12},{"damage":2,"enemies":"Orb Walker","floor":35,"turns":4},{"damage":22,"enemies":"3 Darklings","floor":36,"turns":4},{"damage":14,"enemies":"Spire Growth","floor":37,"turns":4},{"damage":9,"enemies":"Writhing Mass","floor":39,"turns":6},{"damage":0,"enemies":"Maw","floor":44,"turns":7},{"damage":6,"enemies":"Spire Growth","floor":45,"turns":3},{"damage":0,"enemies":"Transient","floor":46,"turns":5},{"damage":4,"enemies":"4 Shapes","floor":48,"turns":5},{"damage":68,"enemies":"Donu and Deca","floor":50,"turns":14}],"seed_played":"8056489627063039488","potions_obtained":[{"floor":1,"key":"Energy Potion"},{"floor":2,"key":"FairyPotion"},{"floor":14,"key":"PowerPotion"},{"floor":33,"key":"Swift Potion"},{"floor":39,"key":"AttackPotion"}],"is_trial":false,"path_per_floor":["M","M","?","M","?","R","$","E","T","M","?","?","R","E","R","B",null,"M","?","$","M","M","R","R","M","T","M","?","R","E","M","R","B",null,"M","M","M","$","M","R","$","R","T","M","M","M","T","M","R","B",null],"character_chosen":"DEFECT","items_purchased":["Pantograph","Turbo","Glacier","GamblersBrew"],"campfire_rested":0,"item_purchase_floors":[20,20,38,41],"current_hp_per_floor":[64,62,62,68,73,73,73,60,60,50,50,50,50,33,33,23,58,32,32,32,39,21,21,21,25,25,28,28,28,13,23,23,26,58,66,54,50,50,51,51,51,51,51,61,55,55,55,61,61,11],"gold":139,"neow_bonus":"TRANSFORM_TWO_CARDS","is_prod":false,"is_daily":false,"chose_seed":false,"campfire_upgraded":10,"win_rate":0,"timestamp":1549789509,"path_taken":["M","M","?","M","?","R","?","E","T","?","?","?","R","E","R","BOSS","M","?","$","M","M","R","R","M","T","?","?","R","E","M","R","BOSS","M","M","?","$","M","R","$","R","T","M","M","M","?","M","R","BOSS"],"build_version":"2019-02-06","purchased_purges":1,"victory":true,"max_hp_per_floor":[71,71,71,71,76,76,76,76,76,76,69,69,69,69,69,69,69,69,69,69,69,69,69,69,69,69,69,69,69,69,69,69,69,69,69,69,69,69,69,69,69,69,69,69,69,69,69,69,69,69],"card_choices":[{"not_picked":["Steam Power","Turbo"],"picked":"Barrage","floor":1},{"not_picked":["Compile Driver","Redo","Rebound"],"picked":"SKIP","floor":2},{"not_picked":["Rainbow","FTL"],"picked":"Ball Lightning","floor":4},{"not_picked":["Lockon","Steam","Ball Lightning"],"picked":"SKIP","floor":8},{"not_picked":["Static Discharge","Leap"],"picked":"Undo","floor":10},{"not_picked":["Go for the Eyes","Compile Driver","Creative AI"],"picked":"SKIP","floor":14},{"not_picked":["Go for the Eyes","Compile Driver","Creative AI"],"picked":"SKIP","floor":14},{"not_picked":["Reboot","Creative AI"],"picked":"Buffer","floor":16},{"not_picked":["Hologram","Steam","Rebound"],"picked":"SKIP","floor":18},{"not_picked":["Go for the Eyes","Rebound"],"picked":"Beam Cell+1","floor":21},{"not_picked":["Redo","Blizzard"],"picked":"Core Surge","floor":22},{"not_picked":["Beam Cell+1","Rebound","Fusion"],"picked":"SKIP","floor":25},{"not_picked":["Coolheaded","Sweeping Beam"],"picked":"Go for the Eyes","floor":27},{"not_picked":["Hologram","Go for the Eyes"],"picked":"Coolheaded","floor":30},{"not_picked":["Go for the Eyes","Beam Cell"],"picked":"Tempest","floor":31},{"not_picked":["Creative AI","Rainbow"],"picked":"Electrodynamics","floor":33},{"not_picked":["Fusion"],"picked":"SKIP","floor":35},{"not_picked":["Gash"],"picked":"SKIP","floor":36},{"not_picked":["Consume"],"picked":"SKIP","floor":37},{"not_picked":["Barrage"],"picked":"SKIP","floor":39},{"not_picked":["Self Repair+1"],"picked":"SKIP","floor":44},{"not_picked":["Gash"],"picked":"SKIP","floor":45},{"not_picked":[],"picked":"Hologram","floor":46},{"not_picked":["Sweeping Beam+1"],"picked":"SKIP","floor":48}],"player_experience":775367,"relics_obtained":[{"floor":8,"key":"DataDisk"},{"floor":9,"key":"Ornamental Fan"},{"floor":14,"key":"WingedGreaves"},{"floor":26,"key":"Orichalcum"},{"floor":30,"key":"Cables"},{"floor":43,"key":"Bronze Scales"},{"floor":47,"key":"Shuriken"}],"event_choices":[{"damage_healed":0,"gold_gain":0,"player_choice":"Leave","damage_taken":0,"max_hp_gain":0,"max_hp_loss":0,"event_name":"The Cleric","floor":3,"gold_loss":0},{"damage_healed":0,"gold_gain":0,"player_choice":"Donut","damage_taken":0,"max_hp_gain":5,"max_hp_loss":0,"event_name":"Big Fish","floor":5,"gold_loss":0},{"damage_healed":0,"gold_gain":0,"player_choice":"Lose Max HP","damage_taken":0,"relics_obtained":["Golden Idol"],"max_hp_gain":0,"max_hp_loss":7,"event_name":"Golden Idol","floor":11,"gold_loss":0},{"damage_healed":0,"gold_gain":0,"player_choice":"Grow","damage_taken":0,"max_hp_gain":0,"max_hp_loss":0,"event_name":"Living Wall","floor":12,"gold_loss":0,"cards_upgraded":["Zap"]},{"damage_healed":0,"gold_gain":0,"player_choice":"Ignored","damage_taken":0,"max_hp_gain":0,"max_hp_loss":0,"event_name":"N\u0027loth","floor":19,"gold_loss":0},{"damage_healed":0,"gold_gain":0,"player_choice":"Paid Gold","damage_taken":0,"relics_obtained":["Oddly Smooth Stone"],"max_hp_gain":0,"max_hp_loss":0,"event_name":"WeMeetAgain","floor":28,"gold_loss":105}],"is_beta":true,"boss_relics":[{"not_picked":["Snecko Eye","Velvet Choker"],"picked":"Runic Pyramid"},{"not_picked":["Black Star","Calling Bell"],"picked":"Busted Crown"}],"items_purged_floors":[38],"is_endless":false,"potions_floor_spawned":[1,2,14,18,33,35,39,48],"ascension_level":15}