{"gold_per_floor":[117,44,61,61,61,104,104,119,119,119,144,179,179,217,217,346,346,370,296,296,296,321,321,321,356,356,387,206,101,101,125,125,125],"floor_reached":33,"playtime":1241,"items_purged":[],"score":518,"play_id":"a8000a8d-c91b-4e87-911d-b2cad801f591","local_time":"20180821111308","is_ascension_mode":true,"campfire_choices":[{"data":"Go for the Eyes","floor":10,"key":"SMITH"},{"data":"Sweeping Beam","floor":13,"key":"SMITH"},{"data":"Dualcast","floor":15,"key":"SMITH"},{"data":"Defragment","floor":24,"key":"SMITH"},{"floor":30,"key":"REST"},{"floor":32,"key":"REST"}],"neow_cost":"NONE","seed_source_timestamp":12019542043636,"circlet_count":0,"master_deck":["Zap","Dualcast+1","AscendersBane","Consume","Redo","Coolheaded","Go for the Eyes+1","Sweeping Beam+1","Conserve Battery","Rebound","Streamline","Ball Lightning","Creative AI","Aggregate","White Noise","Auto Shields","Scrape","White Noise","Coolheaded","Cold Snap","Glacier","Defragment+1","Electrodynamics","Turbo","Biased Cognition","BootSequence","Seek","Enlightenment","Reinforced Body","Leap","Loop"],"relics":["Cracked Core","NeowsBlessing","Cables","Golden Idol","Potion Belt","Dream Catcher","Happy Flower","Pandora\u0027s Box","Nloth\u0027s Gift","CultistMask","Orichalcum","Darkstone Periapt","MawBank"],"potions_floor_usage":[11,27,33],"damage_taken":[{"damage":0,"enemies":"Jaw Worm","floor":1,"turns":1},{"damage":0,"enemies":"2 Louse","floor":3,"turns":1},{"damage":0,"enemies":"Gremlin Nob","floor":6,"turns":1},{"damage":8,"enemies":"Small Slimes","floor":8,"turns":2},{"damage":9,"enemies":"3 Louse","floor":11,"turns":4},{"damage":9,"enemies":"Lagavulin","floor":12,"turns":7},{"damage":7,"enemies":"Gremlin Nob","floor":14,"turns":3},{"damage":25,"enemies":"The Guardian","floor":16,"turns":11},{"damage":15,"enemies":"Spheric Guardian","floor":18,"turns":6},{"damage":1,"enemies":"Shell Parasite","floor":22,"turns":6},{"damage":29,"enemies":"Slavers","floor":25,"turns":2},{"damage":8,"enemies":"Book of Stabbing","floor":27,"turns":5},{"damage":17,"enemies":"Shelled Parasite and Fungi","floor":31,"turns":6},{"damage":24,"enemies":"Collector","floor":33,"turns":3}],"seed_played":"-28292757991758826","potions_obtained":[{"floor":3,"key":"SmokeBomb"},{"floor":6,"key":"Block Potion"},{"floor":16,"key":"Strength Potion"},{"floor":25,"key":"Block Potion"},{"floor":31,"key":"Weak Potion"}],"is_trial":false,"path_per_floor":["M","$","M","?","?","E","?","M","T","R","M","E","R","E","R","B",null,"M","$","?","?","M","?","R","E","T","E","$","$","R","M","R"],"character_chosen":"DEFECT","items_purchased":["Redo","Coolheaded","Defragment","BootSequence","Seek","Enlightenment"],"campfire_rested":2,"item_purchase_floors":[2,2,19,28,28,29],"current_hp_per_floor":[68,68,68,65,65,65,65,57,57,57,48,39,39,32,32,7,54,39,39,39,39,38,38,38,9,9,1,1,1,21,4,24,0],"gold":125,"neow_bonus":"THREE_ENEMY_KILL","is_prod":false,"is_daily":false,"chose_seed":false,"campfire_upgraded":4,"win_rate":0,"timestamp":1534821188,"path_taken":["M","$","M","?","?","E","?","M","T","R","M","E","R","E","R","BOSS","M","$","?","?","M","?","R","E","T","E","?","$","R","?","R","BOSS"],"build_version":"2018-08-16","purchased_purges":0,"victory":false,"max_hp_per_floor":[75,75,75,75,69,69,69,69,69,69,69,69,69,69,69,69,69,69,69,69,69,69,69,69,69,69,69,69,69,69,69,69,69],"card_choices":[{"not_picked":["Leap","Darkness"],"picked":"Consume","floor":1},{"not_picked":["Hologram","Fusion"],"picked":"Go for the Eyes","floor":3},{"not_picked":["Gash","Beam Cell"],"picked":"Sweeping Beam","floor":6},{"not_picked":["Steam","Barrage"],"picked":"Conserve Battery","floor":8},{"not_picked":["Darkness","Genetic Algorithm"],"picked":"Rebound","floor":11},{"not_picked":["Lockon","Redo"],"picked":"Streamline","floor":12},{"not_picked":["Genetic Algorithm","Recycle"],"picked":"Ball Lightning","floor":14},{"not_picked":["Thunder Strike","Reboot"],"picked":"Creative AI","floor":16},{"not_picked":["Leap","Conserve Battery"],"picked":"Glacier","floor":18},{"not_picked":["Meteor Strike","Doom and Gloom"],"picked":"Electrodynamics","floor":22},{"not_picked":["Echo Form","Gash"],"picked":"Turbo","floor":25},{"not_picked":["Recycle","Heatsinks"],"picked":"Biased Cognition","floor":27},{"not_picked":["Redo","Sweeping Beam"],"picked":"Reinforced Body","floor":30},{"not_picked":["Turbo","Stack"],"picked":"Leap","floor":31},{"not_picked":["Barrage","Coolheaded"],"picked":"Loop","floor":32}],"player_experience":252615,"relics_obtained":[{"floor":6,"key":"Potion Belt"},{"floor":9,"key":"Dream Catcher"},{"floor":12,"key":"Bag of Marbles"},{"floor":14,"key":"Happy Flower"},{"floor":25,"key":"Orichalcum"},{"floor":26,"key":"Darkstone Periapt"},{"floor":27,"key":"MawBank"}],"event_choices":[{"event_name":"Scrap Ooze","player_choice":"success","floor":4,"damage_taken":3},{"event_name":"Golden Idol","player_choice":"Lose Max HP","floor":5,"damage_taken":0},{"event_name":"Wheel of Change","player_choice":"Card Removal","floor":7,"damage_taken":0},{"event_name":"N\u0027loth","player_choice":"Traded a Bag of Marbles","floor":20,"damage_taken":0},{"event_name":"Back to Basics","player_choice":"Simplicity","floor":21,"damage_taken":0},{"event_name":"FaceTrader","player_choice":"Trade","floor":23,"damage_taken":0}],"is_beta":false,"boss_relics":[{"not_picked":["Philosopher\u0027s Stone","Empty Cage"],"picked":"Pandora\u0027s Box"}],"items_purged_floors":[],"is_endless":false,"potions_floor_spawned":[3,6,16,25,31],"killed_by":"Collector","ascension_level":12}