{"gold_per_floor":[119,5,5,5,5,5,5,24,78,0,44,44,57,82,82,171,171,185,185,0,20,33,33,33],"floor_reached":24,"playtime":765,"items_purged":[],"score":438,"play_id":"b7720428-f9e3-4db5-a3aa-5122c86325e4","local_time":"20190130093220","is_ascension_mode":true,"campfire_choices":[{"data":"Coolheaded","floor":6.0,"key":"SMITH"},{"data":"Capacitor","floor":12.0,"key":"SMITH"},{"data":"Lockon","floor":15.0,"key":"SMITH"},{"data":"Multi-Cast","floor":23,"key":"SMITH"}],"neow_cost":"NONE","seed_source_timestamp":6979113802986,"circlet_count":0,"master_deck":["AscendersBane","Strike_B","Strike_B","Strike_B","Defend_B","Defend_B","Defend_B+1","Defend_B+1","Zap","Dualcast","Conserve Battery","Darkness+1","Coolheaded+1","Chill","Capacitor+1","Lockon+1","Reinforced Body","Multi-Cast+1","Turbo","Ghostly","Ghostly","Ghostly","Undo+1"],"special_seed":0,"relics":["Cracked Core","NeowsBlessing","Golden Idol","Juzu Bracelet","Question Card","Nuclear Battery"],"potions_floor_usage":[21],"damage_taken":[{"damage":0.0,"enemies":"Jaw Worm","floor":1.0,"turns":1.0},{"damage":0.0,"enemies":"2 Louse","floor":8.0,"turns":1.0},{"damage":0.0,"enemies":"Lagavulin","floor":11.0,"turns":1.0},{"damage":0.0,"enemies":"Small Slimes","floor":13.0,"turns":3.0},{"damage":14.0,"enemies":"3 Louse","floor":14.0,"turns":7.0},{"damage":17.0,"enemies":"Slime Boss","floor":16.0,"turns":4.0},{"damage":7.0,"enemies":"Shell Parasite","floor":18.0,"turns":5.0},{"damage":7,"enemies":"3 Byrds","floor":21,"turns":5},{"damage":2,"enemies":"Snake Plant","floor":22,"turns":8},{"damage":35,"enemies":"3 Cultists","floor":24,"turns":5}],"seed_played":"-3063557446229878395","potions_obtained":[{"floor":8.0,"key":"Explosive Potion"},{"floor":11.0,"key":"SkillPotion"},{"floor":13.0,"key":"FocusPotion"},{"floor":18.0,"key":"SteroidPotion"}],"is_trial":false,"path_per_floor":["M","$","?","?","?","R","?","M","T","$","E","R","M","M","R","B",null,"M","?","?","M","M","R","M"],"character_chosen":"DEFECT","items_purchased":["Darkness","Coolheaded","Capacitor"],"campfire_rested":0,"item_purchase_floors":[2,2,10],"current_hp_per_floor":[64,64,43,43,43,43,36,36,36,36,36,36,36,22,22,5,49,42,32,32,25,23,23,0],"gold":33,"neow_bonus":"THREE_ENEMY_KILL","is_prod":false,"is_daily":false,"chose_seed":false,"campfire_upgraded":4,"win_rate":0,"timestamp":1548811940,"path_taken":["M","$","?","?","?","R","?","M","T","$","E","R","M","M","R","BOSS","M","?","?","M","M","R","M"],"build_version":"2019-01-23","purchased_purges":0,"victory":false,"max_hp_per_floor":[71,71,71,64,64,64,64,64,64,64,64,64,64,64,64,64,64,64,32,32,32,32,32,32],"card_choices":[{"not_picked":["Beam Cell","Melter"],"picked":"Conserve Battery","floor":1.0},{"not_picked":["Barrage","Rip and Tear"],"picked":"Chill","floor":8.0},{"not_picked":["Stack","Storm","Beam Cell"],"picked":"SKIP","floor":11.0},{"not_picked":["Rebound","Compile Driver","Ball Lightning"],"picked":"Lockon","floor":13.0},{"not_picked":["Gash","Compile Driver","Doom and Gloom"],"picked":"Reinforced Body","floor":14.0},{"not_picked":["Creative AI","Echo Form","Fission"],"picked":"Multi-Cast","floor":16.0},{"not_picked":["Double Energy","Hologram","Rebound"],"picked":"Turbo","floor":18.0},{"not_picked":["Chaos","Leap","Ball Lightning"],"picked":"Undo+1","floor":21},{"not_picked":["Steam","Reprogram","Genetic Algorithm+1","Leap"],"picked":"SKIP","floor":22}],"player_experience":727882,"relics_obtained":[{"floor":9.0,"key":"Juzu Bracelet"},{"floor":11.0,"key":"Question Card"}],"event_choices":[{"damage_healed":0.0,"max_hp_gain":0.0,"max_hp_loss":0.0,"gold_gain":0.0,"event_name":"Shining Light","player_choice":"Entered Light","floor":3.0,"gold_loss":0.0,"damage_taken":21.0,"cards_upgraded":["Defend_B","Defend_B"]},{"damage_healed":0.0,"max_hp_gain":0.0,"max_hp_loss":7.0,"gold_gain":0.0,"event_name":"Golden Idol","player_choice":"Lose Max HP","floor":4.0,"gold_loss":0.0,"damage_taken":0.0,"relics_obtained":["Golden Idol"]},{"damage_healed":0.0,"max_hp_gain":0.0,"max_hp_loss":0.0,"gold_gain":0.0,"event_name":"Living Wall","player_choice":"Grow","floor":5.0,"gold_loss":0.0,"damage_taken":0.0,"cards_upgraded":["Darkness"]},{"cards_removed":["Strike_B"],"damage_healed":0.0,"max_hp_gain":0.0,"max_hp_loss":0.0,"gold_gain":0.0,"event_name":"Golden Wing","player_choice":"Card Removal","floor":7.0,"gold_loss":0.0,"damage_taken":7.0},{"damage_healed":0.0,"max_hp_gain":0.0,"max_hp_loss":32.0,"gold_gain":0.0,"event_name":"Ghosts","player_choice":"Became a Ghost","floor":19.0,"gold_loss":0.0,"damage_taken":0.0,"cards_obtained":["Ghostly","Ghostly","Ghostly"]},{"damage_healed":0.0,"max_hp_gain":0.0,"max_hp_loss":0.0,"gold_gain":0.0,"event_name":"Masked Bandits","player_choice":"Paid Fearfully","floor":20.0,"gold_loss":185.0,"damage_taken":0.0}],"is_beta":true,"boss_relics":[{"not_picked":["Orrery","Runic Dome"],"picked":"Nuclear Battery"}],"items_purged_floors":[],"is_endless":false,"potions_floor_spawned":[8,11,13,14,18],"killed_by":"3 Cultists","ascension_level":20}