{"gold_per_floor":[138,183,183,240,21,126,126,159,159,159,208,208,208],"floor_reached":13,"playtime":226,"items_purged":[],"score":220,"play_id":"fd9a2cc9-753a-4879-a5a6-34a21fb0f403","local_time":"20190330133009","daily_mods":["DeadlyEvents","Binary","Cursed Run","Elite Swarm","Lethality","Midas","Night Terrors","Terminal","Uncertain Future","Binary"],"is_ascension_mode":true,"campfire_choices":[{"floor":10.0,"key":"REST"},{"floor":12.0,"key":"REST"}],"neow_cost":"","seed_source_timestamp":1499558862695,"circlet_count":0,"master_deck":["AscendersBane","Strike_B","Strike_B","Strike_B","Strike_B","Defend_B","Defend_B","Defend_B","Defend_B","Zap","Dualcast","Apotheosis","Cold Snap","Normality"],"special_seed":0,"relics":["Cursed Key","Darkstone Periapt","Du-Vu Doll","Busted Crown","Kunai","Golden Idol","Molten Egg 2"],"potions_floor_usage":[13,13],"damage_taken":[{"damage":0.0,"enemies":"2 Louse","floor":1.0,"turns":2.0},{"damage":0.0,"enemies":"Jaw Worm","floor":2.0,"turns":3.0},{"damage":0.0,"enemies":"Cultist","floor":4.0,"turns":3.0},{"damage":0.0,"enemies":"Lagavulin","floor":6.0,"turns":5.0},{"damage":0.0,"enemies":"Looter","floor":8.0,"turns":2.0},{"damage":0.0,"enemies":"Lots of Slimes","floor":11.0,"turns":3.0},{"damage":0,"enemies":"Gremlin Nob","floor":13,"turns":3}],"seed_played":"1924025440856574988","potions_obtained":[{"floor":2.0,"key":"Ancient Potion"},{"floor":6.0,"key":"SneckoOil"}],"is_trial":true,"path_per_floor":["M","M","?","M","$","E","?","M","T","R","M","R","E"],"character_chosen":"DEFECT","items_purchased":["Apotheosis","Cold Snap"],"campfire_rested":2,"item_purchase_floors":[5,5],"current_hp_per_floor":[1,1,1,1,1,1,1,1,6,1,1,1,1],"gold":208,"neow_bonus":"","is_prod":false,"is_daily":false,"chose_seed":true,"campfire_upgraded":0,"win_rate":0,"timestamp":1553923809,"path_taken":["M","M","?","M","$","E","?","M","T","R","?","R","E"],"build_version":"2019-01-23","purchased_purges":0,"victory":false,"max_hp_per_floor":[1,1,1,1,1,1,1,1,6,1,1,1,1],"card_choices":[],"player_experience":899391,"relics_obtained":[{"floor":6.0,"key":"Kunai"},{"floor":9.0,"key":"Molten Egg 2"}],"event_choices":[{"damage_healed":0.0,"max_hp_gain":0.0,"max_hp_loss":0.0,"gold_gain":0.0,"event_name":"Scrap Ooze","player_choice":"Fled","floor":3.0,"gold_loss":0.0,"damage_taken":0.0},{"damage_healed":0.0,"max_hp_gain":0.0,"max_hp_loss":0.0,"gold_gain":0.0,"event_name":"Golden Idol","player_choice":"Take Damage","floor":7.0,"gold_loss":0.0,"damage_taken":0.0,"relics_obtained":["Golden Idol"]}],"is_beta":false,"boss_relics":[],"items_purged_floors":[],"is_endless":false,"potions_floor_spawned":[2,6,8],"killed_by":"Gremlin Nob","ascension_level":20}