{"gold_per_floor":[110,110,125,125,152,164,101,116,116,139,162,162,205,226,226,226],"floor_reached":16,"playtime":913,"items_purged":["Strike_R"],"score":102,"play_id":"b7d2ceb0-e784-43d2-8c65-aada99a6f0be","local_time":"20190807100103","is_ascension_mode":false,"campfire_choices":[{"data":"Bash","floor":6,"key":"SMITH"},{"data":"Iron Wave","floor":15,"key":"SMITH"}],"neow_cost":"NONE","seed_source_timestamp":1365185730002800,"circlet_count":0,"master_deck":["Strike_R","Strike_R","Strike_R","Strike_R","Defend_R","Defend_R","Defend_R","Defend_R","Bash+1","Headbutt","Pommel Strike","Shrug It Off","Headbutt","Iron Wave+1","Cleave"],"relics":["Burning Blood","Golden Idol","Pen Nib","MawBank","Matryoshka","Incense Burner"],"potions_floor_usage":[],"damage_taken":[{"damage":3,"enemies":"2 Louse","floor":1,"turns":3},{"damage":6,"enemies":"Jaw Worm","floor":3,"turns":5},{"damage":1,"enemies":"Cultist","floor":8,"turns":4},{"damage":8,"enemies":"2 Fungi Beasts","floor":10,"turns":3},{"damage":8,"enemies":"Exordium Thugs","floor":11,"turns":4},{"damage":15,"enemies":"Gremlin Nob","floor":13,"turns":4},{"damage":1,"enemies":"Red Slaver","floor":14,"turns":7},{"damage":63,"enemies":"Hexaghost","floor":16,"turns":14}],"seed_played":"6721462716362954184","potions_obtained":[{"floor":1,"key":"Ancient Potion"},{"floor":11,"key":"FearPotion"},{"floor":14,"key":"PowerPotion"}],"is_trial":false,"path_per_floor":["M","?","M","?","T","R","$","M","T","M","M","?","E","M","R","B"],"character_chosen":"IRONCLAD","items_purchased":[],"campfire_rested":0,"item_purchase_floors":[],"current_hp_per_floor":[88,66,66,59,59,59,59,64,64,62,60,60,51,56,56,0],"gold":226,"neow_bonus":"TEN_PERCENT_HP_BONUS","is_prod":false,"is_daily":false,"chose_seed":false,"campfire_upgraded":2,"win_rate":0.0,"timestamp":1565164863,"path_taken":["M","?","M","?","?","R","$","M","T","?","M","?","E","M","R","BOSS"],"build_version":"2019-07-17","purchased_purges":1,"victory":false,"max_hp_per_floor":[88,88,88,88,88,88,88,88,88,88,88,88,88,88,88,88],"card_choices":[{"not_picked":["Combust","Bloodletting","Body Slam"],"picked":"SKIP","floor":1},{"not_picked":["Carnage","Fire Breathing"],"picked":"Headbutt","floor":3},{"not_picked":["Rupture","Burning Pact"],"picked":"Pommel Strike","floor":8},{"not_picked":["Shockwave","Cleave"],"picked":"Shrug It Off","floor":10},{"not_picked":["Twin Strike","Thunderclap"],"picked":"Headbutt","floor":11},{"not_picked":["Bludgeon","Corruption"],"picked":"Iron Wave","floor":13},{"not_picked":["Clash","Bloodletting"],"picked":"Cleave","floor":14}],"player_experience":239021,"relics_obtained":[{"floor":5,"key":"MawBank"},{"floor":9,"key":"Matryoshka"},{"floor":13,"key":"Incense Burner"}],"event_choices":[{"damage_healed":0,"gold_gain":0,"player_choice":"Take Damage","damage_taken":22,"relics_obtained":["Golden Idol"],"max_hp_gain":0,"max_hp_loss":0,"event_name":"Golden Idol","floor":2,"gold_loss":0},{"damage_healed":0,"gold_gain":0,"player_choice":"Success","damage_taken":7,"relics_obtained":["Pen Nib"],"max_hp_gain":0,"max_hp_loss":0,"event_name":"Scrap Ooze","floor":4,"gold_loss":0},{"damage_healed":0,"gold_gain":0,"player_choice":"Ignored","damage_taken":0,"max_hp_gain":0,"max_hp_loss":0,"event_name":"Liars Game","floor":12,"gold_loss":0}],"is_beta":false,"boss_relics":[],"items_purged_floors":[7],"is_endless":false,"potions_floor_spawned":[1,11,14],"killed_by":"Hexaghost","ascension_level":0}