{"gold_per_floor":[118,138,149,169,181,210,210,220,220,234,234],"floor_reached":11,"playtime":559,"items_purged":[],"score":104,"play_id":"eb6a6573-4b13-43f5-8799-ca9bf919f21d","local_time":"20190806102335","is_ascension_mode":false,"campfire_choices":[{"data":"Feed","floor":7,"key":"SMITH"}],"neow_cost":"NONE","seed_source_timestamp":1215494931189999,"circlet_count":0,"master_deck":["Strike_R","Strike_R","Strike_R","Strike_R","Strike_R","Defend_R","Defend_R","Defend_R","Defend_R","Bash","Perfected Strike","Flex","Feed+1","Flame Barrier","Metallicize","Flame Barrier"],"relics":["Burning Blood","Strawberry","Darkstone Periapt"],"potions_floor_usage":[3,5,6],"damage_taken":[{"damage":9,"enemies":"Cultist","floor":1,"turns":4},{"damage":1,"enemies":"Jaw Worm","floor":2,"turns":6},{"damage":0,"enemies":"2 Louse","floor":3,"turns":2},{"damage":6,"enemies":"Red Slaver","floor":4,"turns":3},{"damage":17,"enemies":"Large Slime","floor":5,"turns":3},{"damage":37,"enemies":"3 Sentries","floor":6,"turns":10},{"damage":25,"enemies":"Exordium Thugs","floor":8,"turns":8},{"damage":5,"enemies":"Looter","floor":10,"turns":4},{"damage":72,"enemies":"Gremlin Nob","floor":11,"turns":5}],"seed_played":"1891764166779136476","potions_obtained":[{"floor":1,"key":"Explosive Potion"},{"floor":3,"key":"Fire Potion"},{"floor":5,"key":"SneckoOil"}],"is_trial":false,"path_per_floor":["M","M","M","M","M","E","R","M","T","M","E"],"character_chosen":"IRONCLAD","items_purchased":[],"campfire_rested":0,"item_purchase_floors":[],"current_hp_per_floor":[85,88,88,88,77,56,56,41,41,46,0],"gold":234,"neow_bonus":"TEN_PERCENT_HP_BONUS","is_prod":false,"is_daily":false,"chose_seed":false,"campfire_upgraded":1,"win_rate":0,"timestamp":1565101415,"path_taken":["M","M","M","M","M","E","R","?","T","M","E"],"build_version":"2019-06-28","purchased_purges":0,"victory":false,"max_hp_per_floor":[88,88,88,88,88,98,98,102,102,106,106],"card_choices":[{"not_picked":["Second Wind","Clothesline"],"picked":"Perfected Strike","floor":1},{"not_picked":["Blood for Blood","Cleave"],"picked":"Flex","floor":2},{"not_picked":["Iron Wave","Wild Strike","Thunderclap"],"picked":"SKIP","floor":3},{"not_picked":["Thunderclap","Havoc"],"picked":"Feed","floor":4},{"not_picked":["Warcry","Power Through"],"picked":"Flame Barrier","floor":5},{"not_picked":["Evolve","Bloodletting"],"picked":"Metallicize","floor":6},{"not_picked":["True Grit","Rage"],"picked":"Flame Barrier","floor":8},{"not_picked":["Disarm","Fire Breathing","Rampage"],"picked":"SKIP","floor":10}],"player_experience":28136,"relics_obtained":[{"floor":6,"key":"Strawberry"},{"floor":9,"key":"Darkstone Periapt"}],"event_choices":[],"is_beta":true,"boss_relics":[],"items_purged_floors":[],"is_endless":false,"potions_floor_spawned":[1,3,5],"killed_by":"Gremlin Nob","ascension_level":0}