{"gold_per_floor":[111,111,111,122,13,28,56,56,103,117,117,130,149,161,161,263,263,277,297,146,146,158,158,14,45,45,76,76,93,104,120,120,218,268,287,306,306,406,406,441,441,452,499,499,6,6,38,57,57,57],"floor_reached":51,"playtime":3557,"items_purged":["Strike_G","Slice","Defend_G"],"score":1249,"play_id":"9210642d-de86-48eb-b4fc-48d249f2a9b4","local_time":"20180930214529","is_ascension_mode":true,"campfire_choices":[{"data":"Tactician","floor":11.0,"key":"SMITH"},{"floor":15.0,"key":"REST"},{"floor":23,"key":"REST"},{"data":"Concentrate","floor":28,"key":"SMITH"},{"data":"Adrenaline","floor":32,"key":"SMITH"},{"floor":41,"key":"REST"},{"data":"Grand Finale","floor":44,"key":"SMITH"},{"data":"Leg Sweep","floor":49,"key":"SMITH"}],"neow_cost":"NONE","seed_source_timestamp":4965360055043,"circlet_count":0,"master_deck":["Defend_G","Defend_G+1","Survivor","Neutralize+1","Escape Plan","Well Laid Plans+1","Adrenaline+1","Tactician+1","Leg Sweep+1","Caltrops+1","Concentrate+1","Grand Finale+1","Expertise+1","Footwork+1","Dagger Spray+1","Flechettes+1","Backflip+1","PiercingWail+1","Dash+1","Acrobatics+1","Heel Hook","Prepared+1","Reflex+1"],"special_seed":0,"relics":["Ring of the Snake","Frozen Egg 2","Mummified Hand","Snake Skull","Astrolabe","MutagenicStrength","PreservedInsect","Shuriken","Mercury Hourglass","Ancient Tea Set","Tiny House","Toxic Egg 2","Ginger","Dream Catcher","War Paint","Oddly Smooth Stone","Meat on the Bone"],"potions_floor_usage":[30,33,48],"damage_taken":[{"damage":0.0,"enemies":"2 Louse","floor":1.0,"turns":5.0},{"damage":0.0,"enemies":"Cultist","floor":4.0,"turns":5.0},{"damage":0.0,"enemies":"Jaw Worm","floor":6.0,"turns":5.0},{"damage":38.0,"enemies":"Gremlin Nob","floor":7.0,"turns":6.0},{"damage":1.0,"enemies":"Red Slaver","floor":10.0,"turns":6.0},{"damage":0.0,"enemies":"3 Louse","floor":12.0,"turns":7.0},{"damage":7.0,"enemies":"Large Slime","floor":13.0,"turns":11.0},{"damage":6.0,"enemies":"Exordium Thugs","floor":14.0,"turns":7.0},{"damage":27.0,"enemies":"The Guardian","floor":16.0,"turns":10.0},{"damage":0.0,"enemies":"3 Byrds","floor":18.0,"turns":2.0},{"damage":8.0,"enemies":"Spheric Guardian","floor":19.0,"turns":4.0},{"damage":32,"enemies":"Cultist and Chosen","floor":22,"turns":11},{"damage":0,"enemies":"Gremlin Leader","floor":25,"turns":4},{"damage":16,"enemies":"Slavers","floor":27,"turns":4},{"damage":0,"enemies":"Snake Plant","floor":29,"turns":2},{"damage":11,"enemies":"Snecko","floor":30,"turns":6},{"damage":1,"enemies":"Shelled Parasite and Fungi","floor":31,"turns":4},{"damage":0,"enemies":"Champ","floor":33,"turns":8},{"damage":1,"enemies":"Orb Walker","floor":35,"turns":4},{"damage":28,"enemies":"3 Darklings","floor":36,"turns":6},{"damage":0,"enemies":"Giant Head","floor":40,"turns":3},{"damage":5,"enemies":"4 Shapes","floor":42,"turns":4},{"damage":0,"enemies":"Nemesis","floor":47,"turns":1},{"damage":5,"enemies":"Transient","floor":48,"turns":5},{"damage":0,"enemies":"Awakened One","floor":50,"turns":5}],"seed_played":"9157755986090310311","potions_obtained":[{"floor":1.0,"key":"Block Potion"},{"floor":6.0,"key":"Explosive Potion"},{"floor":10.0,"key":"EssenceOfSteel"},{"floor":14.0,"key":"SkillPotion"},{"floor":18.0,"key":"SkillPotion"},{"floor":29,"key":"GhostInAJar"},{"floor":34,"key":"FairyPotion"},{"floor":35,"key":"Energy Potion"},{"floor":46,"key":"Swift Potion"}],"is_trial":false,"path_per_floor":["M","?","T","M","$","M","E","?","T","M","R","M","M","M","R","B",null,"M","M","$","?","M","R","$","E","T","E","R","M","M","M","R","B",null,"M","M","?","?","T","E","R","M","T","R","$","?","E","M","R","B"],"character_chosen":"THE_SILENT","items_purchased":["Well Laid Plans+1","Weak Potion","PreservedInsect","Reflex+1","War Paint","Oddly Smooth Stone"],"campfire_rested":3,"item_purchase_floors":[5,20,24,45,45,45],"current_hp_per_floor":[70,70,70,70,70,70,32,25,25,24,24,24,17,11,32,5,54,54,46,46,46,14,35,35,35,35,19,19,19,8,7,7,7,59,58,30,30,30,30,30,52,47,47,47,47,47,47,42,42,42],"gold":57,"neow_bonus":"REMOVE_CARD","is_prod":false,"is_daily":false,"chose_seed":false,"campfire_upgraded":5,"win_rate":0,"timestamp":1538315129,"path_taken":["M","?","?","M","$","?","E","?","T","?","R","M","M","M","R","BOSS","M","M","$","?","M","R","$","E","T","E","R","?","M","M","R","BOSS","M","M","?","?","?","E","R","M","T","R","$","?","E","M","R","BOSS"],"build_version":"2018-09-20","purchased_purges":3,"victory":true,"max_hp_per_floor":[70,70,70,70,70,70,70,70,70,70,70,70,70,70,70,70,70,70,70,70,70,70,70,70,70,70,70,70,70,70,70,70,70,75,75,75,75,75,75,75,75,75,75,75,75,75,75,75,75,75],"card_choices":[{"not_picked":["Prepared","Sucker Punch","Outmaneuver"],"picked":"SKIP","floor":1.0},{"not_picked":["Acrobatics","Dagger Spray"],"picked":"Escape Plan","floor":4.0},{"not_picked":["Flying Knee","Slice"],"picked":"Adrenaline","floor":6.0},{"not_picked":["Eviscerate","Riddle With Holes"],"picked":"Tactician","floor":7.0},{"not_picked":["Accuracy+1","Flying Knee"],"picked":"Leg Sweep","floor":10.0},{"not_picked":["Choke","Prepared"],"picked":"Caltrops+1","floor":12.0},{"not_picked":["Quick Slash","Heel Hook"],"picked":"Concentrate","floor":13.0},{"not_picked":["Dodge and Roll","Reflex"],"picked":"Slice","floor":14.0},{"not_picked":["Tools of the Trade+1","Adrenaline"],"picked":"Grand Finale","floor":16.0},{"not_picked":["Choke+1","Dagger Spray"],"picked":"Flechettes+1","floor":18.0},{"not_picked":["Deadly Poison","Dash"],"picked":"Backflip","floor":19.0},{"not_picked":["Flechettes","Setup","Accuracy+1"],"picked":"SKIP","floor":22},{"not_picked":["Crippling Poison","Dagger Spray+1","Blade Dance+1"],"picked":"SKIP","floor":25},{"not_picked":["Endless Agony+1","Sucker Punch+1"],"picked":"PiercingWail+1","floor":27},{"not_picked":["Infinite Blades+1","Sucker Punch","Catalyst+1"],"picked":"SKIP","floor":29},{"not_picked":["Flying Knee+1","Crippling Poison","Caltrops+1"],"picked":"SKIP","floor":30},{"not_picked":["Dodge and Roll","Skewer+1"],"picked":"Dash+1","floor":31},{"not_picked":["Bouncing Flask","Dagger Throw"],"picked":"Acrobatics","floor":35},{"not_picked":["Dagger Spray","Finisher+1","Dash"],"picked":"SKIP","floor":36},{"not_picked":["PiercingWail+1","Deadly Poison+1","Flechettes"],"picked":"SKIP","floor":40},{"not_picked":["Quick Slash","PiercingWail+1"],"picked":"Prepared+1","floor":42},{"not_picked":["Glass Knife","Deflect+1","Slice+1"],"picked":"SKIP","floor":47},{"not_picked":["Flechettes","Poisoned Stab+1","Deflect+1"],"picked":"SKIP","floor":48}],"player_experience":407719,"relics_obtained":[{"floor":3.0,"key":"Frozen Egg 2"},{"floor":7.0,"key":"Mummified Hand"},{"floor":9.0,"key":"Snake Skull"},{"floor":25,"key":"Shuriken"},{"floor":26,"key":"Mercury Hourglass"},{"floor":27,"key":"Ancient Tea Set"},{"floor":39,"key":"Toxic Egg 2"},{"floor":40,"key":"Ginger"},{"floor":43,"key":"Dream Catcher"},{"floor":47,"key":"Meat on the Bone"}],"event_choices":[{"event_name":"Accursed Blacksmith","player_choice":"Forge","floor":2.0,"damage_taken":0.0},{"event_name":"Golden Wing","player_choice":"Card Removal","floor":8.0,"damage_taken":0.0},{"event_name":"Drug Dealer","player_choice":"Inject Mutagens","floor":21,"damage_taken":0},{"event_name":"Transmorgrifier","player_choice":"Transform","floor":37,"damage_taken":0},{"event_name":"Golden Shrine","player_choice":"Pray","floor":38,"damage_taken":0},{"event_name":"The Lab","player_choice":"Got Potions","floor":46,"damage_taken":0}],"is_beta":true,"boss_relics":[{"not_picked":["Velvet Choker","Sozu"],"picked":"Astrolabe"},{"not_picked":["WristBlade","Runic Pyramid"],"picked":"Tiny House"}],"items_purged_floors":[5,20,45],"is_endless":false,"potions_floor_spawned":[1,6,10,14,18,22,27,29,35],"ascension_level":5}