{"gold_per_floor":[118,46,11,23,43,43,58,58,82,82,82,82,145,155,155,155],"floor_reached":16,"playtime":377,"items_purged":[],"score":160,"play_id":"8122adb1-f6c6-44da-b5c7-6784c5945a0f","local_time":"20181007180754","is_ascension_mode":true,"campfire_choices":[{"data":"Zap","floor":6.0,"key":"SMITH"},{"data":"Redo","floor":8.0,"key":"SMITH"},{"data":"Beam Cell","floor":12.0,"key":"SMITH"},{"data":"Steam","floor":15.0,"key":"SMITH"}],"neow_cost":"PERCENT_DAMAGE","seed_source_timestamp":2032884480604,"circlet_count":0,"master_deck":["Strike_B","Strike_B","Strike_B","Strike_B","Defend_B","Defend_B","Defend_B","Defend_B","Zap+1","Dualcast+1","AscendersBane","All For One","Auto Shields","Rebound","Steam+1","Redo+1","Ball Lightning","Beam Cell+1","Ball Lightning","Leap"],"special_seed":0,"relics":["Cracked Core","Blood Vial","Cables","Tiny Chest"],"potions_floor_usage":[],"damage_taken":[{"damage":1.0,"enemies":"Cultist","floor":1.0,"turns":3.0},{"damage":5.0,"enemies":"Small Slimes","floor":4.0,"turns":3.0},{"damage":8.0,"enemies":"2 Louse","floor":5.0,"turns":2.0},{"damage":8.0,"enemies":"Blue Slaver","floor":7.0,"turns":3.0},{"damage":35.0,"enemies":"Gremlin Nob","floor":13.0,"turns":4.0},{"damage":6.0,"enemies":"2 Fungi Beasts","floor":14.0,"turns":2.0},{"damage":12,"enemies":"Hexaghost","floor":16,"turns":4}],"seed_played":"6957458210964105405","potions_obtained":[{"floor":4.0,"key":"LiquidBronze"},{"floor":7.0,"key":"FearPotion"}],"is_trial":false,"path_per_floor":["M","$","?","M","M","R","M","R","T","T","?","R","E","M","R"],"character_chosen":"DEFECT","items_purchased":["Rebound","Steam"],"campfire_rested":0,"item_purchase_floors":[2,2],"current_hp_per_floor":[49,49,67,62,54,54,46,46,46,46,46,46,13,9,9,0],"gold":155,"neow_bonus":"THREE_RARE_CARDS","is_prod":false,"is_daily":false,"chose_seed":false,"campfire_upgraded":4,"win_rate":0,"timestamp":1538906874,"path_taken":["M","$","?","M","M","R","?","R","T","?","?","R","E","?","R","BOSS"],"build_version":"2018-10-04","purchased_purges":0,"victory":false,"max_hp_per_floor":[75,75,75,75,75,75,75,75,75,75,75,75,75,75,75,75],"card_choices":[{"not_picked":["Meteor Strike","Core Surge"],"picked":"All For One","floor":0.0},{"not_picked":["Redo","Force Field"],"picked":"Auto Shields","floor":1.0},{"not_picked":["Barrage","Coolheaded"],"picked":"Redo","floor":4.0},{"not_picked":["Rebound","Skim"],"picked":"Ball Lightning","floor":5.0},{"not_picked":["Compile Driver","Stack"],"picked":"Beam Cell","floor":7.0},{"not_picked":["Rip and Tear","Storm"],"picked":"Ball Lightning","floor":13.0},{"not_picked":["Chaos","Hyperbeam"],"picked":"Leap","floor":14.0}],"player_experience":427758,"relics_obtained":[{"floor":9.0,"key":"Blood Vial"},{"floor":10.0,"key":"Cables"},{"floor":13.0,"key":"Tiny Chest"}],"event_choices":[{"event_name":"The Cleric","player_choice":"Healed","floor":3.0,"damage_taken":0.0},{"event_name":"Living Wall","player_choice":"Grow","floor":11.0,"damage_taken":0.0}],"is_beta":true,"boss_relics":[],"items_purged_floors":[],"is_endless":false,"potions_floor_spawned":[4,7,13],"killed_by":"Hexaghost","ascension_level":12}