{"gold_per_floor":[111,111,36,0,12,12,39,39,87,122,122,122,122,143,143,241,241,259,259,259,276,23,23,54,54,54,74,74,87,102,118,118,196,196,211,10,10,28,42,42],"floor_reached":40,"playtime":1719,"items_purged":["Strike_G","Strike_G"],"score":725,"play_id":"2bed8cf1-e68d-4fea-95a3-ddb31ac0c367","local_time":"20190322195138","is_ascension_mode":true,"campfire_choices":[{"data":"Bouncing Flask","floor":6.0,"key":"SMITH"},{"data":"Neutralize","floor":8.0,"key":"SMITH"},{"data":"Backflip","floor":12.0,"key":"SMITH"},{"data":"Dash","floor":15.0,"key":"SMITH"},{"data":"Crippling Poison","floor":23.0,"key":"SMITH"},{"data":"Noxious Fumes","floor":25.0,"key":"SMITH"},{"data":"Leg Sweep","floor":28.0,"key":"SMITH"},{"data":"Well Laid Plans","floor":32.0,"key":"SMITH"}],"neow_cost":"TEN_PERCENT_HP_LOSS","seed_source_timestamp":0,"circlet_count":0,"master_deck":["AscendersBane","Defend_G+1","Defend_G","Defend_G","Defend_G+1","Strike_G","Survivor","Neutralize+1","Bouncing Flask+1","Backflip+1","Dash+1","Bullet Time","Noxious Fumes+1","Crippling Poison+1","Leg Sweep+1","Well Laid Plans+1","Blur+1"],"special_seed":0,"relics":["Ring of the Snake","Mango","Potion Belt","Meat on the Bone","Bloody Idol","Cursed Key","Gambling Chip","Happy Flower","Empty Cage","Medical Kit"],"potions_floor_usage":[40,40],"damage_taken":[{"damage":2.0,"enemies":"Small Slimes","floor":1.0,"turns":4.0},{"damage":1.0,"enemies":"Jaw Worm","floor":5.0,"turns":4.0},{"damage":12.0,"enemies":"Lagavulin","floor":7.0,"turns":6.0},{"damage":30.0,"enemies":"3 Sentries","floor":10.0,"turns":12.0},{"damage":0.0,"enemies":"2 Louse","floor":14.0,"turns":3.0},{"damage":3.0,"enemies":"Hexaghost","floor":16.0,"turns":9.0},{"damage":0.0,"enemies":"Chosen","floor":18.0,"turns":4.0},{"damage":8.0,"enemies":"Colosseum Slavers","floor":19.0,"turns":5.0},{"damage":27.0,"enemies":"2 Thieves","floor":21.0,"turns":4.0},{"damage":10.0,"enemies":"Gremlin Leader","floor":24.0,"turns":7.0},{"damage":5.0,"enemies":"Snecko","floor":27.0,"turns":4.0},{"damage":0.0,"enemies":"Chosen and Byrds","floor":29.0,"turns":5.0},{"damage":8.0,"enemies":"Sentry and Sphere","floor":30.0,"turns":4.0},{"damage":0.0,"enemies":"Snecko","floor":31.0,"turns":4.0},{"damage":22.0,"enemies":"Champ","floor":33.0,"turns":14.0},{"damage":0.0,"enemies":"Orb Walker","floor":35.0,"turns":4.0},{"damage":0.0,"enemies":"3 Shapes","floor":38.0,"turns":3.0},{"damage":1.0,"enemies":"Writhing Mass","floor":39.0,"turns":8.0},{"damage":82,"enemies":"Reptomancer","floor":40,"turns":6}],"seed_played":"-2407578104802173033","potions_obtained":[{"floor":1.0,"key":"Poison Potion"},{"floor":5.0,"key":"SteroidPotion"},{"floor":14.0,"key":"Regen Potion"},{"floor":21.0,"key":"Weak Potion"},{"floor":24.0,"key":"PowerPotion"},{"floor":27.0,"key":"PowerPotion"},{"floor":39.0,"key":"Fruit Juice"}],"is_trial":false,"path_per_floor":["M","?","$","?","M","R","E","R","T","E","?","R","?","M","R","B",null,"M","?","?","M","$","R","E","R","T","M","R","M","M","M","R","B",null,"M","$","?","M","M","E"],"character_chosen":"THE_SILENT","items_purchased":["Crippling Poison","GhostInAJar","Medical Kit"],"campfire_rested":0,"item_purchase_floors":[22,22,36],"current_hp_per_floor":[57,39,39,39,38,38,40,40,40,10,10,10,10,22,22,31,58,58,50,50,47,47,47,42,42,42,42,42,47,44,49,49,44,61,66,66,66,67,72,0],"gold":42,"neow_bonus":"REMOVE_TWO","is_prod":false,"is_daily":false,"chose_seed":true,"campfire_upgraded":8,"win_rate":0,"timestamp":1553255498,"path_taken":["M","?","$","?","M","R","E","R","T","E","?","R","?","?","R","BOSS","M","?","?","M","$","R","E","R","T","M","R","M","M","M","R","BOSS","M","$","?","M","M","E"],"build_version":"2019-01-23","purchased_purges":2,"victory":false,"max_hp_per_floor":[60,60,60,60,60,60,74,74,74,74,74,74,67,67,67,67,67,67,67,67,67,67,67,67,67,67,67,67,67,67,67,67,67,67,67,67,67,67,72,72],"card_choices":[{"not_picked":["Blade Dance","Accuracy"],"picked":"Bouncing Flask","floor":1.0},{"not_picked":["Backstab","Sucker Punch"],"picked":"Backflip","floor":5.0},{"not_picked":["Slice","Dagger Throw","Expertise"],"picked":"SKIP","floor":7.0},{"not_picked":["Prepared","Quick Slash","Infinite Blades"],"picked":"SKIP","floor":10.0},{"not_picked":["Blade Dance","Setup"],"picked":"Dash","floor":14.0},{"not_picked":["Venomology","Malaise"],"picked":"Bullet Time","floor":16.0},{"not_picked":["Endless Agony","Backstab"],"picked":"Noxious Fumes","floor":18.0},{"not_picked":["Deflect","Underhanded Strike","Bane"],"picked":"SKIP","floor":21.0},{"not_picked":["Slice","Dagger Throw","Dash"],"picked":"SKIP","floor":24.0},{"not_picked":["Dagger Throw","Reflex"],"picked":"Leg Sweep","floor":27.0},{"not_picked":["Blade Dance","Caltrops+1"],"picked":"Well Laid Plans","floor":29.0},{"not_picked":["Quick Slash","Leg Sweep","Backflip"],"picked":"SKIP","floor":30.0},{"not_picked":["Sucker Punch","Dagger Throw","Dagger Spray"],"picked":"SKIP","floor":31.0},{"not_picked":["Dagger Throw","Backstab","Poisoned Stab"],"picked":"SKIP","floor":35.0},{"not_picked":["Underhanded Strike+1","Prepared","Slice"],"picked":"SKIP","floor":38.0},{"not_picked":["Dodge and Roll","Outmaneuver"],"picked":"Blur+1","floor":39.0}],"player_experience":862258,"relics_obtained":[{"floor":7.0,"key":"Mango"},{"floor":9.0,"key":"Potion Belt"},{"floor":10.0,"key":"Meat on the Bone"},{"floor":24.0,"key":"Gambling Chip"},{"floor":26.0,"key":"Happy Flower"}],"event_choices":[{"damage_healed":0.0,"max_hp_gain":0.0,"max_hp_loss":0.0,"gold_gain":0.0,"event_name":"Shining Light","player_choice":"Entered Light","floor":2.0,"gold_loss":0.0,"damage_taken":18.0,"cards_upgraded":["Defend_G","Defend_G"]},{"damage_healed":0.0,"max_hp_gain":0.0,"max_hp_loss":0.0,"gold_gain":0.0,"event_name":"World of Goop","player_choice":"Left Gold","floor":4.0,"gold_loss":36.0,"damage_taken":0.0},{"damage_healed":0.0,"max_hp_gain":0.0,"max_hp_loss":0.0,"gold_gain":0.0,"event_name":"Liars Game","player_choice":"Ignored","floor":11.0,"gold_loss":0.0,"damage_taken":0.0},{"damage_healed":0.0,"max_hp_gain":0.0,"max_hp_loss":7.0,"gold_gain":0.0,"event_name":"Golden Idol","player_choice":"Lose Max HP","floor":13.0,"gold_loss":0.0,"damage_taken":0.0,"relics_obtained":["Golden Idol"]},{"damage_healed":0.0,"max_hp_gain":0.0,"max_hp_loss":0.0,"gold_gain":0.0,"event_name":"Colosseum","player_choice":"Fight","floor":19.0,"gold_loss":0.0,"damage_taken":0.0},{"damage_healed":0.0,"max_hp_gain":0.0,"max_hp_loss":0.0,"gold_gain":0.0,"event_name":"Colosseum","player_choice":"Fled From Nobs","floor":19.0,"gold_loss":0.0,"damage_taken":0.0},{"damage_healed":0.0,"max_hp_gain":0.0,"max_hp_loss":0.0,"gold_gain":0.0,"event_name":"Forgotten Altar","player_choice":"Gave Idol","floor":20.0,"relics_lost":["Golden Idol"],"gold_loss":0.0,"damage_taken":0.0,"relics_obtained":["Bloody Idol"]},{"damage_healed":0.0,"max_hp_gain":0.0,"max_hp_loss":0.0,"gold_gain":0.0,"event_name":"Mysterious Sphere","player_choice":"Ignored","floor":37.0,"gold_loss":0.0,"damage_taken":0.0}],"is_beta":false,"boss_relics":[{"not_picked":["Pandora\u0027s Box","Calling Bell"],"picked":"Cursed Key"},{"not_picked":["HoveringKite","Lizard Tail"],"picked":"Empty Cage"}],"items_purged_floors":[3,22],"is_endless":false,"potions_floor_spawned":[1,5,14,21,24,27,30,31,39],"killed_by":"Reptomancer","ascension_level":15}