{"gold_per_floor":[111,111,127,146,165,165,183,197,197,197,222,23,58,80,80,177,177,187,187,35,35],"floor_reached":21,"playtime":1147,"items_purged":[],"score":263,"play_id":"2cdc21bf-d89a-49aa-8984-c14a1e8ab8ce","local_time":"20190808063422","is_ascension_mode":true,"campfire_choices":[{"data":"Uppercut","floor":6,"key":"SMITH"},{"floor":10,"key":"REST"},{"floor":15,"key":"REST"}],"neow_cost":"NONE","seed_source_timestamp":1373951813368229,"circlet_count":0,"master_deck":["Strike_R","Strike_R","Strike_R","Strike_R","Strike_R","Defend_R","Defend_R","Defend_R","Defend_R","Bash","Pommel Strike+1","Uppercut+1","Clothesline","Seeing Red","Pommel Strike","Inflame","Infernal Blade","Limit Break","Flex+1","Immolate"],"relics":["Burning Blood","Ice Cream","Blood Vial","Brimstone","Pocketwatch","Odd Mushroom","Eternal Feather"],"potions_floor_usage":[5,13,16,16],"damage_taken":[{"damage":2,"enemies":"Jaw Worm","floor":1,"turns":5},{"damage":0,"enemies":"Cultist","floor":3,"turns":4},{"damage":20,"enemies":"Small Slimes","floor":4,"turns":4},{"damage":29,"enemies":"Exordium Thugs","floor":5,"turns":5},{"damage":9,"enemies":"Blue Slaver","floor":7,"turns":5},{"damage":9,"enemies":"2 Fungi Beasts","floor":8,"turns":3},{"damage":29,"enemies":"Lagavulin","floor":11,"turns":7},{"damage":19,"enemies":"3 Sentries","floor":13,"turns":5},{"damage":10,"enemies":"The Mushroom Lair","floor":14,"turns":3},{"damage":0,"enemies":"Slime Boss","floor":16,"turns":4},{"damage":42,"enemies":"2 Thieves","floor":18,"turns":4},{"damage":40,"enemies":"3 Byrds","floor":21,"turns":3}],"seed_played":"7151282962394615585","potions_obtained":[{"floor":4,"key":"AttackPotion"},{"floor":5,"key":"GamblersBrew"},{"floor":11,"key":"Energy Potion"},{"floor":13,"key":"Ancient Potion"},{"floor":14,"key":"SteroidPotion"}],"is_trial":false,"path_per_floor":["M","?","M","M","M","R","M","M","T","R","E","$","E","?","R","B",null,"M","?","$","M"],"character_chosen":"IRONCLAD","items_purchased":["Brimstone","Immolate"],"campfire_rested":2,"item_purchase_floors":[12,20],"current_hp_per_floor":[88,88,88,74,51,51,48,45,45,71,48,48,37,35,61,69,88,52,35,35,0],"gold":35,"neow_bonus":"TEN_PERCENT_HP_BONUS","is_prod":false,"is_daily":false,"chose_seed":false,"campfire_upgraded":1,"win_rate":0,"timestamp":1565260462,"path_taken":["M","?","?","M","M","R","M","M","T","R","E","$","E","?","R","BOSS","M","?","?","M"],"build_version":"2019-06-28","purchased_purges":0,"victory":false,"max_hp_per_floor":[88,88,88,88,88,88,88,88,88,88,88,88,88,88,88,88,88,88,93,93,93],"card_choices":[{"not_picked":["Heavy Blade","Body Slam"],"picked":"Pommel Strike","floor":1},{"not_picked":["Heavy Blade","Sword Boomerang","Sentinel"],"picked":"SKIP","floor":3},{"not_picked":["Twin Strike","Entrench","Wild Strike"],"picked":"SKIP","floor":4},{"not_picked":["Sword Boomerang","Evolve"],"picked":"Uppercut","floor":5},{"not_picked":["Headbutt","Rage"],"picked":"Clothesline","floor":7},{"not_picked":["Searing Blow","Demon Form"],"picked":"Seeing Red","floor":8},{"not_picked":["Sword Boomerang","Clash"],"picked":"Pommel Strike","floor":11},{"not_picked":["Anger","Twin Strike"],"picked":"Inflame","floor":13},{"not_picked":["Flex","Searing Blow"],"picked":"Infernal Blade","floor":14},{"not_picked":["Brutality","Barricade"],"picked":"Limit Break","floor":16},{"not_picked":["Twin Strike","Armaments"],"picked":"Flex+1","floor":18}],"player_experience":49821,"relics_obtained":[{"floor":9,"key":"Ice Cream"},{"floor":11,"key":"Blood Vial"},{"floor":13,"key":"Pocketwatch"},{"floor":14,"key":"Odd Mushroom"}],"event_choices":[{"damage_healed":0,"gold_gain":0,"player_choice":"Upgraded","damage_taken":0,"max_hp_gain":0,"max_hp_loss":0,"event_name":"Upgrade Shrine","floor":2,"gold_loss":0,"cards_upgraded":["Pommel Strike"]},{"damage_healed":0,"gold_gain":0,"player_choice":"Fought Mushrooms","damage_taken":0,"max_hp_gain":0,"max_hp_loss":0,"event_name":"Mushrooms","floor":14,"gold_loss":0},{"damage_healed":0,"gold_gain":0,"player_choice":"Shed Blood","damage_taken":22,"max_hp_gain":5,"max_hp_loss":0,"event_name":"Forgotten Altar","floor":19,"gold_loss":0}],"is_beta":true,"boss_relics":[{"not_picked":["Velvet Choker","Busted Crown"],"picked":"Eternal Feather"}],"items_purged_floors":[],"is_endless":false,"potions_floor_spawned":[4,5,11,13,14],"killed_by":"3 Byrds","ascension_level":2}