{"gold_per_floor":[368,8,24,24,38,69,69,94,169,139,139,156,4,17,17,90,90,58,73,73,93,103,103,8,35,61,61,79,79,95,112,112,188,188,198,198,198,70,86,121,46,46,126,161,261,280,297,112,112,112,112,112,75,101,101],"floor_reached":56,"playtime":3565,"items_purged":["Strike_R","Strike_R","Strike_R","Strike_R","Strike_R"],"score":2071,"play_id":"d8a8a5b2-f869-407c-a6ce-06884fe08a85","local_time":"20190309203614","is_ascension_mode":true,"campfire_choices":[{"data":"Body Slam","floor":7.0,"key":"SMITH"},{"data":"True Grit","floor":11.0,"key":"SMITH"},{"data":"Trip","floor":15.0,"key":"SMITH"},{"data":"Dark Embrace","floor":23.0,"key":"SMITH"},{"data":"Second Wind","floor":27.0,"key":"SMITH"},{"data":"Shrug It Off","floor":29.0,"key":"SMITH"},{"data":"Feel No Pain","floor":32.0,"key":"SMITH"},{"data":"Burning Pact","floor":42.0,"key":"SMITH"},{"floor":49.0,"key":"RECALL"},{"data":"Evolve","floor":52,"key":"SMITH"}],"neow_cost":"TEN_PERCENT_HP_LOSS","seed_source_timestamp":2519758363695,"circlet_count":0,"master_deck":["AscendersBane","Defend_R","Defend_R","Defend_R","Defend_R","Bash","Shockwave","True Grit+1","Body Slam+1","Trip+1","Second Wind+1","Evolve+1","Ghostly Armor","Shrug It Off+1","Dark Embrace+1","Feel No Pain+1","Seeing Red","Master of Strategy","Feel No Pain+1","Warcry+1","Shrug It Off+1","Sentinel","Burning Pact+1","Secret Technique","Entrench","Entrench+1"],"special_seed":0,"relics":["Burning Blood","Membership Card","Ornamental Fan","Omamori","Tiny Chest","Art of War","Coffee Dripper","Ginger","Juzu Bracelet","Mark of Pain","Vajra","Kunai","Pocketwatch","Ice Cream"],"potions_floor_usage":[55,55],"damage_taken":[{"damage":1.0,"enemies":"Cultist","floor":1.0,"turns":4.0},{"damage":0.0,"enemies":"Small Slimes","floor":3.0,"turns":4.0},{"damage":4.0,"enemies":"Jaw Worm","floor":5.0,"turns":7.0},{"damage":6.0,"enemies":"Gremlin Nob","floor":6.0,"turns":3.0},{"damage":16.0,"enemies":"3 Sentries","floor":8.0,"turns":8.0},{"damage":6.0,"enemies":"Looter","floor":10.0,"turns":4.0},{"damage":1.0,"enemies":"2 Fungi Beasts","floor":12.0,"turns":5.0},{"damage":3.0,"enemies":"Large Slime","floor":14.0,"turns":9.0},{"damage":16.0,"enemies":"Slime Boss","floor":16.0,"turns":15.0},{"damage":21.0,"enemies":"2 Thieves","floor":18.0,"turns":5.0},{"damage":5.0,"enemies":"Chosen","floor":19.0,"turns":6.0},{"damage":14.0,"enemies":"Centurion and Healer","floor":21.0,"turns":11.0},{"damage":23.0,"enemies":"Chosen and Byrds","floor":22.0,"turns":9.0},{"damage":17.0,"enemies":"Book of Stabbing","floor":25.0,"turns":6.0},{"damage":0.0,"enemies":"3 Cultists","floor":28.0,"turns":6.0},{"damage":0.0,"enemies":"Snake Plant","floor":30.0,"turns":4.0},{"damage":2.0,"enemies":"Snecko","floor":31.0,"turns":5.0},{"damage":24.0,"enemies":"Automaton","floor":33.0,"turns":12.0},{"damage":0.0,"enemies":"3 Shapes","floor":35.0,"turns":5.0},{"damage":0.0,"enemies":"Orb Walker","floor":39.0,"turns":4.0},{"damage":37.0,"enemies":"Reptomancer","floor":40.0,"turns":4.0},{"damage":3.0,"enemies":"Giant Head","floor":44.0,"turns":4.0},{"damage":0.0,"enemies":"Mind Bloom Boss Battle","floor":45.0,"turns":5.0},{"damage":0.0,"enemies":"Maw","floor":46.0,"turns":6.0},{"damage":0.0,"enemies":"Spire Growth","floor":47.0,"turns":3.0},{"damage":0,"enemies":"Awakened One","floor":50,"turns":13},{"damage":0,"enemies":"Shield and Spear","floor":54,"turns":3},{"damage":18,"enemies":"The Heart","floor":55,"turns":9}],"seed_played":"-2749453817863396083","potions_obtained":[{"floor":5.0,"key":"AttackPotion"},{"floor":8.0,"key":"Dexterity Potion"},{"floor":12.0,"key":"EssenceOfSteel"},{"floor":18.0,"key":"BloodPotion"},{"floor":22.0,"key":"Fire Potion"},{"floor":25.0,"key":"SteroidPotion"},{"floor":31.0,"key":"Block Potion"},{"floor":33.0,"key":"Energy Potion"}],"is_trial":false,"path_per_floor":["M","$","M","?","M","E","R","E","T","M","R","M","$","M","R","B",null,"M","M","?","M","M","R","$","E","T","R","M","R","M","M","R","B",null,"M","?","?","$","M","E","$","R","T","E","?","M","M","$","R","B",null,"R","$","E","B",null],"character_chosen":"IRONCLAD","items_purchased":["Membership Card","Shockwave","True Grit","Body Slam","Trip","Art of War","Shrug It Off","Master of Strategy","Sentinel","SpeedPotion","Secret Technique","Entrench"],"campfire_rested":0,"item_purchase_floors":[2,2,2,2,2,13,13,24,38,38,48,53],"current_hp_per_floor":[68,68,68,68,68,68,68,58,58,58,58,63,63,66,66,56,65,50,51,51,43,26,26,26,21,21,21,27,27,33,37,37,19,56,62,62,62,62,68,37,37,37,37,40,46,52,58,58,58,64,67,67,67,68,56],"gold":101,"neow_bonus":"TWO_FIFTY_GOLD","is_prod":false,"is_daily":false,"chose_seed":false,"campfire_upgraded":9,"win_rate":0,"timestamp":1552134974,"path_taken":["M","?","?","?","M","E","R","E","T","M","R","M","?","M","R","BOSS","M","M","?","M","M","R","$","E","T","R","M","R","M","M","R","BOSS","M","?","?","$","M","E","$","R","T","E","?","M","M","$","R","BOSS","R","$","E","BOSS"],"build_version":"2019-02-06","purchased_purges":5,"victory":true,"max_hp_per_floor":[68,68,68,68,68,68,68,68,68,68,68,68,68,68,68,68,68,68,68,68,68,68,68,68,68,68,68,68,68,68,68,68,68,68,68,68,68,68,68,68,68,68,68,68,68,68,68,68,68,68,68,68,68,68,68],"card_choices":[{"not_picked":["Heavy Blade","Iron Wave","Sever Soul"],"picked":"SKIP","floor":1.0},{"not_picked":["Twin Strike","Inflame"],"picked":"Second Wind","floor":3.0},{"not_picked":["Disarm","Body Slam"],"picked":"Evolve","floor":5.0},{"not_picked":["Anger","Rage"],"picked":"Ghostly Armor","floor":6.0},{"not_picked":["Body Slam","Clothesline","Iron Wave"],"picked":"SKIP","floor":8.0},{"not_picked":["Uppercut","Anger","Wild Strike"],"picked":"SKIP","floor":10.0},{"not_picked":["Demon Form","Clash","Searing Blow"],"picked":"SKIP","floor":12.0},{"not_picked":["Combust","Thunderclap","Disarm"],"picked":"SKIP","floor":14.0},{"not_picked":["Reaper","Exhume"],"picked":"Dark Embrace","floor":16.0},{"not_picked":["Burning Pact","Dual Wield"],"picked":"Feel No Pain+1","floor":18.0},{"not_picked":["Armaments","Sword Boomerang","True Grit+1"],"picked":"SKIP","floor":19.0},{"not_picked":["Ghostly Armor","Warcry","Heavy Blade"],"picked":"SKIP","floor":21.0},{"not_picked":["Havoc","Pommel Strike","Seeing Red"],"picked":"SKIP","floor":22.0},{"not_picked":["Havoc","Pommel Strike"],"picked":"Seeing Red","floor":22.0},{"not_picked":["Bloodletting","Havoc","Feed"],"picked":"SKIP","floor":25.0},{"not_picked":["Cleave+1","Havoc+1","Sword Boomerang"],"picked":"SKIP","floor":28.0},{"not_picked":["Cleave","True Grit","Dropkick"],"picked":"SKIP","floor":30.0},{"not_picked":["Berserk","Sword Boomerang"],"picked":"Feel No Pain","floor":31.0},{"not_picked":["Iron Wave+1","Clothesline"],"picked":"Warcry+1","floor":35.0},{"not_picked":["Headbutt","Rampage"],"picked":"Burning Pact","floor":39.0},{"not_picked":["Dark Embrace","Rage+1","Disarm"],"picked":"SKIP","floor":40.0},{"not_picked":["Metallicize","Warcry","True Grit"],"picked":"SKIP","floor":44.0},{"not_picked":["Second Wind","Seeing Red+1","Cleave+1"],"picked":"SKIP","floor":46.0},{"not_picked":["Blood for Blood+1","Heavy Blade","Demon Form"],"picked":"SKIP","floor":47.0},{"not_picked":["Pommel Strike","Feed"],"picked":"Entrench+1","floor":54}],"player_experience":841189,"relics_obtained":[{"floor":6.0,"key":"Ornamental Fan"},{"floor":8.0,"key":"Omamori"},{"floor":9.0,"key":"Tiny Chest"},{"floor":25.0,"key":"Ginger"},{"floor":26.0,"key":"Juzu Bracelet"},{"floor":40.0,"key":"Vajra"},{"floor":44.0,"key":"Kunai"},{"floor":45.0,"key":"Pocketwatch"},{"floor":54,"key":"Ice Cream"}],"event_choices":[{"damage_healed":0.0,"max_hp_gain":0.0,"max_hp_loss":0.0,"gold_gain":0.0,"event_name":"The Cleric","player_choice":"Leave","floor":4.0,"gold_loss":0.0,"damage_taken":0.0},{"damage_healed":0.0,"max_hp_gain":0.0,"max_hp_loss":0.0,"gold_gain":0.0,"event_name":"Beggar","player_choice":"Ignored","floor":20.0,"gold_loss":0.0,"damage_taken":0.0},{"damage_healed":0.0,"max_hp_gain":0.0,"max_hp_loss":0.0,"gold_gain":0.0,"event_name":"Tomb of Lord Red Mask","player_choice":"Ignored","floor":36.0,"gold_loss":0.0,"damage_taken":0.0},{"damage_healed":0.0,"max_hp_gain":0.0,"max_hp_loss":0.0,"gold_gain":0.0,"event_name":"Duplicator","player_choice":"Copied","floor":37.0,"gold_loss":0.0,"damage_taken":0.0,"cards_obtained":["Shrug It Off"]},{"damage_healed":0.0,"max_hp_gain":0.0,"max_hp_loss":0.0,"gold_gain":0.0,"event_name":"MindBloom","player_choice":"Fight","floor":45.0,"gold_loss":0.0,"damage_taken":0.0}],"is_beta":true,"boss_relics":[{"not_picked":["Pandora\u0027s Box","Black Star"],"picked":"Coffee Dripper"},{"not_picked":["Fusion Hammer","Velvet Choker"],"picked":"Mark of Pain"}],"items_purged_floors":[2,13,38,41,48],"is_endless":false,"potions_floor_spawned":[5,8,12,18,22,25,31,33,39,40,44],"ascension_level":15}