{"gold_per_floor":[114,11,161,176,101,101,134,134,134,134,4,4,31,50,50,124,124,134,134,152,60,76,76,102,102,158,177,177,177,98,117,117,117],"floor_reached":33,"playtime":1383,"items_purged":["Strike_B"],"score":592,"play_id":"096b8029-5991-41ba-a390-ff6bc9ae9257","local_time":"20190302142350","is_ascension_mode":true,"campfire_choices":[{"data":"Coolheaded","floor":6.0,"key":"SMITH"},{"data":"Self Repair","floor":8.0,"key":"SMITH"},{"data":"Sunder","floor":15.0,"key":"SMITH"},{"data":"Hologram","floor":23.0,"key":"SMITH"},{"data":"Double Energy","floor":25,"key":"SMITH"},{"data":"Multi-Cast","floor":29,"key":"SMITH"},{"data":"Defragment","floor":32,"key":"SMITH"}],"neow_cost":"NONE","seed_source_timestamp":23390859410607,"circlet_count":0,"master_deck":["AscendersBane","Strike_B","Strike_B","Defend_B","Defend_B","Defend_B","Defend_B+1","Zap","Dualcast+1","Auto Shields","Coolheaded+1","Glacier","Self Repair+1","Doom and Gloom","Sunder+1","Double Energy+1","Capacitor","Multi-Cast+1","Barrage+1","PanicButton","Hologram+1","White Noise","Defragment+1","Loop"],"special_seed":0,"relics":["Cracked Core","NeowsBlessing","Strawberry","Matryoshka","Lizard Tail","Letter Opener","Potion Belt","Tiny Chest","Shuriken","Ancient Tea Set"],"potions_floor_usage":[24,24,33],"damage_taken":[{"damage":0.0,"enemies":"Jaw Worm","floor":1.0,"turns":1.0},{"damage":0.0,"enemies":"2 Louse","floor":4.0,"turns":1.0},{"damage":0.0,"enemies":"Lagavulin","floor":7.0,"turns":1.0},{"damage":10.0,"enemies":"3 Sentries","floor":13.0,"turns":4.0},{"damage":7.0,"enemies":"Small Slimes","floor":14.0,"turns":3.0},{"damage":29.0,"enemies":"Slime Boss","floor":16.0,"turns":11.0},{"damage":12.0,"enemies":"Shell Parasite","floor":18.0,"turns":9.0},{"damage":17.0,"enemies":"Chosen","floor":20.0,"turns":8.0},{"damage":38.0,"enemies":"Snake Plant","floor":22.0,"turns":6.0},{"damage":28,"enemies":"Gremlin Leader","floor":24,"turns":8},{"damage":31,"enemies":"Shelled Parasite and Fungi","floor":27,"turns":8},{"damage":9,"enemies":"Chosen and Byrds","floor":31,"turns":6},{"damage":41,"enemies":"Collector","floor":33,"turns":11}],"seed_played":"7692541427500133143","potions_obtained":[{"floor":1.0,"key":"GamblersBrew"},{"floor":4.0,"key":"EssenceOfSteel"},{"floor":13.0,"key":"PowerPotion"},{"floor":14.0,"key":"PowerPotion"},{"floor":31,"key":"Fire Potion"}],"is_trial":false,"path_per_floor":["M","$","?","M","?","R","E","R","T","?","$","?","E","M","R","B",null,"M","?","M","$","M","R","E","R","T","M","T","R","$","M","R","B"],"character_chosen":"DEFECT","items_purchased":["Coolheaded","Doom and Gloom","Sunder","PanicButton","Defragment"],"campfire_rested":0,"item_purchase_floors":[2,11,11,21,30],"current_hp_per_floor":[64,64,64,64,64,64,71,71,71,48,48,48,48,51,51,32,67,65,65,58,58,30,30,12,12,12,37,37,37,37,38,38,0],"gold":117,"neow_bonus":"THREE_ENEMY_KILL","is_prod":false,"is_daily":false,"chose_seed":false,"campfire_upgraded":7,"win_rate":0,"timestamp":1551507830,"path_taken":["M","$","?","M","?","R","E","R","T","?","$","?","E","M","R","BOSS","M","?","?","$","M","R","E","R","T","M","?","R","$","M","R","BOSS"],"build_version":"2019-02-06","purchased_purges":1,"victory":false,"max_hp_per_floor":[71,71,71,71,71,71,78,78,78,78,78,78,78,78,78,78,78,78,78,78,78,78,78,78,78,78,78,78,78,78,78,78,78],"card_choices":[{"not_picked":["Steam","Compile Driver"],"picked":"Auto Shields","floor":1.0},{"not_picked":["Conserve Battery","Static Discharge"],"picked":"Glacier","floor":4.0},{"not_picked":["Barrage","Gash"],"picked":"Self Repair","floor":7.0},{"not_picked":["Reprogram","Compile Driver"],"picked":"Capacitor","floor":13.0},{"not_picked":["Gash","Storm","Leap"],"picked":"SKIP","floor":14.0},{"not_picked":["Hyperbeam","Core Surge"],"picked":"Multi-Cast","floor":16.0},{"not_picked":["Sunder","Lockon"],"picked":"Barrage+1","floor":18.0},{"not_picked":["Turbo","Stack","Storm"],"picked":"SKIP","floor":20.0},{"not_picked":["Stack","Turbo"],"picked":"Hologram","floor":22.0},{"not_picked":["Steam","Self Repair+1"],"picked":"White Noise","floor":24},{"not_picked":["Double Energy","Steam","Scrape"],"picked":"SKIP","floor":27},{"not_picked":["Chill","Hologram"],"picked":"Loop","floor":31}],"player_experience":812419,"relics_obtained":[{"floor":7.0,"key":"Strawberry"},{"floor":13.0,"key":"Matryoshka"},{"floor":24,"key":"Letter Opener"},{"floor":26,"key":"Potion Belt"},{"floor":26,"key":"Tiny Chest"},{"floor":28,"key":"Shuriken"},{"floor":28,"key":"Ancient Tea Set"}],"event_choices":[{"damage_healed":0.0,"max_hp_gain":0.0,"max_hp_loss":0.0,"gold_gain":150.0,"event_name":"Liars Game","player_choice":"AGREE","floor":3.0,"gold_loss":0.0,"damage_taken":0.0,"cards_obtained":["Doubt"]},{"cards_removed":["Doubt"],"damage_healed":0.0,"max_hp_gain":0.0,"max_hp_loss":0.0,"gold_gain":0.0,"event_name":"The Cleric","player_choice":"Card Removal","floor":5.0,"gold_loss":75.0,"damage_taken":0.0},{"damage_healed":0.0,"max_hp_gain":0.0,"max_hp_loss":0.0,"gold_gain":0.0,"event_name":"Shining Light","player_choice":"Entered Light","floor":10.0,"gold_loss":0.0,"damage_taken":23.0,"cards_upgraded":["Dualcast","Defend_B"]},{"damage_healed":0.0,"max_hp_gain":0.0,"max_hp_loss":0.0,"gold_gain":0.0,"cards_transformed":["Strike_B"],"event_name":"Transmorgrifier","player_choice":"Transformed","floor":12.0,"gold_loss":0.0,"damage_taken":0.0,"cards_obtained":["Double Energy"]},{"damage_healed":0.0,"max_hp_gain":0.0,"max_hp_loss":0.0,"gold_gain":0.0,"event_name":"Match and Keep!","player_choice":"0 cards matched","floor":19.0,"gold_loss":0.0,"damage_taken":0.0,"cards_obtained":[]}],"is_beta":true,"boss_relics":[{"not_picked":["Calling Bell","Empty Cage"],"picked":"Lizard Tail"}],"items_purged_floors":[2],"is_endless":false,"potions_floor_spawned":[1,4,13,14,16,18,22,31],"killed_by":"Collector","ascension_level":20}