{"gold_per_floor":[114,125,125,50,68,68,100,100,100,100,117,135,60,60,60,136,136,120,45,45,64,83,83,99,99,99,99,109,136,60,77,77,152,152,169,181,3,53,78,78,108,108,108,108,135,145,155,255,255,255],"floor_reached":51,"playtime":2757,"items_purged":["Strike_G","Strike_G"],"score":1525,"play_id":"13969a08-97a0-4308-a00f-84e9ece798af","local_time":"20190208204642","is_ascension_mode":true,"campfire_choices":[{"data":"Noxious Fumes","floor":6.0,"key":"SMITH"},{"data":"Neutralize","floor":8.0,"key":"SMITH"},{"data":"Well Laid Plans","floor":10.0,"key":"SMITH"},{"data":"Bane","floor":15.0,"key":"SMITH"},{"data":"Prepared","floor":23.0,"key":"SMITH"},{"data":"Grand Finale","floor":25.0,"key":"SMITH"},{"data":"After Image","floor":32.0,"key":"SMITH"},{"data":"Reflex","floor":40.0,"key":"SMITH"},{"data":"Terror","floor":42,"key":"SMITH"},{"floor":44,"key":"REST"},{"data":"Expertise","floor":49,"key":"SMITH"}],"neow_cost":"NONE","seed_source_timestamp":2960719062655,"circlet_count":0,"master_deck":["AscendersBane","Defend_G","Defend_G","Defend_G","Defend_G","Defend_G","Survivor","Neutralize+1","Backflip","Well Laid Plans+1","Noxious Fumes+1","Dagger Spray","Bane+1","Grand Finale+1","Deflect","Prepared+1","Acrobatics","After Image+1","Terror+1","Reflex+1","Concentrate+1","Expertise+1"],"special_seed":0,"relics":["Ring of the Snake","NeowsBlessing","Boot","Bottled Tornado","White Beast Statue","FaceOfCleric","Gremlin Horn","Paper Crane","Empty Cage","The Specimen","Omamori","Molten Egg 2","FossilizedHelix","Calipers"],"potions_floor_usage":[50,50],"damage_taken":[{"damage":0.0,"enemies":"Cultist","floor":1.0,"turns":1.0},{"damage":0.0,"enemies":"2 Louse","floor":2.0,"turns":1.0},{"damage":0.0,"enemies":"Jaw Worm","floor":5.0,"turns":1.0},{"damage":14.0,"enemies":"3 Sentries","floor":7.0,"turns":8.0},{"damage":14.0,"enemies":"Exordium Wildlife","floor":11.0,"turns":6.0},{"damage":0.0,"enemies":"Large Slime","floor":12.0,"turns":4.0},{"damage":20.0,"enemies":"Slime Boss","floor":16.0,"turns":9.0},{"damage":8.0,"enemies":"2 Thieves","floor":18.0,"turns":4.0},{"damage":12.0,"enemies":"Chosen","floor":21.0,"turns":5.0},{"damage":3.0,"enemies":"Centurion and Healer","floor":22.0,"turns":5.0},{"damage":2.0,"enemies":"Sentry and Sphere","floor":24.0,"turns":3.0},{"damage":4.0,"enemies":"3 Cultists","floor":28.0,"turns":3.0},{"damage":24.0,"enemies":"Book of Stabbing","floor":29.0,"turns":6.0},{"damage":0.0,"enemies":"Cultist and Chosen","floor":31.0,"turns":4.0},{"damage":0.0,"enemies":"Collector","floor":33.0,"turns":7.0},{"damage":1.0,"enemies":"Orb Walker","floor":35.0,"turns":7.0},{"damage":7.0,"enemies":"3 Shapes","floor":36.0,"turns":4.0},{"damage":15.0,"enemies":"2 Orb Walkers","floor":38.0,"turns":5.0},{"damage":4,"enemies":"Giant Head","floor":41,"turns":7},{"damage":9,"enemies":"Reptomancer","floor":45,"turns":6},{"damage":0,"enemies":"Spire Growth","floor":46,"turns":3},{"damage":2,"enemies":"Jaw Worm Horde","floor":47,"turns":3},{"damage":0,"enemies":"Mind Bloom Boss Battle","floor":48,"turns":5},{"damage":0,"enemies":"Awakened One","floor":50,"turns":9}],"seed_played":"-2533278446458186424","potions_obtained":[{"floor":5.0,"key":"SpeedPotion"},{"floor":11.0,"key":"Explosive Potion"},{"floor":12.0,"key":"SkillPotion"},{"floor":18.0,"key":"Energy Potion"},{"floor":22.0,"key":"PowerPotion"},{"floor":24.0,"key":"Swift Potion"},{"floor":29.0,"key":"AttackPotion"},{"floor":31.0,"key":"GamblersBrew"},{"floor":33.0,"key":"GhostInAJar"},{"floor":35.0,"key":"EntropicBrew"},{"floor":45,"key":"Swift Potion"}],"is_trial":false,"path_per_floor":["M","M","?","$","M","R","E","R","T","R","M","M","$","?","R","B",null,"M","?","?","M","M","R","M","R","T","$","M","E","$","M","R","B",null,"M","M","$","?","T","R","E","R","T","R","E","M","M","?","R","B",null],"character_chosen":"THE_SILENT","items_purchased":["Well Laid Plans","After Image","Reflex"],"campfire_rested":1,"item_purchase_floors":[4,30,37],"current_hp_per_floor":[59,59,59,59,59,59,45,45,45,45,31,31,31,31,31,11,52,44,44,44,33,31,31,30,30,30,30,27,4,4,5,5,6,56,56,50,50,36,36,36,33,33,33,56,48,49,48,49,49,50],"gold":255,"neow_bonus":"THREE_ENEMY_KILL","is_prod":false,"is_daily":false,"chose_seed":false,"campfire_upgraded":10,"win_rate":0,"timestamp":1549630002,"path_taken":["M","?","?","$","M","R","E","R","T","R","M","M","$","?","R","BOSS","M","?","?","M","?","R","M","R","T","$","M","E","$","M","R","BOSS","M","?","$","?","?","R","E","R","T","R","E","M","M","?","R","BOSS"],"build_version":"2019-02-06","purchased_purges":2,"victory":true,"max_hp_per_floor":[66,66,66,66,66,66,66,66,66,66,66,66,66,66,66,66,66,66,66,66,67,68,68,69,69,69,69,70,71,71,72,72,73,73,74,75,75,76,76,76,77,77,77,77,78,79,80,81,81,82],"card_choices":[{"not_picked":["Poisoned Stab","Sucker Punch"],"picked":"Backflip","floor":1.0},{"not_picked":["Outmaneuver","Prepared","Bane"],"picked":"SKIP","floor":2.0},{"not_picked":["Deflect","Riddle With Holes"],"picked":"Noxious Fumes","floor":5.0},{"not_picked":["Dagger Throw","Cloak And Dagger","Dodge and Roll"],"picked":"SKIP","floor":7.0},{"not_picked":["Dodge and Roll","Slice","Dagger Spray"],"picked":"SKIP","floor":11.0},{"not_picked":["Dodge and Roll","Slice"],"picked":"Dagger Spray","floor":11.0},{"not_picked":["Dodge and Roll","Slice"],"picked":"Bane","floor":12.0},{"not_picked":["Malaise","A Thousand Cuts"],"picked":"Grand Finale","floor":16.0},{"not_picked":["Slice+1","Outmaneuver"],"picked":"Deflect","floor":18.0},{"not_picked":["Cloak And Dagger","Underhanded Strike"],"picked":"Prepared","floor":21.0},{"not_picked":["Skewer","Sucker Punch","Flying Knee"],"picked":"SKIP","floor":22.0},{"not_picked":["Skewer","Sucker Punch","Flying Knee"],"picked":"SKIP","floor":22.0},{"not_picked":["All Out Attack","Catalyst","Bane"],"picked":"SKIP","floor":24.0},{"not_picked":["Caltrops","Accuracy"],"picked":"Acrobatics","floor":28.0},{"not_picked":["Storm of Steel","Outmaneuver","Sucker Punch"],"picked":"SKIP","floor":29.0},{"not_picked":["Masterful Stab","PiercingWail","Noxious Fumes"],"picked":"SKIP","floor":31.0},{"not_picked":["All Out Attack","Deflect+1","Flying Knee"],"picked":"SKIP","floor":35.0},{"not_picked":["Dagger Spray","Deflect+1"],"picked":"Terror","floor":36.0},{"not_picked":["Outmaneuver","Backflip+1","Quick Slash+1"],"picked":"SKIP","floor":41},{"not_picked":["Blade Dance","Choke+1","Skewer+1"],"picked":"SKIP","floor":45},{"not_picked":["Cloak And Dagger+1","Dodge and Roll"],"picked":"Concentrate+1","floor":46},{"not_picked":["Riddle With Holes+1","Blade Dance+1"],"picked":"Expertise","floor":47}],"player_experience":755537,"relics_obtained":[{"floor":7.0,"key":"Boot"},{"floor":9.0,"key":"Bottled Tornado"},{"floor":26.0,"key":"Gremlin Horn"},{"floor":29.0,"key":"Paper Crane"},{"floor":38.0,"key":"The Specimen"},{"floor":39.0,"key":"Omamori"},{"floor":41,"key":"Molten Egg 2"},{"floor":45,"key":"FossilizedHelix"},{"floor":48,"key":"Calipers"}],"event_choices":[{"damage_healed":0.0,"max_hp_gain":0.0,"max_hp_loss":0.0,"gold_gain":0.0,"event_name":"Shining Light","player_choice":"Ignored","floor":3.0,"gold_loss":0.0,"damage_taken":0.0},{"damage_healed":0.0,"max_hp_gain":0.0,"max_hp_loss":0.0,"gold_gain":0.0,"event_name":"Liars Game","player_choice":"Ignored","floor":14.0,"gold_loss":0.0,"damage_taken":0.0},{"cards_removed":["Strike_G"],"damage_healed":0.0,"max_hp_gain":0.0,"max_hp_loss":0.0,"gold_gain":0.0,"event_name":"Beggar","player_choice":"Gave Gold","floor":19.0,"gold_loss":75.0,"damage_taken":0.0},{"damage_healed":0.0,"max_hp_gain":0.0,"max_hp_loss":0.0,"gold_gain":0.0,"event_name":"FaceTrader","player_choice":"Trade","floor":20.0,"gold_loss":0.0,"damage_taken":0.0,"relics_obtained":["FaceOfCleric"]},{"damage_healed":0.0,"max_hp_gain":0.0,"max_hp_loss":0.0,"gold_gain":0.0,"event_name":"Mysterious Sphere","player_choice":"Fight","floor":38.0,"gold_loss":0.0,"damage_taken":0.0},{"damage_healed":0,"gold_gain":0,"player_choice":"Fight","damage_taken":0,"max_hp_gain":0,"max_hp_loss":0,"event_name":"MindBloom","floor":48,"gold_loss":0}],"is_beta":true,"boss_relics":[{"not_picked":["Fusion Hammer","Ectoplasm"],"picked":"White Beast Statue"},{"not_picked":["Eternal Feather","Cursed Key"],"picked":"Empty Cage"}],"items_purged_floors":[13,37],"is_endless":false,"potions_floor_spawned":[5,11,12,18,21,22,24,28,29,31,33,35,36,38,41,45,46,47,48],"ascension_level":15}