{"gold_per_floor":[112,132,132,132,20,20,53,67,67,80,95,114,114,140,140,140],"floor_reached":16,"playtime":479,"items_purged":["Strike_B"],"score":224,"play_id":"e2d12d48-0aae-485c-91d4-244f0770ba92","local_time":"20190504174359","is_ascension_mode":true,"campfire_choices":[{"data":"Madness","floor":6.0,"key":"SMITH"},{"data":"Sunder","floor":13.0,"key":"SMITH"},{"data":"Fission","floor":15.0,"key":"SMITH"}],"neow_cost":"TEN_PERCENT_HP_LOSS","seed_source_timestamp":23985945605282,"circlet_count":0,"master_deck":["AscendersBane","Strike_B","Strike_B","Strike_B","Defend_B","Defend_B","Defend_B","Defend_B","Zap","Dualcast","Dramatic Entrance","Madness+1","Conserve Battery","Streamline+1","Capacitor","Ball Lightning","Cold Snap","Sunder+1","Fission+1"],"special_seed":0,"relics":["Cracked Core","Meat on the Bone","Frozen Egg 2"],"potions_floor_usage":[],"damage_taken":[{"damage":7.0,"enemies":"Jaw Worm","floor":1.0,"turns":2.0},{"damage":10.0,"enemies":"Small Slimes","floor":2.0,"turns":3.0},{"damage":33.0,"enemies":"3 Sentries","floor":7.0,"turns":7.0},{"damage":0.0,"enemies":"2 Louse","floor":8.0,"turns":2.0},{"damage":4.0,"enemies":"Looter","floor":10.0,"turns":3.0},{"damage":10.0,"enemies":"Lots of Slimes","floor":11.0,"turns":3.0},{"damage":0.0,"enemies":"Large Slime","floor":12.0,"turns":3.0},{"damage":28.0,"enemies":"Lagavulin","floor":14.0,"turns":5.0},{"damage":0,"enemies":"Slime Boss","floor":16,"turns":3}],"seed_played":"1865688156367539380","potions_obtained":[{"floor":1.0,"key":"Dexterity Potion"},{"floor":11.0,"key":"Dexterity Potion"}],"is_trial":false,"path_per_floor":["M","M","?","?","$","R","E","M","T","M","M","M","R","E","R","B"],"character_chosen":"DEFECT","items_purchased":["Capacitor"],"campfire_rested":0,"item_purchase_floors":[5],"current_hp_per_floor":[57,47,47,47,47,47,14,26,26,34,36,36,36,20,20,20],"gold":140,"neow_bonus":"RANDOM_COLORLESS_2","is_prod":false,"is_daily":false,"chose_seed":false,"campfire_upgraded":3,"win_rate":0,"timestamp":1556963039,"path_taken":["M","M","?","?","$","R","E","M","T","M","M","M","R","E","R","BOSS"],"build_version":"2019-01-23","purchased_purges":1,"victory":false,"max_hp_per_floor":[64,64,64,64,64,64,64,64,64,64,64,64,64,64,64,64],"card_choices":[{"not_picked":["Steam","Go for the Eyes"],"picked":"Conserve Battery","floor":1.0},{"not_picked":["Hologram","Stack"],"picked":"Streamline","floor":2.0},{"not_picked":["Aggregate","Melter","Barrage"],"picked":"SKIP","floor":7.0},{"not_picked":["Sweeping Beam","Loop"],"picked":"Ball Lightning","floor":8.0},{"not_picked":["Compile Driver","White Noise"],"picked":"Cold Snap","floor":10.0},{"not_picked":["Double Energy","Cold Snap"],"picked":"Sunder","floor":11.0},{"not_picked":["Auto Shields","Streamline","Scrape"],"picked":"SKIP","floor":12.0},{"not_picked":["Force Field","Conserve Battery"],"picked":"Fission","floor":14.0}],"player_experience":968175,"relics_obtained":[{"floor":7.0,"key":"Meat on the Bone"},{"floor":14.0,"key":"Frozen Egg 2"}],"event_choices":[{"damage_healed":0.0,"max_hp_gain":0.0,"max_hp_loss":0.0,"gold_gain":0.0,"event_name":"Living Wall","player_choice":"Grow","floor":3.0,"gold_loss":0.0,"damage_taken":0.0,"cards_upgraded":["Streamline"]},{"damage_healed":0.0,"max_hp_gain":0.0,"max_hp_loss":0.0,"gold_gain":0.0,"event_name":"The Cleric","player_choice":"Leave","floor":4.0,"gold_loss":0.0,"damage_taken":0.0}],"is_beta":false,"boss_relics":[],"items_purged_floors":[5],"is_endless":false,"potions_floor_spawned":[1,11,14],"killed_by":"Slime Boss","ascension_level":20}