{"gold_per_floor":[115,135,155,29,42,42,69,69,92,117,117,117,132,152,152,247,247,267,182,182,207,207,240,240,273,273,273,273,352,352,134,134,233,233,249,149,119,119,137,137,137,137,137,137,137],"floor_reached":46,"playtime":1961,"items_purged":["Predator","Poisoned Stab"],"score":1148,"play_id":"c1b00082-59e2-4453-9633-b5991d5b9e5b","local_time":"20181110124930","is_ascension_mode":true,"campfire_choices":[{"data":"Neutralize","floor":6.0,"key":"SMITH"},{"data":"Reflex","floor":8.0,"key":"SMITH"},{"data":"Prepared","floor":15.0,"key":"SMITH"},{"data":"Calculated Gamble","floor":24.0,"key":"SMITH"},{"data":"Adrenaline","floor":30.0,"key":"SMITH"},{"data":"Concentrate","floor":32.0,"key":"SMITH"},{"data":"Acrobatics","floor":40,"key":"SMITH"},{"data":"Grand Finale","floor":42,"key":"SMITH"}],"neow_cost":"NONE","seed_source_timestamp":266379310627,"circlet_count":0,"master_deck":["AscendersBane","Survivor+1","Neutralize+1","Grand Finale+1","All Out Attack","Dagger Throw","Backstab","Reflex+1","Prepared+1","Escape Plan","Adrenaline+1","Flechettes","Dagger Spray","Dodge and Roll","Backflip+1","Acrobatics+1","Eviscerate","Calculated Gamble+1","Prepared","Poisoned Stab","Concentrate+1","Tools of the Trade","Quick Slash+1","Backflip+1"],"special_seed":0,"relics":["Ring of the Snake","Bronze Scales","PreservedInsect","Potion Belt","Golden Idol","Pandora\u0027s Box","Ancient Tea Set","Nloth\u0027s Gift","Juzu Bracelet","Mummified Hand","Kunai","Black Star","War Paint","Darkstone Periapt"],"potions_floor_usage":[33,33,33,45,45,45,45],"damage_taken":[{"damage":5.0,"enemies":"Cultist","floor":1.0,"turns":5.0},{"damage":6.0,"enemies":"2 Louse","floor":2.0,"turns":2.0},{"damage":8.0,"enemies":"Small Slimes","floor":3.0,"turns":4.0},{"damage":4.0,"enemies":"Blue Slaver","floor":5.0,"turns":4.0},{"damage":2.0,"enemies":"3 Sentries","floor":7.0,"turns":3.0},{"damage":15.0,"enemies":"Lagavulin","floor":10.0,"turns":5.0},{"damage":2.0,"enemies":"Red Slaver","floor":13.0,"turns":3.0},{"damage":0.0,"enemies":"Large Slime","floor":14.0,"turns":3.0},{"damage":12.0,"enemies":"Slime Boss","floor":16.0,"turns":7.0},{"damage":0.0,"enemies":"Spheric Guardian","floor":18.0,"turns":3.0},{"damage":3.0,"enemies":"Shell Parasite","floor":21.0,"turns":2.0},{"damage":1.0,"enemies":"Gremlin Leader","floor":23.0,"turns":3.0},{"damage":14.0,"enemies":"Slavers","floor":25.0,"turns":5.0},{"damage":8.0,"enemies":"Colosseum Slavers","floor":27.0,"turns":2.0},{"damage":5,"enemies":"Automaton","floor":33,"turns":10},{"damage":1,"enemies":"3 Darklings","floor":35,"turns":3},{"damage":8,"enemies":"Orb Walker","floor":39,"turns":3},{"damage":11,"enemies":"Donu and Deca","floor":45,"turns":5}],"seed_played":"-1966208924226390792","potions_obtained":[{"floor":1.0,"key":"Fire Potion"},{"floor":3.0,"key":"Explosive Potion"},{"floor":10.0,"key":"SkillPotion"},{"floor":16.0,"key":"LiquidBronze"},{"floor":18.0,"key":"Explosive Potion"},{"floor":25.0,"key":"PowerPotion"},{"floor":35,"key":"PowerPotion"},{"floor":37,"key":"Explosive Potion"},{"floor":37,"key":"LiquidBronze"}],"is_trial":false,"path_per_floor":["M","M","M","$","M","R","E","R","T","E","?","?","M","M","R","B",null,"M","?","?","M","?","E","R","E","T","?","?","T","R","$","R","B",null,"M","$","?","?","M","R","?","R","T","?","B",null],"character_chosen":"THE_SILENT","items_purchased":["All Out Attack","Dagger Throw","Concentrate","Weak Potion"],"campfire_rested":0,"item_purchase_floors":[4,4,31,31],"current_hp_per_floor":[54,48,40,40,36,36,34,34,34,19,19,19,19,21,21,11,48,50,50,50,49,49,48,48,34,34,26,26,26,26,26,26,21,50,49,49,49,49,41,41,41,41,41,41,30],"gold":137,"neow_bonus":"ONE_RANDOM_RARE_CARD","is_prod":false,"is_daily":false,"chose_seed":false,"campfire_upgraded":8,"win_rate":0,"timestamp":1541825370,"path_taken":["M","?","M","?","M","R","E","R","T","E","?","?","M","M","R","BOSS","M","?","?","M","?","E","R","E","T","?","?","?","R","$","R","BOSS","M","$","?","?","M","R","?","R","T","?","BOSS"],"build_version":"2018-11-08","purchased_purges":2,"victory":true,"max_hp_per_floor":[66,66,66,66,66,66,66,66,66,66,66,60,60,60,60,60,60,60,60,60,60,60,60,60,60,60,60,60,60,60,60,60,60,60,60,60,60,60,60,60,60,60,60,60,60],"card_choices":[{"not_picked":["Concentrate","Cloak And Dagger"],"picked":"Predator","floor":1.0},{"not_picked":["Caltrops","Predator","Sucker Punch"],"picked":"SKIP","floor":2.0},{"not_picked":["Skewer","Slice","Cloak And Dagger"],"picked":"SKIP","floor":3.0},{"not_picked":["Accuracy","PiercingWail"],"picked":"Backstab","floor":5.0},{"not_picked":["Bullet Time","Terror"],"picked":"Reflex","floor":7.0},{"not_picked":["Reflex","Blade Dance"],"picked":"Prepared","floor":10.0},{"not_picked":["Deadly Poison","Skewer","Dagger Throw"],"picked":"SKIP","floor":13.0},{"not_picked":["Endless Agony","Prepared"],"picked":"Escape Plan","floor":14.0},{"not_picked":["Doppelganger","Unload"],"picked":"Adrenaline","floor":16.0},{"not_picked":["Blade Dance","Choke","Backstab"],"picked":"SKIP","floor":18.0},{"not_picked":["Skewer","Dagger Spray","Blade Dance"],"picked":"SKIP","floor":21.0},{"not_picked":["Unload","Calculated Gamble","Die Die Die"],"picked":"SKIP","floor":23.0},{"not_picked":["Dagger Spray+1","Poisoned Stab","Underhanded Strike"],"picked":"SKIP","floor":25.0},{"not_picked":["A Thousand Cuts","Grand Finale"],"picked":"Tools of the Trade","floor":33},{"not_picked":["Underhanded Strike+1","Dodge and Roll"],"picked":"Quick Slash+1","floor":35},{"not_picked":["Bane","Prepared"],"picked":"Backflip+1","floor":39}],"player_experience":521934,"relics_obtained":[{"floor":7.0,"key":"Bronze Scales"},{"floor":9.0,"key":"PreservedInsect"},{"floor":10.0,"key":"Potion Belt"},{"floor":23.0,"key":"Juzu Bracelet"},{"floor":25.0,"key":"Mummified Hand"},{"floor":29.0,"key":"Kunai"},{"floor":41,"key":"War Paint"},{"floor":43,"key":"Darkstone Periapt"}],"event_choices":[{"damage_healed":0.0,"max_hp_gain":0.0,"max_hp_loss":0.0,"gold_gain":0.0,"event_name":"Dead Adventurer","player_choice":"Searched \u00271\u0027 times","floor":11.0,"gold_loss":0.0,"damage_taken":0.0,"relics_obtained":["Blood Vial"]},{"damage_healed":0.0,"max_hp_gain":0.0,"max_hp_loss":6.0,"gold_gain":0.0,"event_name":"Golden Idol","player_choice":"Lose Max HP","floor":12.0,"gold_loss":0.0,"damage_taken":0.0,"relics_obtained":["Golden Idol"]},{"damage_healed":0.0,"max_hp_gain":0.0,"max_hp_loss":0.0,"gold_gain":0.0,"event_name":"Addict","player_choice":"Obtained Relic","floor":19.0,"gold_loss":85.0,"damage_taken":0.0,"relics_obtained":["Ancient Tea Set"]},{"damage_healed":0.0,"max_hp_gain":0.0,"max_hp_loss":0.0,"gold_gain":0.0,"event_name":"Ghosts","player_choice":"Ignored","floor":20.0,"gold_loss":0.0,"damage_taken":0.0},{"damage_healed":0.0,"max_hp_gain":0.0,"max_hp_loss":0.0,"gold_gain":0.0,"event_name":"N\u0027loth","player_choice":"Traded Relic","floor":22.0,"relics_lost":["Blood Vial"],"gold_loss":0.0,"damage_taken":0.0,"relics_obtained":["Nloth\u0027s Gift"]},{"damage_healed":0.0,"max_hp_gain":0.0,"max_hp_loss":0.0,"gold_gain":0.0,"event_name":"Colosseum","player_choice":"Fight","floor":27.0,"gold_loss":0.0,"damage_taken":0.0},{"damage_healed":0.0,"max_hp_gain":0.0,"max_hp_loss":0.0,"gold_gain":0.0,"event_name":"Colosseum","player_choice":"Fled From Nobs","floor":27.0,"gold_loss":0.0,"damage_taken":0.0},{"damage_healed":0.0,"max_hp_gain":0.0,"max_hp_loss":0.0,"gold_gain":0.0,"event_name":"The Mausoleum","player_choice":"Ignored","floor":28.0,"gold_loss":0.0,"damage_taken":0.0},{"damage_healed":0,"gold_gain":0,"player_choice":"Bought 2 Potions","damage_taken":0,"max_hp_gain":0,"max_hp_loss":0,"event_name":"The Woman in Blue","floor":37,"gold_loss":0},{"damage_healed":0,"gold_gain":0,"player_choice":"Memory 1","damage_taken":0,"max_hp_gain":0,"max_hp_loss":0,"event_name":"SensoryStone","floor":38,"gold_loss":0},{"damage_healed":0,"gold_gain":0,"player_choice":"Relic","damage_taken":0,"max_hp_gain":0,"max_hp_loss":0,"event_name":"Wheel of Change","floor":41,"gold_loss":0},{"damage_healed":0,"gold_gain":0,"player_choice":"Took Portal","damage_taken":0,"max_hp_gain":0,"max_hp_loss":0,"event_name":"SecretPortal","floor":44,"gold_loss":0}],"is_beta":true,"boss_relics":[{"not_picked":["Ectoplasm","Busted Crown"],"picked":"Pandora\u0027s Box"},{"not_picked":["Runic Dome","Orrery"],"picked":"Black Star"}],"items_purged_floors":[31,36],"is_endless":false,"potions_floor_spawned":[1,3,5,10,16,18,25,35],"ascension_level":16}