{"gold_per_floor":[117,87,9,27,106,106,131,131,178,189,2,2,2],"floor_reached":13,"playtime":372,"items_purged":["Strike_B"],"score":142,"play_id":"0ddc2904-24f8-4499-8d8f-9190f2d11cb5","local_time":"20190419215857","is_ascension_mode":true,"campfire_choices":[{"data":"BasicCrystalCard","floor":6.0,"key":"SMITH"},{"data":"Zap","floor":8.0,"key":"SMITH"}],"neow_cost":"NONE","seed_source_timestamp":0,"circlet_count":0,"master_deck":["AscendersBane","Strike_B","Strike_B","Strike_B","Defend_B","Defend_B","Defend_B","Defend_B","Zap+1","Dualcast","Biased Cognition","FIFO Queue","BasicCrystalCard+1","All For One","Darkness","ReplayTheSpireMod:GoodbyeWorld","Redo"],"special_seed":0,"relics":["Cracked Core","Pear","Replay:Accelerometer"],"potions_floor_usage":[],"damage_taken":[{"damage":2.0,"enemies":"Jaw Worm","floor":1.0,"turns":2.0},{"damage":1.0,"enemies":"Cultist","floor":4.0,"turns":3.0},{"damage":50.0,"enemies":"Gremlin Nob","floor":7.0,"turns":5.0},{"damage":5.0,"enemies":"Small Slimes","floor":10.0,"turns":3.0},{"damage":22,"enemies":"Erikyupuro","floor":13,"turns":3}],"seed_played":"6821812575225079900","potions_obtained":[{"floor":2.0,"key":"SneckoOil"},{"floor":2.0,"key":"Venom Potion"},{"floor":10.0,"key":"Energy Potion"}],"is_trial":false,"path_per_floor":["M","?","$","M","T","R","E","R","T","M","$","$","E"],"character_chosen":"DEFECT","items_purchased":["FIFO Queue","ReplayTheSpireMod:GoodbyeWorld","Redo"],"campfire_rested":0,"item_purchase_floors":[3,11,11],"current_hp_per_floor":[62,62,62,61,71,71,21,21,21,16,16,16,0],"gold":2,"neow_bonus":"ONE_RANDOM_RARE_CARD","is_prod":false,"is_daily":false,"chose_seed":false,"campfire_upgraded":2,"win_rate":0,"timestamp":1555682337,"path_taken":["M","?","?","M","?","R","E","R","T","M","$","?","E"],"build_version":"2019-01-23","purchased_purges":1,"victory":false,"max_hp_per_floor":[71,71,71,71,81,81,81,81,81,81,81,81,81],"card_choices":[{"not_picked":["vexMod:OrbBoomerang","Panic Button","vexMod:Hex"],"picked":"SKIP","floor":1.0},{"not_picked":["vexMod:DiverseOrb","Reprogram"],"picked":"BasicCrystalCard","floor":4.0},{"not_picked":["Stack","Hologram"],"picked":"All For One","floor":7.0},{"not_picked":["Coolheaded","vexMod:RocketPunch"],"picked":"Darkness","floor":10.0}],"player_experience":951580,"relics_obtained":[{"floor":5.0,"key":"Pear"},{"floor":7.0,"key":"Replay:Accelerometer"}],"event_choices":[{"damage_healed":0.0,"max_hp_gain":0.0,"max_hp_loss":0.0,"gold_gain":0.0,"event_name":"The Woman in Blue","player_choice":"Bought 2 Potions","floor":2.0,"gold_loss":0.0,"damage_taken":0.0}],"is_beta":false,"boss_relics":[],"items_purged_floors":[11],"is_endless":false,"potions_floor_spawned":[10],"killed_by":"Erikyupuro","ascension_level":15}