{"gold_per_floor":[109,121,396,413,431,431,205,237,237,253,223,223],"floor_reached":12,"playtime":260,"items_purged":["Regret"],"score":160,"play_id":"41584833-cb81-4bc4-a99d-1bd0b336e1fb","local_time":"20181107161407","is_ascension_mode":true,"campfire_choices":[{"data":"Barrage","floor":6.0,"key":"SMITH"}],"neow_cost":"NONE","seed_source_timestamp":0,"circlet_count":0,"master_deck":["AscendersBane","Strike_B","Strike_B","Strike_B","Strike_B","Defend_B","Defend_B","Defend_B","Defend_B","Zap+1","Dualcast","Barrage+1","Hyperbeam","Glacier","Streamline","Defragment","Chaos","BootSequence","Go for the Eyes"],"special_seed":0,"relics":["Cracked Core","Unceasing Top"],"potions_floor_usage":[],"damage_taken":[{"damage":1.0,"enemies":"Cultist","floor":1.0,"turns":3.0},{"damage":3.0,"enemies":"Small Slimes","floor":2.0,"turns":2.0},{"damage":2.0,"enemies":"Jaw Worm","floor":4.0,"turns":2.0},{"damage":23.0,"enemies":"Exordium Thugs","floor":5.0,"turns":4.0},{"damage":22.0,"enemies":"Gremlin Nob","floor":8.0,"turns":4.0},{"damage":0.0,"enemies":"Gremlin Gang","floor":10.0,"turns":2.0},{"damage":21,"enemies":"Blue Slaver","floor":12,"turns":2}],"seed_played":"1646170429963423257","potions_obtained":[{"floor":1.0,"key":"Swift Potion"},{"floor":8.0,"key":"SneckoOil"},{"floor":11.0,"key":"Strength Potion"},{"floor":11.0,"key":"FearPotion"}],"is_trial":false,"path_per_floor":["M","M","?","M","M","R","$","E","T","M","?","M"],"character_chosen":"DEFECT","items_purchased":["Defragment","Chaos"],"campfire_rested":0,"item_purchase_floors":[7,7],"current_hp_per_floor":[63,60,60,58,35,35,35,13,13,13,13,0],"gold":223,"neow_bonus":"UPGRADE_CARD","is_prod":false,"is_daily":false,"chose_seed":false,"campfire_upgraded":1,"win_rate":0,"timestamp":1541578447,"path_taken":["M","?","?","M","?","R","$","E","T","M","?","M"],"build_version":"2018-11-05","purchased_purges":1,"victory":false,"max_hp_per_floor":[71,71,71,71,71,71,71,71,71,71,71,71],"card_choices":[{"not_picked":["BootSequence","Loop"],"picked":"Barrage","floor":1.0},{"not_picked":["Conserve Battery","Hologram"],"picked":"Hyperbeam","floor":2.0},{"not_picked":["Chaos","Cold Snap"],"picked":"Glacier","floor":4.0},{"not_picked":["Coolheaded","Go for the Eyes"],"picked":"Streamline","floor":5.0},{"not_picked":["Rip and Tear","Gash"],"picked":"BootSequence","floor":8.0},{"not_picked":["Sweeping Beam","Cold Snap"],"picked":"Go for the Eyes","floor":10.0}],"player_experience":507740,"relics_obtained":[{"floor":8.0,"key":"Unceasing Top"}],"event_choices":[{"damage_healed":0.0,"max_hp_gain":0.0,"max_hp_loss":0.0,"gold_gain":275.0,"event_name":"Golden Shrine","player_choice":"Desecrate","floor":3.0,"gold_loss":0.0,"damage_taken":0.0,"cards_obtained":["Regret"]},{"damage_healed":0.0,"max_hp_gain":0.0,"max_hp_loss":0.0,"gold_gain":0.0,"event_name":"The Woman in Blue","player_choice":"Bought 2 Potions","floor":11.0,"gold_loss":0.0,"damage_taken":0.0}],"is_beta":true,"boss_relics":[],"items_purged_floors":[7],"is_endless":false,"potions_floor_spawned":[1,8],"killed_by":"Blue Slaver","ascension_level":20}