{"gold_per_floor":[110,127,52,52,52,52,86,86,136,136,156,167,244,275,275,353,353,367,66,66,66,83,103,103,116,116,134,134],"floor_reached":28,"playtime":830,"items_purged":["Strike_B"],"score":506,"play_id":"c315a7f0-5565-4b31-9faa-f178dc52b74c","local_time":"20190430191035","is_ascension_mode":true,"campfire_choices":[{"data":"Chaos","floor":6.0,"key":"SMITH"},{"data":"Dualcast","floor":8.0,"key":"SMITH"},{"data":"Creative AI","floor":15.0,"key":"SMITH"},{"data":"Heatsinks","floor":24.0,"key":"SMITH"}],"neow_cost":"NONE","seed_source_timestamp":1908261631705,"circlet_count":0,"master_deck":["AscendersBane","Zap","Dualcast+1","White Noise","Chaos+1","Ball Lightning","Creative AI+1","Amplify","Seek","Chill","Heatsinks+1","Genetic Algorithm","Genetic Algorithm","Storm","Sunder","Loop","Turbo+1","Redo+1"],"special_seed":0,"relics":["Cracked Core","NeowsBlessing","Whetstone","Bag of Preparation","Anchor","Pandora\u0027s Box","TheAbacus"],"potions_floor_usage":[],"damage_taken":[{"damage":0.0,"enemies":"Small Slimes","floor":1.0,"turns":1.0},{"damage":0.0,"enemies":"2 Louse","floor":2.0,"turns":1.0},{"damage":0.0,"enemies":"Lagavulin","floor":7.0,"turns":1.0},{"damage":7.0,"enemies":"Jaw Worm","floor":11.0,"turns":3.0},{"damage":8.0,"enemies":"Exordium Thugs","floor":12.0,"turns":3.0},{"damage":4.0,"enemies":"Gremlin Nob","floor":14.0,"turns":3.0},{"damage":21.0,"enemies":"Hexaghost","floor":16.0,"turns":6.0},{"damage":8.0,"enemies":"3 Byrds","floor":18.0,"turns":3.0},{"damage":17.0,"enemies":"2 Thieves","floor":22.0,"turns":4.0},{"damage":11.0,"enemies":"3 Cultists","floor":23.0,"turns":5.0},{"damage":13.0,"enemies":"Cultist and Chosen","floor":25.0,"turns":4.0},{"damage":0.0,"enemies":"Centurion and Healer","floor":27.0,"turns":4.0},{"damage":15,"enemies":"Colosseum Slavers","floor":28,"turns":3}],"seed_played":"1005992871538042173","potions_obtained":[{"floor":7.0,"key":"Ancient Potion"},{"floor":11.0,"key":"Explosive Potion"},{"floor":23.0,"key":"Strength Potion"}],"is_trial":false,"path_per_floor":["M","M","$","?","?","R","E","R","T","?","M","M","?","E","R","B",null,"M","$","?","?","M","M","R","M","T","M","?"],"character_chosen":"DEFECT","items_purchased":["TheAbacus","GamblersBrew"],"campfire_rested":0,"item_purchase_floors":[19,19],"current_hp_per_floor":[64,64,64,43,43,43,43,43,43,43,36,28,28,24,24,3,54,46,46,46,46,29,18,18,5,5,5,0],"gold":134,"neow_bonus":"THREE_ENEMY_KILL","is_prod":false,"is_daily":false,"chose_seed":false,"campfire_upgraded":4,"win_rate":0,"timestamp":1556622635,"path_taken":["M","M","$","?","?","R","E","R","T","?","M","M","?","E","R","BOSS","M","$","?","?","M","M","R","?","T","?","?"],"build_version":"2019-01-23","purchased_purges":1,"victory":false,"max_hp_per_floor":[71,71,71,71,71,71,71,71,71,71,71,71,71,71,71,71,71,71,71,71,71,71,71,71,71,71,71,71],"card_choices":[{"not_picked":["Beam Cell","Redo"],"picked":"White Noise","floor":1.0},{"not_picked":["Reprogram","Conserve Battery"],"picked":"Chaos","floor":2.0},{"not_picked":["Machine Learning","Beam Cell"],"picked":"Ball Lightning","floor":7.0},{"not_picked":["Steam Power","Gash"],"picked":"Streamline","floor":11.0},{"not_picked":["Rebound","Stack","Cold Snap"],"picked":"SKIP","floor":12.0},{"not_picked":["Double Energy","Compile Driver"],"picked":"Creative AI","floor":14.0},{"not_picked":["Thunder Strike","Hyperbeam"],"picked":"Amplify","floor":16.0},{"not_picked":["Sweeping Beam","Ball Lightning","Double Energy"],"picked":"SKIP","floor":18.0},{"not_picked":["Chaos","Melter","Ball Lightning"],"picked":"SKIP","floor":22.0},{"not_picked":["Barrage","Scrape"],"picked":"Turbo+1","floor":23.0},{"not_picked":["FTL","Coolheaded"],"picked":"Redo+1","floor":25.0},{"not_picked":["Steam","Barrage","Melter"],"picked":"SKIP","floor":27.0}],"player_experience":963657,"relics_obtained":[{"floor":7.0,"key":"Whetstone"},{"floor":9.0,"key":"Bag of Preparation"},{"floor":14.0,"key":"Anchor"}],"event_choices":[{"damage_healed":0.0,"max_hp_gain":0.0,"max_hp_loss":0.0,"gold_gain":0.0,"event_name":"Shining Light","player_choice":"Entered Light","floor":4.0,"gold_loss":0.0,"damage_taken":21.0,"cards_upgraded":["Defend_B","Strike_B"]},{"damage_healed":0.0,"max_hp_gain":0.0,"max_hp_loss":0.0,"gold_gain":0.0,"event_name":"Scrap Ooze","player_choice":"Fled","floor":5.0,"gold_loss":0.0,"damage_taken":0.0},{"damage_healed":0.0,"max_hp_gain":0.0,"max_hp_loss":0.0,"gold_gain":0.0,"event_name":"Liars Game","player_choice":"Ignored","floor":10.0,"gold_loss":0.0,"damage_taken":0.0},{"damage_healed":0.0,"max_hp_gain":0.0,"max_hp_loss":0.0,"gold_gain":77.0,"event_name":"Golden Wing","player_choice":"Gained Gold","floor":13.0,"gold_loss":0.0,"damage_taken":0.0},{"damage_healed":0.0,"max_hp_gain":0.0,"max_hp_loss":0.0,"gold_gain":0.0,"event_name":"Cursed Tome","player_choice":"Ignored","floor":20.0,"gold_loss":0.0,"damage_taken":0.0},{"damage_healed":0.0,"max_hp_gain":0.0,"max_hp_loss":0.0,"gold_gain":0.0,"cards_transformed":["Streamline"],"event_name":"Transmorgrifier","player_choice":"Transformed","floor":21.0,"gold_loss":0.0,"damage_taken":0.0,"cards_obtained":["Loop"]},{"damage_healed":0,"gold_gain":0,"player_choice":"Fight","damage_taken":0,"max_hp_gain":0,"max_hp_loss":0,"event_name":"Colosseum","floor":28,"gold_loss":0}],"is_beta":false,"boss_relics":[{"not_picked":["Nuclear Battery","Philosopher\u0027s Stone"],"picked":"Pandora\u0027s Box"}],"items_purged_floors":[3],"is_endless":false,"potions_floor_spawned":[7,11,16,18,23],"killed_by":"Colosseum Slavers","ascension_level":20}