{"gold_per_floor":[113,131,59,69,69,94,94,125,125,144,170,170,181,181,181,286,286,286,16,16,16,16,16,16,16,16,16,16,16,16,16,16,16,16,16,16,16,16,16,16,16,16,16,16,16,16,16,16,16,16],"floor_reached":51,"playtime":3832,"items_purged":[],"score":706,"play_id":"67e6b438-0142-40e3-8c45-33b9c0006af2","local_time":"20190810225037","is_ascension_mode":true,"campfire_choices":[{"floor":7,"key":"REST"},{"floor":12,"key":"REST"},{"data":"Leg Sweep","floor":15,"key":"SMITH"},{"data":"A Thousand Cuts","floor":23,"key":"SMITH"},{"data":"A Thousand Cuts","floor":25,"key":"SMITH"},{"floor":27,"key":"REST"},{"floor":30,"key":"REST"},{"data":"Cloak And Dagger","floor":32,"key":"SMITH"},{"floor":41,"key":"REST"},{"data":"Calculated Gamble","floor":44,"key":"SMITH"},{"data":"Deadly Poison","floor":49,"key":"SMITH"}],"neow_cost":"NONE","seed_source_timestamp":77930928070376,"circlet_count":0,"master_deck":["Strike_G","Strike_G","Strike_G","Strike_G","Defend_G","Defend_G","Defend_G","Defend_G","Defend_G","Survivor","Neutralize","Cloak And Dagger+1","Terror","Dagger Spray","Leg Sweep+1","Predator","All Out Attack","Dagger Throw","Poisoned Stab","After Image","Escape Plan","A Thousand Cuts+1","PiercingWail+1","A Thousand Cuts+1","Dodge and Roll","Acrobatics+1","All Out Attack+1","Finisher+1","Calculated Gamble+1","Corpse Explosion","Backstab+1","Poisoned Stab+1","Escape Plan","Catalyst+1","Envenom","Deadly Poison+1"],"relics":["Ring of the Snake","Orichalcum","Mercury Hourglass","Snake Skull","Potion Belt","Art of War","Ectoplasm","Lee\u0027s Waffle","Bronze Scales","Runic Pyramid","Mummified Hand","Happy Flower"],"potions_floor_usage":[6,8,8,8,8,8,16,16,17,28,31,37,48,50],"damage_taken":[{"damage":0,"enemies":"2 Louse","floor":1,"turns":3},{"damage":0,"enemies":"Cultist","floor":2,"turns":3},{"damage":0,"enemies":"Jaw Worm","floor":4,"turns":4},{"damage":17,"enemies":"Lagavulin","floor":6,"turns":9},{"damage":2,"enemies":"3 Sentries","floor":8,"turns":5},{"damage":2,"enemies":"Exordium Thugs","floor":10,"turns":3},{"damage":17,"enemies":"Lagavulin","floor":11,"turns":6},{"damage":2,"enemies":"Large Slime","floor":13,"turns":6},{"damage":17,"enemies":"Slime Boss","floor":16,"turns":10},{"damage":10,"enemies":"Spheric Guardian","floor":18,"turns":4},{"damage":5,"enemies":"Shell Parasite","floor":20,"turns":7},{"damage":8,"enemies":"Snecko","floor":24,"turns":4},{"damage":17,"enemies":"Shelled Parasite and Fungi","floor":28,"turns":7},{"damage":0,"enemies":"Chosen and Byrds","floor":29,"turns":4},{"damage":11,"enemies":"Sentry and Sphere","floor":31,"turns":4},{"damage":47,"enemies":"Collector","floor":33,"turns":9},{"damage":7,"enemies":"Orb Walker","floor":35,"turns":4},{"damage":7,"enemies":"3 Darklings","floor":36,"turns":3},{"damage":0,"enemies":"Sphere and 2 Shapes","floor":37,"turns":3},{"damage":7,"enemies":"Nemesis","floor":40,"turns":7},{"damage":8,"enemies":"4 Shapes","floor":42,"turns":4},{"damage":0,"enemies":"Transient","floor":46,"turns":5},{"damage":12,"enemies":"Writhing Mass","floor":48,"turns":5},{"damage":45,"enemies":"Time Eater","floor":50,"turns":11}],"seed_played":"5229579911574188158","potions_obtained":[{"floor":1,"key":"SkillPotion"},{"floor":5,"key":"EntropicBrew"},{"floor":5,"key":"Explosive Potion"},{"floor":6,"key":"SpeedPotion"},{"floor":8,"key":"Swift Potion"},{"floor":16,"key":"Fruit Juice"},{"floor":20,"key":"Block Potion"},{"floor":24,"key":"SteroidPotion"},{"floor":35,"key":"AttackPotion"},{"floor":36,"key":"Strength Potion"},{"floor":48,"key":"Ancient Potion"}],"is_trial":false,"path_per_floor":["M","M","$","M","?","E","R","E","T","M","E","R","M","T","R","B",null,"M","$","M","?","$","R","M","R","T","R","M","M","R","M","R","B",null,"M","M","M","?","$","E","R","M","T","R","$","M","?","M","R","B",null],"character_chosen":"THE_SILENT","items_purchased":["Leg Sweep","A Thousand Cuts","Lee\u0027s Waffle"],"campfire_rested":5,"item_purchase_floors":[3,19,19],"current_hp_per_floor":[70,70,70,70,70,53,70,68,68,66,49,70,68,68,68,51,75,65,82,77,77,77,77,69,69,69,82,65,65,82,71,71,24,82,75,68,68,68,68,61,82,74,74,74,74,74,74,62,62,17],"gold":16,"neow_bonus":"THREE_CARDS","is_prod":false,"is_daily":false,"chose_seed":false,"campfire_upgraded":6,"win_rate":0,"timestamp":1565491837,"path_taken":["M","M","$","M","?","E","R","E","T","?","E","R","M","?","R","BOSS","M","$","M","?","?","R","M","R","T","R","M","M","R","M","R","BOSS","M","M","M","?","$","E","R","?","T","R","$","M","?","M","R","BOSS"],"build_version":"2019-07-17","purchased_purges":0,"victory":true,"max_hp_per_floor":[70,70,70,70,70,70,70,70,70,70,70,70,70,70,70,70,75,75,82,82,82,82,82,82,82,82,82,82,82,82,82,82,82,82,82,82,82,82,82,82,82,82,82,82,82,82,82,82,82,82],"card_choices":[{"not_picked":["Acrobatics","Deflect"],"picked":"Cloak And Dagger","floor":0},{"not_picked":["Deflect","Calculated Gamble"],"picked":"Terror","floor":1},{"not_picked":["Deflect","Deadly Poison"],"picked":"Dagger Spray","floor":2},{"not_picked":["Finisher","Slice"],"picked":"Predator","floor":4},{"not_picked":["Blur","Wraith Form v2"],"picked":"All Out Attack","floor":6},{"not_picked":["Flying Knee","Bouncing Flask"],"picked":"Dagger Throw","floor":8},{"not_picked":["Cloak And Dagger","Outmaneuver"],"picked":"Poisoned Stab","floor":10},{"not_picked":["Backflip","Endless Agony"],"picked":"After Image","floor":11},{"not_picked":["Cloak And Dagger","Masterful Stab"],"picked":"Escape Plan","floor":13},{"not_picked":["Bullet Time","Unload"],"picked":"A Thousand Cuts","floor":16},{"not_picked":["Flechettes","Sucker Punch"],"picked":"PiercingWail+1","floor":18},{"not_picked":["Slice+1","Deflect"],"picked":"Dodge and Roll","floor":20},{"not_picked":["PiercingWail","Deflect+1"],"picked":"Acrobatics+1","floor":24},{"not_picked":["Caltrops","Acrobatics"],"picked":"All Out Attack+1","floor":28},{"not_picked":["Flying Knee","Reflex"],"picked":"Finisher+1","floor":29},{"not_picked":["Reflex+1","Catalyst+1"],"picked":"Calculated Gamble","floor":31},{"not_picked":["Venomology","Glass Knife"],"picked":"Corpse Explosion","floor":33},{"not_picked":["Backflip","All Out Attack"],"picked":"Backstab+1","floor":35},{"not_picked":["Predator","Blur","Slice+1"],"picked":"SKIP","floor":36},{"not_picked":["Flying Knee+1","All Out Attack"],"picked":"Poisoned Stab+1","floor":37},{"not_picked":["Flying Knee","PiercingWail"],"picked":"Escape Plan","floor":40},{"not_picked":["Poisoned Stab+1","Underhanded Strike+1"],"picked":"Catalyst+1","floor":42},{"not_picked":["Deflect","Flechettes+1"],"picked":"Envenom","floor":46},{"not_picked":["Terror+1","PiercingWail+1"],"picked":"Deadly Poison","floor":48}],"player_experience":84713,"relics_obtained":[{"floor":6,"key":"Orichalcum"},{"floor":8,"key":"Mercury Hourglass"},{"floor":9,"key":"Snake Skull"},{"floor":11,"key":"Potion Belt"},{"floor":14,"key":"Art of War"},{"floor":26,"key":"Bronze Scales"},{"floor":40,"key":"Mummified Hand"},{"floor":43,"key":"Happy Flower"}],"event_choices":[{"damage_healed":0,"gold_gain":0,"player_choice":"Got Potions","damage_taken":0,"max_hp_gain":0,"max_hp_loss":0,"event_name":"Lab","floor":5,"gold_loss":0},{"damage_healed":0,"gold_gain":0,"player_choice":"Ignored","damage_taken":0,"max_hp_gain":0,"max_hp_loss":0,"event_name":"N\u0027loth","floor":21,"gold_loss":0},{"cards_removed":["Strike_G"],"damage_healed":0,"gold_gain":0,"player_choice":"Purged","damage_taken":0,"max_hp_gain":0,"max_hp_loss":0,"event_name":"Purifier","floor":38,"gold_loss":0},{"damage_healed":0,"gold_gain":0,"player_choice":"Ignored","damage_taken":0,"max_hp_gain":0,"max_hp_loss":0,"event_name":"Mysterious Sphere","floor":47,"gold_loss":0}],"is_beta":false,"boss_relics":[{"not_picked":["Black Star","Runic Dome"],"picked":"Ectoplasm"},{"not_picked":["Coffee Dripper","Fusion Hammer"],"picked":"Runic Pyramid"}],"items_purged_floors":[],"is_endless":false,"potions_floor_spawned":[1,6,8,16,20,24,35,36,48],"ascension_level":1}