{"gold_per_floor":[119,119,81,81,101,101,115,144,144,144,144,144,174,174,174,271,271,290,290,240,255,255,283,283,296,296,296,315,329,429,447,447,552,552,567,567,567,449,449,549,560,560,560,560,572,572,588,588],"floor_reached":48,"playtime":3571,"items_purged":[],"score":681,"play_id":"da800ff3-0b11-47d0-bb2b-b05dd4152853","local_time":"20180706203338","is_ascension_mode":false,"campfire_choices":[{"data":"Sunder","floor":6.0,"key":"SMITH"},{"data":"Streamline","floor":10.0,"key":"SMITH"},{"data":"Turbo","floor":12.0,"key":"SMITH"},{"data":"Skim","floor":15.0,"key":"SMITH"},{"data":"Thunder Strike","floor":24.0,"key":"SMITH"},{"floor":27.0,"key":"REST"},{"data":"Double Energy","floor":32.0,"key":"SMITH"},{"data":"Electrodynamics","floor":42.0,"key":"SMITH"},{"data":"Sweeping Beam","floor":44.0,"key":"SMITH"},{"data":"Storm","floor":46.0,"key":"SMITH"}],"neow_cost":"NONE","seed_source_timestamp":0,"circlet_count":0,"master_deck":["Strike_B","Strike_B","Strike_B","Strike_B","Defend_B","Defend_B","Defend_B","Defend_B","Zap+1","Dualcast+1","Undo+1","Sunder+1","Streamline+1","Skim+1","Turbo+1","Ball Lightning","Thunder Strike+1","Hello World","Conserve Battery","Sweeping Beam+1","Double Energy+1","Stack+1","Rip and Tear","Meteor Strike","Electrodynamics+1","Force Field+1","Storm+1","Sweeping Beam","Madness","Madness","Doubt"],"special_seed":0,"relics":["Cracked Core","NeowsBlessing","Pantograph","Bag of Preparation","War Paint","Nuclear Battery","NlothsMask","Oddly Smooth Stone","Cursed Key","Gambling Chip","Ancient Tea Set"],"potions_floor_usage":[48],"damage_taken":[{"damage":0.0,"enemies":"2 Louse","floor":1.0,"turns":1.0},{"damage":0.0,"enemies":"Jaw Worm","floor":5.0,"turns":1.0},{"damage":0.0,"enemies":"Small Slimes","floor":7.0,"turns":1.0},{"damage":13.0,"enemies":"Lagavulin","floor":8.0,"turns":7.0},{"damage":0.0,"enemies":"Gremlin Nob","floor":13.0,"turns":2.0},{"damage":13.0,"enemies":"The Guardian","floor":16.0,"turns":8.0},{"damage":20.0,"enemies":"2 Thieves","floor":18.0,"turns":3.0},{"damage":0.0,"enemies":"Spheric Guardian","floor":21.0,"turns":1.0},{"damage":19.0,"enemies":"Gremlin Leader","floor":23.0,"turns":7.0},{"damage":12.0,"enemies":"Centurion and Healer","floor":25.0,"turns":4.0},{"damage":2.0,"enemies":"Slaver and Parasite","floor":28.0,"turns":3.0},{"damage":0.0,"enemies":"Sentry and Sphere","floor":29.0,"turns":3.0},{"damage":7.0,"enemies":"Snake Plant","floor":31.0,"turns":3.0},{"damage":54.0,"enemies":"Champ","floor":33.0,"turns":14.0},{"damage":0.0,"enemies":"Orb Walker","floor":35.0,"turns":3.0},{"damage":0.0,"floor":37.0,"turns":2.0},{"damage":9.0,"enemies":"3 Darklings","floor":41.0,"turns":3.0},{"damage":32.0,"enemies":"Maw","floor":45.0,"turns":8.0},{"damage":0.0,"enemies":"Sphere and 2 Shapes","floor":47.0,"turns":3.0},{"damage":78,"enemies":"Giant Head","floor":48,"turns":8}],"seed_played":"1206080667273872334","potions_obtained":[{"floor":5.0,"key":"PowerPotion"},{"floor":8.0,"key":"AttackPotion"},{"floor":21.0,"key":"PowerPotion"},{"floor":25.0,"key":"AttackPotion"},{"floor":31.0,"key":"PowerPotion"},{"floor":33.0,"key":"GamblersBrew"},{"floor":37.0,"key":"FairyPotion"},{"floor":41.0,"key":"EssenceOfSteel"}],"is_trial":false,"path_per_floor":["M","?","$","?","M","R","M","E","T","R","?","R","E","?","R","B",null,"M","?","?","M","?","E","R","M","T","R","M","M","?","M","R","B",null,"M","?","?","$","?","?","M","R","T","R","M","R","M"],"character_chosen":"DEFECT","items_purchased":["Sunder","Storm","Sweeping Beam"],"campfire_rested":1,"item_purchase_floors":[3,38,38],"current_hp_per_floor":[75,75,75,75,75,75,75,62,62,62,62,62,62,67,67,67,80,60,60,60,60,60,41,41,29,29,53,51,51,51,44,44,15,80,80,80,80,80,70,70,61,61,61,61,29,29,29,0],"gold":588,"neow_bonus":"THREE_ENEMY_KILL","is_prod":false,"is_daily":false,"chose_seed":false,"campfire_upgraded":9,"win_rate":0.0,"timestamp":1530880418,"path_taken":["M","?","$","?","M","R","M","E","T","R","?","R","E","?","R","BOSS","M","?","?","M","?","E","R","M","T","R","M","M","?","M","R","BOSS","M","?","?","$","?","?","M","R","T","R","?","R","M","E"],"build_version":"2018-07-05","purchased_purges":0,"victory":false,"max_hp_per_floor":[75,75,75,75,75,75,75,75,75,75,75,75,75,80,80,80,80,80,80,80,80,80,80,80,80,80,80,80,80,80,80,80,80,80,80,80,80,80,80,80,80,80,80,80,80,80,80,80],"card_choices":[{"not_picked":["Rebound","Blizzard"],"picked":"Undo","floor":1.0},{"not_picked":["Conserve Battery","Heatsinks"],"picked":"Streamline","floor":5.0},{"not_picked":["Redo","Cold Snap"],"picked":"Skim","floor":7.0},{"not_picked":["FTL","Leap"],"picked":"Turbo","floor":8.0},{"not_picked":["Rebound","Reprogram"],"picked":"Ball Lightning","floor":13.0},{"not_picked":["Echo Form","Rainbow"],"picked":"Thunder Strike","floor":16.0},{"not_picked":["Hologram","Cold Snap+1"],"picked":"Hello World","floor":18.0},{"not_picked":["Coolheaded","Cold Snap+1"],"picked":"Conserve Battery","floor":21.0},{"not_picked":["Beam Cell","Compile Driver"],"picked":"Sweeping Beam","floor":23.0},{"not_picked":["Aggregate","Fusion"],"picked":"Double Energy","floor":25.0},{"not_picked":["Steam+1","Recycle+1"],"picked":"Stack+1","floor":28.0},{"not_picked":["Gash","Conserve Battery"],"picked":"Rip and Tear","floor":29.0},{"not_picked":["Leap","Steam"],"picked":"Meteor Strike","floor":31.0},{"not_picked":["Thunder Strike","Buffer"],"picked":"Electrodynamics","floor":33.0},{"not_picked":["Streamline","Lockon"],"picked":"Force Field+1","floor":35.0},{"not_picked":["Barrage+1","Beam Cell","Coolheaded"],"picked":"SKIP","floor":41.0},{"not_picked":["Barrage+1","Ball Lightning","Gash+1"],"picked":"SKIP","floor":45.0},{"not_picked":["Beam Cell","Coolheaded","Compile Driver+1"],"picked":"SKIP","floor":47.0}],"player_experience":44362,"relics_obtained":[{"floor":8.0,"key":"Pantograph"},{"floor":9.0,"key":"Bag of Preparation"},{"floor":13.0,"key":"War Paint"},{"floor":23.0,"key":"Oddly Smooth Stone"},{"floor":37.0,"key":"Gambling Chip"},{"floor":43.0,"key":"Ancient Tea Set"}],"event_choices":[{"event_name":"The Cleric","player_choice":"Leave","floor":2.0,"damage_taken":0.0},{"event_name":"Golden Idol","player_choice":"Ignored","floor":4.0,"damage_taken":0.0},{"event_name":"Living Wall","player_choice":"Grow","floor":11.0,"damage_taken":0.0},{"event_name":"Big Fish","player_choice":"Donut","floor":14.0,"damage_taken":0.0},{"event_name":"FaceTrader","player_choice":"Trade","floor":19.0,"damage_taken":0.0},{"event_name":"The Joust","player_choice":"Bet on Murderer","floor":20.0,"damage_taken":0.0},{"event_name":"The Woman in Blue","player_choice":"Bought 0 Potions","floor":22.0,"damage_taken":0.0},{"event_name":"Golden Shrine","player_choice":"Pray","floor":30.0,"damage_taken":0.0},{"event_name":"Tomb of Lord Red Mask","player_choice":"Ignored","floor":36.0,"damage_taken":0.0},{"event_name":"MindBloom","player_choice":"Fight","floor":37.0,"damage_taken":0.0},{"event_name":"Winding Halls","player_choice":"Embrace Madness","floor":39.0,"damage_taken":0.0},{"event_name":"Golden Shrine","player_choice":"Pray","floor":40.0,"damage_taken":0.0}],"boss_relics":[{"not_picked":["Runic Dome","Coffee Dripper"],"picked":"Nuclear Battery"},{"not_picked":["Velvet Choker","Snecko Eye"],"picked":"Cursed Key"}],"items_purged_floors":[],"is_endless":false,"potions_floor_spawned":[5,8,21,25,31,33,37,41],"killed_by":"Giant Head","ascension_level":0}