{"gold_per_floor":[117,117,192,205,218,252,252,252,252,252,263,292,292,292,292,388,388,408,323,308,233,153,187,207,222,222,222],"floor_reached":27,"playtime":1667,"items_purged":[],"score":451,"play_id":"9543d8cb-38c9-4439-930c-d95d4cb8a66f","local_time":"20181021125536","is_ascension_mode":true,"campfire_choices":[{"data":"Neutralize","floor":8.0,"key":"SMITH"},{"data":"Bullet Time","floor":13.0,"key":"SMITH"},{"data":"Bane","floor":15.0,"key":"SMITH"}],"neow_cost":"NONE","seed_source_timestamp":0,"circlet_count":0,"master_deck":["Defend_G","Defend_G","Defend_G","Defend_G","Defend_G","Strike_G","Strike_G","Strike_G","Survivor","Neutralize+1","AscendersBane","Backflip","Poisoned Stab","PiercingWail","Bane+1","Bullet Time+1","Malaise","Predator+1","All Out Attack","Accuracy","Blade Dance","Cloak And Dagger+1"],"special_seed":0,"relics":["Ring of the Snake","Unceasing Top","Vajra","Pocketwatch","Pen Nib","Black Star","Shuriken","Boot","Orichalcum","Gremlin Horn"],"potions_floor_usage":[16,16,23,24,25],"damage_taken":[{"damage":2.0,"enemies":"Small Slimes","floor":1.0,"turns":4.0},{"damage":7.0,"enemies":"Jaw Worm","floor":4.0,"turns":5.0},{"damage":0.0,"enemies":"2 Louse","floor":5.0,"turns":1.0},{"damage":34.0,"enemies":"3 Sentries","floor":6.0,"turns":14.0},{"damage":3.0,"enemies":"Looter","floor":11.0,"turns":3.0},{"damage":17.0,"enemies":"Gremlin Nob","floor":12.0,"turns":4.0},{"damage":0,"enemies":"Hexaghost","floor":16,"turns":7},{"damage":11,"enemies":"Shell Parasite","floor":18,"turns":7},{"damage":0,"enemies":"2 Thieves","floor":20,"turns":4},{"damage":13,"enemies":"Slavers","floor":23,"turns":5},{"damage":15,"enemies":"Sentry and Sphere","floor":24,"turns":4},{"damage":20,"enemies":"Cultist and Chosen","floor":25,"turns":5},{"damage":4,"enemies":"Shelled Parasite and Fungi","floor":27,"turns":1}],"seed_played":"-4388202067829244796","potions_obtained":[{"floor":4.0,"key":"Explosive Potion"},{"floor":6.0,"key":"SkillPotion"},{"floor":11.0,"key":"SkillPotion"},{"floor":12.0,"key":"Poison Potion"},{"floor":16,"key":"Poison Potion"},{"floor":18,"key":"GhostInAJar"},{"floor":23,"key":"AttackPotion"}],"is_trial":false,"path_per_floor":["M","?","?","M","M","E","?","R","T","?","M","E","R","?","R","B",null,"M","?","M","?","$","E","M","M","T"],"character_chosen":"THE_SILENT","items_purchased":["Accuracy"],"campfire_rested":0,"item_purchase_floors":[22],"current_hp_per_floor":[68,73,62,55,55,21,21,21,21,21,18,1,1,1,1,1,62,51,51,51,51,51,38,23,3,3,0],"gold":222,"neow_bonus":"TEN_PERCENT_HP_BONUS","is_prod":false,"is_daily":false,"chose_seed":false,"campfire_upgraded":3,"win_rate":0,"timestamp":1540097736,"path_taken":["M","?","?","M","?","E","?","R","T","?","M","E","R","?","R","BOSS","M","?","M","?","$","E","M","M","T","M"],"build_version":"2018-10-19","purchased_purges":0,"victory":false,"max_hp_per_floor":[77,82,82,82,82,82,82,82,82,82,82,82,82,82,82,82,82,82,82,82,82,82,82,82,82,82,82],"card_choices":[{"not_picked":["Acrobatics","Endless Agony"],"picked":"Backflip","floor":1.0},{"not_picked":["All Out Attack","Choke"],"picked":"Poisoned Stab","floor":4.0},{"not_picked":["Escape Plan","Deflect"],"picked":"PiercingWail","floor":5.0},{"not_picked":["Flying Knee","Prepared","Dagger Spray"],"picked":"SKIP","floor":6.0},{"not_picked":["Acrobatics","Poisoned Stab"],"picked":"Bane","floor":11.0},{"not_picked":["Dagger Throw","Setup"],"picked":"Bullet Time","floor":12.0},{"not_picked":["Adrenaline","A Thousand Cuts"],"picked":"Malaise","floor":16},{"not_picked":["Cloak And Dagger","Crippling Poison"],"picked":"Predator+1","floor":18},{"not_picked":["Predator+1","Backflip"],"picked":"All Out Attack","floor":20},{"not_picked":["Dagger Spray+1","Tactician"],"picked":"Blade Dance","floor":23},{"not_picked":["Sucker Punch","Well Laid Plans"],"picked":"Cloak And Dagger+1","floor":24},{"not_picked":["Expertise","Sucker Punch","Heel Hook"],"picked":"SKIP","floor":25}],"player_experience":455658,"relics_obtained":[{"floor":6.0,"key":"Unceasing Top"},{"floor":9.0,"key":"Pocketwatch"},{"floor":12.0,"key":"Pen Nib"},{"floor":23,"key":"Boot"},{"floor":23,"key":"Orichalcum"},{"floor":26,"key":"Gremlin Horn"}],"event_choices":[{"damage_healed":0.0,"max_hp_gain":5.0,"max_hp_loss":0.0,"gold_gain":0.0,"event_name":"Big Fish","player_choice":"Donut","floor":2.0,"gold_loss":0.0,"damage_taken":0.0},{"damage_healed":0.0,"max_hp_gain":0.0,"max_hp_loss":0.0,"gold_gain":75.0,"event_name":"World of Goop","player_choice":"Gather Gold","floor":3.0,"gold_loss":0.0,"damage_taken":11.0},{"damage_healed":0.0,"max_hp_gain":0.0,"max_hp_loss":0.0,"gold_gain":0.0,"event_name":"WeMeetAgain","player_choice":"Gave Potion","floor":7.0,"gold_loss":0.0,"damage_taken":0.0,"relics_obtained":["Vajra"]},{"damage_healed":0.0,"max_hp_gain":0.0,"max_hp_loss":0.0,"gold_gain":0.0,"event_name":"Shining Light","player_choice":"Ignored","floor":10.0,"gold_loss":0.0,"damage_taken":0.0},{"cards_removed":["Strike_G"],"damage_healed":0.0,"max_hp_gain":0.0,"max_hp_loss":0.0,"gold_gain":0.0,"event_name":"Purifier","player_choice":"Purged","floor":14.0,"gold_loss":0.0,"damage_taken":0.0},{"damage_healed":0,"gold_gain":0,"player_choice":"Obtained Relic","damage_taken":0,"relics_obtained":["Shuriken"],"max_hp_gain":0,"max_hp_loss":0,"event_name":"Addict","floor":19,"gold_loss":85},{"cards_removed":["Strike_G"],"damage_healed":0,"gold_gain":0,"player_choice":"Gave Gold","damage_taken":0,"max_hp_gain":0,"max_hp_loss":0,"event_name":"Beggar","floor":21,"gold_loss":75}],"is_beta":true,"boss_relics":[{"not_picked":["WristBlade","Empty Cage"],"picked":"Black Star"}],"items_purged_floors":[],"is_endless":false,"potions_floor_spawned":[4,6,11,12,16,18,23],"killed_by":"Shelled Parasite and Fungi","ascension_level":11}