{"gold_per_floor":[111,126,126,138,158,158,184,184,184,259,278,288,288,301,301,403,403,369,369,369,468,483,483],"floor_reached":23,"playtime":3240,"items_purged":[],"score":218,"play_id":"15db5709-ec6e-42f1-b0fa-e8b4fe5bbdc2","local_time":"20190808190158","is_ascension_mode":false,"campfire_choices":[{"data":"Bash","floor":6.0,"key":"SMITH"},{"data":"Shrug It Off","floor":8.0,"key":"SMITH"},{"data":"Flex","floor":13.0,"key":"SMITH"},{"floor":15.0,"key":"REST"}],"neow_cost":"PERCENT_DAMAGE","seed_source_timestamp":1450487601023400,"circlet_count":0,"master_deck":["Defend_R","Defend_R","Defend_R","Defend_R","Bash+1","Shrug It Off+1","Twin Strike","Armaments","Flex+1","Twin Strike","Shrug It Off","Pommel Strike","Armaments","Feed","Spot Weakness","Bite","Bite","Bite","Bite","Bite","Iron Wave"],"special_seed":0,"relics":["Burning Blood","Bag of Marbles","Darkstone Periapt","Runic Cube"],"potions_floor_usage":[],"damage_taken":[{"damage":2.0,"enemies":"Cultist","floor":1.0,"turns":5.0},{"damage":0.0,"enemies":"Jaw Worm","floor":2.0,"turns":7.0},{"damage":0.0,"enemies":"Small Slimes","floor":4.0,"turns":3.0},{"damage":3.0,"enemies":"2 Fungi Beasts","floor":5.0,"turns":6.0},{"damage":43.0,"enemies":"Lagavulin","floor":7.0,"turns":12.0},{"damage":5.0,"enemies":"Looter","floor":11.0,"turns":3.0},{"damage":0.0,"enemies":"Blue Slaver","floor":12.0,"turns":4.0},{"damage":0.0,"enemies":"Red Slaver","floor":14.0,"turns":5.0},{"damage":43.0,"enemies":"The Guardian","floor":16.0,"turns":17.0},{"damage":20.0,"enemies":"2 Thieves","floor":18.0,"turns":5.0},{"damage":27.0,"enemies":"Chosen","floor":22.0,"turns":7.0},{"damage":49,"enemies":"Slavers","floor":23,"turns":4}],"seed_played":"3097393299831878104","potions_obtained":[{"floor":3.0,"key":"Strength Potion"},{"floor":3.0,"key":"Weak Potion"},{"floor":3.0,"key":"PowerPotion"},{"floor":5.0,"key":"Block Potion"},{"floor":12.0,"key":"Weak Potion"}],"is_trial":false,"path_per_floor":["M","M","?","M","M","R","E","R","T","?","M","M","R","M","R","B",null,"M","?","?","?","M","E"],"character_chosen":"IRONCLAD","items_purchased":[],"campfire_rested":1,"item_purchase_floors":[],"current_hp_per_floor":[60,66,66,72,75,75,38,38,38,27,28,34,34,40,64,27,80,66,56,56,56,35,0],"gold":483,"neow_bonus":"REMOVE_TWO","is_prod":false,"is_daily":false,"chose_seed":false,"campfire_upgraded":3,"win_rate":0.0,"timestamp":1565283718,"path_taken":["M","?","?","?","M","R","E","R","T","?","M","M","R","M","R","BOSS","M","?","?","?","M","E"],"build_version":"2019-07-17","purchased_purges":0,"victory":false,"max_hp_per_floor":[80,80,80,80,80,80,80,80,80,80,80,80,80,80,80,80,80,80,56,56,56,56,56],"card_choices":[{"not_picked":["Thunderclap","True Grit"],"picked":"Shrug It Off","floor":1.0},{"not_picked":["Infernal Blade","Flex"],"picked":"Twin Strike","floor":2.0},{"not_picked":["Anger","Heavy Blade"],"picked":"Armaments","floor":4.0},{"not_picked":["Headbutt","Warcry"],"picked":"Flex","floor":5.0},{"not_picked":["Bludgeon","Clash"],"picked":"Twin Strike","floor":7.0},{"not_picked":["Carnage","Feel No Pain"],"picked":"Shrug It Off","floor":11.0},{"not_picked":["Power Through","Thunderclap"],"picked":"Pommel Strike","floor":12.0},{"not_picked":["True Grit","Intimidate"],"picked":"Armaments","floor":14.0},{"not_picked":["Juggernaut","Dark Embrace"],"picked":"Feed","floor":16.0},{"not_picked":["Perfected Strike","Heavy Blade"],"picked":"Spot Weakness","floor":18.0},{"not_picked":["Hemokinesis+1","Reckless Charge+1","Searing Blow"],"picked":"SKIP","floor":22.0}],"player_experience":296191,"relics_obtained":[{"floor":7.0,"key":"Bag of Marbles"},{"floor":9.0,"key":"Darkstone Periapt"}],"event_choices":[{"damage_healed":0.0,"max_hp_gain":0.0,"max_hp_loss":0.0,"gold_gain":0.0,"event_name":"Lab","player_choice":"Got Potions","floor":3.0,"gold_loss":0.0,"damage_taken":0.0},{"damage_healed":0.0,"max_hp_gain":0.0,"max_hp_loss":0.0,"gold_gain":75.0,"event_name":"World of Goop","player_choice":"Gather Gold","floor":10.0,"gold_loss":0.0,"damage_taken":11.0},{"damage_healed":0.0,"max_hp_gain":0.0,"max_hp_loss":24.0,"gold_gain":0.0,"event_name":"Vampires","player_choice":"Became a vampire","floor":19.0,"gold_loss":0.0,"damage_taken":0.0,"cards_obtained":["Bite","Bite","Bite","Bite","Bite"]},{"damage_healed":0.0,"max_hp_gain":0.0,"max_hp_loss":0.0,"gold_gain":0.0,"event_name":"The Library","player_choice":"Read","floor":20.0,"gold_loss":0.0,"damage_taken":0.0,"cards_obtained":["Iron Wave"]},{"damage_healed":0.0,"max_hp_gain":0.0,"max_hp_loss":0.0,"gold_gain":99.0,"event_name":"Nest","player_choice":"Stole From Cult","floor":21.0,"gold_loss":0.0,"damage_taken":0.0}],"is_beta":false,"boss_relics":[{"not_picked":["Calling Bell","Tiny House"],"picked":"Runic Cube"}],"items_purged_floors":[],"is_endless":false,"potions_floor_spawned":[4,5,12,14],"killed_by":"Slavers","ascension_level":0}