{"gold_per_floor":[116,116,66,76,76,108,118,118,118,118,143,10,30,49,49,153,153,172,172,97,97,97,97,132,132,132,132,182,182,9,9,9,110,110,124,134,33,33,33,93,93,144,144,144,20,20,53,65,65,65],"floor_reached":51,"playtime":2212,"items_purged":["Slice","Strike_G+1"],"score":1148,"play_id":"acb22367-90d9-4742-8e0c-093e39b0c794","local_time":"20181019225957","is_ascension_mode":true,"campfire_choices":[{"data":"Neutralize","floor":10.0,"key":"SMITH"},{"data":"Well Laid Plans","floor":15.0,"key":"SMITH"},{"data":"Adrenaline","floor":23.0,"key":"SMITH"},{"data":"Dash","floor":25.0,"key":"SMITH"},{"data":"Survivor","floor":27.0,"key":"SMITH"},{"floor":32.0,"key":"REST"},{"data":"Reflex","floor":41,"key":"SMITH"},{"floor":44,"key":"REST"},{"floor":49,"key":"REST"}],"neow_cost":"NONE","seed_source_timestamp":0,"circlet_count":0,"master_deck":["Defend_G+1","Defend_G+1","Defend_G","Strike_G+1","Survivor+1","Neutralize+1","Dash+1","Poisoned Stab+1","Well Laid Plans+1","Backstab+1","Grand Finale+1","Dodge and Roll+1","Corpse Explosion+1","Adrenaline+1","Escape Plan","Grand Finale+1","Blur+1","PiercingWail+1","Acrobatics","Reflex+1","Expertise","Acrobatics","Leg Sweep"],"special_seed":0,"relics":["Ring of the Snake","NeowsBlessing","Molten Egg 2","Singing Bowl","Whetstone","Juzu Bracelet","Empty Cage","Mercury Hourglass","Dodecahedron","Letter Opener","Black Star","The Specimen","Tiny Chest","Vajra","Nunchaku","War Paint","Matryoshka","Ninja Scroll"],"potions_floor_usage":[42,48,50,50],"damage_taken":[{"damage":0.0,"enemies":"Small Slimes","floor":1.0,"turns":1.0},{"damage":0.0,"enemies":"Cultist","floor":4.0,"turns":1.0},{"damage":0.0,"enemies":"3 Sentries","floor":6.0,"turns":2.0},{"damage":2.0,"enemies":"Jaw Worm","floor":7.0,"turns":3.0},{"damage":18.0,"enemies":"Lagavulin","floor":11.0,"turns":10.0},{"damage":1.0,"enemies":"Exordium Thugs","floor":13.0,"turns":4.0},{"damage":0.0,"enemies":"Looter","floor":14.0,"turns":1.0},{"damage":33.0,"enemies":"Hexaghost","floor":16.0,"turns":12.0},{"damage":2.0,"enemies":"Chosen","floor":18.0,"turns":5.0},{"damage":22.0,"enemies":"Slavers","floor":24.0,"turns":2.0},{"damage":47.0,"enemies":"Champ","floor":33.0,"turns":11.0},{"damage":8.0,"enemies":"3 Darklings","floor":35.0,"turns":3.0},{"damage":0.0,"enemies":"Orb Walker","floor":36.0,"turns":5.0},{"damage":3,"enemies":"Mind Bloom Boss Battle","floor":39,"turns":7},{"damage":11,"enemies":"Reptomancer","floor":40,"turns":5},{"damage":23,"enemies":"2 Orb Walkers","floor":42,"turns":4},{"damage":29,"enemies":"Nemesis","floor":47,"turns":5},{"damage":13,"enemies":"Sphere and 2 Shapes","floor":48,"turns":5},{"damage":25,"enemies":"Time Eater","floor":50,"turns":15}],"seed_played":"-1342118408779622545","potions_obtained":[{"floor":1.0,"key":"Swift Potion"},{"floor":4.0,"key":"Ancient Potion"},{"floor":11.0,"key":"Weak Potion"},{"floor":13.0,"key":"Dexterity Potion"},{"floor":47,"key":"Block Potion"}],"is_trial":false,"path_per_floor":["M","?","?","M","T","E","M","?","T","R","E","$","M","M","R","B",null,"M","?","$","?","?","R","E","R","T","R","?","T","$","?","R","B",null,"M","M","$","?","?","E","R","?","T","R","$","$","E","M","R","B"],"character_chosen":"THE_SILENT","items_purchased":["Poisoned Stab+1","Well Laid Plans","Footwork","Acrobatics","Block Potion","Expertise","Acrobatics"],"campfire_rested":3,"item_purchase_floors":[12,12,30,37,37,45,45],"current_hp_per_floor":[63,49,49,49,49,51,51,51,51,51,35,35,34,36,36,3,59,57,57,57,57,57,57,37,37,37,37,37,37,37,37,61,14,64,56,56,56,56,55,44,44,23,23,48,48,48,21,8,33,8],"gold":65,"neow_bonus":"THREE_ENEMY_KILL","is_prod":false,"is_daily":false,"chose_seed":false,"campfire_upgraded":6,"win_rate":0,"timestamp":1539961197,"path_taken":["M","?","?","?","?","E","M","?","T","R","E","$","M","M","R","BOSS","M","?","$","?","?","R","E","R","T","R","?","?","$","?","R","BOSS","M","M","$","?","?","E","R","?","T","R","?","$","E","M","R","BOSS"],"build_version":"2018-10-18","purchased_purges":2,"victory":true,"max_hp_per_floor":[70,70,70,70,70,72,74,74,74,74,76,76,76,78,78,78,78,78,78,78,78,78,78,80,80,80,80,80,80,80,80,80,80,80,80,80,80,80,82,82,82,84,84,84,84,84,86,86,86,86],"card_choices":[{"not_picked":["Crippling Poison","Outmaneuver"],"picked":"Dash","floor":1.0},{"not_picked":["Dagger Throw","Quick Slash"],"picked":"Slice","floor":4.0},{"not_picked":["Slice+1","Phantasmal Killer","Deflect"],"picked":"Singing Bowl","floor":6.0},{"not_picked":["Prepared","Dodge and Roll","Backflip"],"picked":"Singing Bowl","floor":7.0},{"not_picked":["Bane+1","PiercingWail","Flying Knee+1"],"picked":"Singing Bowl","floor":11.0},{"not_picked":["Poisoned Stab+1","Sucker Punch+1"],"picked":"Backstab+1","floor":13.0},{"not_picked":["Flying Knee+1","Underhanded Strike+1","Reflex"],"picked":"Singing Bowl","floor":14.0},{"not_picked":["Doppelganger","Venomology"],"picked":"Grand Finale+1","floor":16.0},{"not_picked":["Heel Hook+1","Backstab+1"],"picked":"Dodge and Roll+1","floor":18.0},{"not_picked":["Distraction","Caltrops","Dagger Spray+1"],"picked":"Singing Bowl","floor":24.0},{"not_picked":["Tools of the Trade","Night Terror"],"picked":"Grand Finale+1","floor":33.0},{"not_picked":["Flying Knee+1","Infinite Blades+1"],"picked":"Blur+1","floor":35.0},{"not_picked":["Blade Dance+1","Predator+1"],"picked":"PiercingWail+1","floor":36.0},{"not_picked":["Deadly Poison","Dodge and Roll","Dagger Spray+1"],"picked":"Singing Bowl","floor":39},{"not_picked":["Adrenaline","Dodge and Roll+1"],"picked":"Reflex","floor":40},{"not_picked":["Bouncing Flask+1","Skewer+1","Underhanded Strike+1"],"picked":"Singing Bowl","floor":42},{"not_picked":["Venomology","Slice+1","Dagger Throw+1"],"picked":"Singing Bowl","floor":47},{"not_picked":["Outmaneuver+1","Dagger Throw+1"],"picked":"Leg Sweep","floor":48}],"player_experience":447142,"relics_obtained":[{"floor":5.0,"key":"Molten Egg 2"},{"floor":6.0,"key":"Singing Bowl"},{"floor":9.0,"key":"Whetstone"},{"floor":11.0,"key":"Juzu Bracelet"},{"floor":24.0,"key":"Mercury Hourglass"},{"floor":26.0,"key":"Dodecahedron"},{"floor":29.0,"key":"Letter Opener"},{"floor":39,"key":"The Specimen"},{"floor":40,"key":"Tiny Chest"},{"floor":40,"key":"Vajra"},{"floor":42,"key":"Nunchaku"},{"floor":43,"key":"War Paint"},{"floor":47,"key":"Matryoshka"},{"floor":47,"key":"Ninja Scroll"}],"event_choices":[{"damage_healed":0.0,"max_hp_gain":0.0,"max_hp_loss":0.0,"gold_gain":0.0,"event_name":"Shining Light","player_choice":"Entered Light","floor":2.0,"gold_loss":0.0,"damage_taken":14.0,"cards_upgraded":["Strike_G","Defend_G"]},{"cards_removed":["Strike_G"],"damage_healed":0.0,"max_hp_gain":0.0,"max_hp_loss":0.0,"gold_gain":0.0,"event_name":"The Cleric","player_choice":"Card Removal","floor":3.0,"gold_loss":50.0,"damage_taken":0.0},{"damage_healed":0.0,"max_hp_gain":0.0,"max_hp_loss":0.0,"gold_gain":30.0,"event_name":"Dead Adventurer","player_choice":"Searched \u00272\u0027 times","floor":8.0,"gold_loss":0.0,"damage_taken":0.0},{"damage_healed":0.0,"max_hp_gain":0.0,"max_hp_loss":0.0,"gold_gain":0.0,"event_name":"Cursed Tome","player_choice":"Ignored","floor":19.0,"gold_loss":0.0,"damage_taken":0.0},{"damage_healed":0.0,"max_hp_gain":0.0,"max_hp_loss":0.0,"gold_gain":0.0,"cards_transformed":["Defend_G","Strike_G"],"event_name":"Drug Dealer","player_choice":"Became Test Subject","floor":21.0,"gold_loss":0.0,"damage_taken":0.0,"cards_obtained":["Corpse Explosion","Adrenaline"]},{"damage_healed":0.0,"max_hp_gain":0.0,"max_hp_loss":0.0,"gold_gain":0.0,"event_name":"The Library","player_choice":"Read","floor":22.0,"gold_loss":0.0,"damage_taken":0.0,"cards_obtained":["Escape Plan"]},{"damage_healed":0.0,"max_hp_gain":0.0,"max_hp_loss":0.0,"gold_gain":100.0,"event_name":"The Joust","player_choice":"Bet on Murderer","floor":28.0,"gold_loss":50.0,"damage_taken":0.0},{"damage_healed":0.0,"max_hp_gain":0.0,"max_hp_loss":0.0,"gold_gain":0.0,"event_name":"Vampires","player_choice":"Ignored","floor":31.0,"gold_loss":0.0,"damage_taken":0.0},{"cards_removed":["Footwork"],"damage_healed":0.0,"max_hp_gain":0.0,"max_hp_loss":0.0,"gold_gain":0.0,"event_name":"Falling","player_choice":"Removed Power","floor":38.0,"gold_loss":0.0,"damage_taken":0.0},{"damage_healed":0,"gold_gain":0,"player_choice":"Fight","damage_taken":0,"max_hp_gain":0,"max_hp_loss":0,"event_name":"MindBloom","floor":39,"gold_loss":0},{"damage_healed":0,"gold_gain":0,"player_choice":"Fight","damage_taken":0,"max_hp_gain":0,"max_hp_loss":0,"event_name":"Mysterious Sphere","floor":42,"gold_loss":0}],"is_beta":true,"boss_relics":[{"not_picked":["Fusion Hammer","Coffee Dripper"],"picked":"Empty Cage"},{"not_picked":["Calling Bell","Runic Pyramid"],"picked":"Black Star"}],"items_purged_floors":[20,30],"is_endless":false,"potions_floor_spawned":[1,4,11,13,18,40,47],"ascension_level":9}