{"gold_per_floor":[113,38,38,49,65,96,51,51,51,51,63,82,82,82,82,156,156,172,172,192,210,229,229,243,260,260,260,276,276,294,175,175,175],"floor_reached":33,"playtime":1636,"items_purged":[],"score":502,"play_id":"c508aaef-01bc-4cbb-852c-8bf6be57e39a","local_time":"20180921200906","is_ascension_mode":true,"campfire_choices":[{"floor":8.0,"key":"REST"},{"data":"Dualcast","floor":10.0,"key":"SMITH"},{"data":"Zap","floor":13.0,"key":"SMITH"},{"data":"Go for the Eyes","floor":15.0,"key":"SMITH"},{"floor":23.0,"key":"REST"},{"floor":27.0,"key":"REST"},{"data":"Self Repair","floor":32.0,"key":"SMITH"}],"neow_cost":"NONE","seed_source_timestamp":520669786286,"circlet_count":0,"master_deck":["Zap+1","Dualcast+1","AscendersBane","Go for the Eyes+1","Doom and Gloom","Melter","Chill+1","Chaos+1","Rainbow+1","Chaos+1","All For One","Undo+1","Blizzard","Turbo+1","Turbo+1","Leap+1","Auto Shields+1","Rebound","Electrodynamics","Leap+1","Core Surge","Tempest+1","Rip and Tear+1","Tempest+1","Barrage+1","Coolheaded+1","Stack+1","Multi-Cast+1","Self Repair+1","Hologram+1"],"special_seed":0,"relics":["Cracked Core","NeowsBlessing","Toxic Egg 2","Omamori","Pandora\u0027s Box","Shuriken"],"potions_floor_usage":[33],"damage_taken":[{"damage":0.0,"enemies":"Jaw Worm","floor":1.0,"turns":1.0},{"damage":0.0,"enemies":"Small Slimes","floor":4.0,"turns":1.0},{"damage":0.0,"enemies":"Cultist","floor":5.0,"turns":1.0},{"damage":24.0,"enemies":"Gremlin Nob","floor":6.0,"turns":4.0},{"damage":1.0,"enemies":"2 Fungi Beasts","floor":11.0,"turns":2.0},{"damage":0.0,"enemies":"3 Louse","floor":12.0,"turns":2.0},{"damage":21.0,"enemies":"Slime Boss","floor":16.0,"turns":8.0},{"damage":27.0,"enemies":"2 Thieves","floor":18.0,"turns":4.0},{"damage":4.0,"enemies":"Shell Parasite","floor":20.0,"turns":6.0},{"damage":9.0,"enemies":"Chosen and Byrds","floor":21.0,"turns":4.0},{"damage":0.0,"enemies":"Centurion and Healer","floor":22.0,"turns":3.0},{"damage":18.0,"enemies":"Cultist and Chosen","floor":24.0,"turns":5.0},{"damage":0.0,"enemies":"Snecko","floor":25.0,"turns":4.0},{"damage":0.0,"enemies":"Chosen and Byrds","floor":28.0,"turns":5.0},{"damage":0.0,"enemies":"Snake Plant","floor":30.0,"turns":3.0},{"damage":74,"enemies":"Collector","floor":33,"turns":7}],"seed_played":"-1736327014329019675","potions_obtained":[{"floor":1.0,"key":"PowerPotion"},{"floor":5.0,"key":"Weak Potion"},{"floor":6.0,"key":"Ancient Potion"},{"floor":18.0,"key":"Explosive Potion"},{"floor":25.0,"key":"Weak Potion"}],"is_trial":false,"path_per_floor":["M","?","?","M","M","E","$","R","T","R","M","M","R","?","R","B",null,"M","?","M","M","M","R","M","M","T","R","M","?","M","$","R"],"character_chosen":"DEFECT","items_purchased":["Sunder","Self Repair","Hologram+1"],"campfire_rested":3,"item_purchase_floors":[7,31,31],"current_hp_per_floor":[64,64,43,43,43,19,19,40,40,40,39,39,39,39,39,18,58,31,31,27,18,18,39,21,21,21,42,42,42,42,42,42,0],"gold":175,"neow_bonus":"THREE_ENEMY_KILL","is_prod":false,"is_daily":false,"chose_seed":false,"campfire_upgraded":4,"win_rate":0,"timestamp":1537531746,"path_taken":["M","?","?","?","M","E","?","R","T","R","M","M","R","?","R","BOSS","M","?","?","?","M","R","M","?","T","R","?","?","M","?","R","BOSS"],"build_version":"2018-09-20","purchased_purges":0,"victory":false,"max_hp_per_floor":[71,71,71,71,71,71,71,71,71,71,71,71,71,71,71,71,71,71,71,71,71,71,71,71,71,71,71,71,71,71,71,71,71],"card_choices":[{"not_picked":["Double Energy","Barrage"],"picked":"Go for the Eyes","floor":1.0},{"not_picked":["Go for the Eyes","Melter"],"picked":"Ball Lightning","floor":4.0},{"not_picked":["Redo","FTL"],"picked":"Doom and Gloom","floor":5.0},{"not_picked":["Storm","Scrape"],"picked":"Melter","floor":6.0},{"not_picked":["Go for the Eyes","Gash"],"picked":"Chill+1","floor":11.0},{"not_picked":["Redo+1","Tempest+1"],"picked":"Chaos+1","floor":12.0},{"not_picked":["Machine Learning","Thunder Strike"],"picked":"All For One","floor":16.0},{"not_picked":["Turbo+1","Stack+1"],"picked":"Rebound","floor":18.0},{"not_picked":["Force Field+1","Steam+1"],"picked":"Tempest+1","floor":20.0},{"not_picked":["Turbo+1","Gash"],"picked":"Rip and Tear+1","floor":21.0},{"not_picked":["Sunder","Rebound+1"],"picked":"Tempest+1","floor":22.0},{"not_picked":["Chill+1","Doom and Gloom"],"picked":"Barrage+1","floor":24.0},{"not_picked":["Lockon","Reprogram+1"],"picked":"Coolheaded+1","floor":25.0},{"not_picked":["Sweeping Beam","Melter+1"],"picked":"Stack+1","floor":28.0},{"not_picked":["Rebound","Streamline"],"picked":"Multi-Cast+1","floor":30.0}],"player_experience":364056,"relics_obtained":[{"floor":6.0,"key":"Toxic Egg 2"},{"floor":9.0,"key":"Omamori"},{"floor":26.0,"key":"Shuriken"}],"event_choices":[{"event_name":"The Cleric","player_choice":"Card Removal","floor":2.0,"damage_taken":0.0},{"event_name":"Shining Light","player_choice":"Entered Light","floor":3.0,"damage_taken":0.0},{"event_name":"Match and Keep!","player_choice":"2 cards matched","floor":14.0,"damage_taken":0.0},{"event_name":"Drug Dealer","player_choice":"Became Test Subject","floor":19.0,"damage_taken":0.0},{"event_name":"FaceTrader","player_choice":"Leave","floor":29.0,"damage_taken":0.0}],"is_beta":true,"boss_relics":[{"not_picked":["Runic Pyramid","Lizard Tail"],"picked":"Pandora\u0027s Box"}],"items_purged_floors":[],"is_endless":false,"potions_floor_spawned":[1,5,6,18,25,30],"killed_by":"Collector","ascension_level":20}