{"gold_per_floor":[113,188,207,224,30,30,55,55,104,104,117,127,141,141,141,246,246,265,364,378,389,389,389,409,86,136,164,164,196,211,223,223,320,320,330,23,23,23,38,38,38,38],"floor_reached":42,"playtime":1694,"items_purged":["Strike_B"],"score":821,"play_id":"ec596d9d-a3ff-432b-b087-49916206d445","local_time":"20181012201333","is_ascension_mode":true,"campfire_choices":[{"data":"Redo","floor":6.0,"key":"SMITH"},{"data":"Zap","floor":8.0,"key":"SMITH"},{"data":"Sunder","floor":10.0,"key":"SMITH"},{"data":"Dualcast","floor":15.0,"key":"SMITH"},{"data":"Buffer","floor":23.0,"key":"SMITH"},{"data":"Defragment","floor":32.0,"key":"SMITH"},{"data":"Discovery","floor":40.0,"key":"SMITH"}],"neow_cost":"NONE","seed_source_timestamp":810967465846,"circlet_count":0,"master_deck":["Defend_B+1","Zap+1","Dualcast+1","AscendersBane","Redo+1","Streamline+1","Glacier+1","Echo Form+1","Sunder+1","Glacier+1","Conserve Battery+1","BootSequence+1","Parasite","Buffer+1","Sunder+1","Cold Snap+1","Chaos+1","Leap+1","Go for the Eyes+1","Compile Driver+1","Rebound+1","Steam+1","Capacitor+1","Defragment+1","Core Surge+1","Multi-Cast+1","Discovery+1","Ball Lightning+1"],"special_seed":0,"relics":["Coffee Dripper","Bronze Scales","Boot","Astrolabe","Meat on the Bone","Juzu Bracelet","Omamori","Question Card","Cursed Key","PreservedInsect","Mark of the Bloom"],"potions_floor_usage":[42],"damage_taken":[{"damage":7.0,"enemies":"Jaw Worm","floor":1.0,"turns":3.0},{"damage":0.0,"enemies":"2 Louse","floor":3.0,"turns":4.0},{"damage":1.0,"enemies":"Cultist","floor":4.0,"turns":3.0},{"damage":5.0,"enemies":"3 Sentries","floor":7.0,"turns":7.0},{"damage":3.0,"enemies":"Red Slaver","floor":11.0,"turns":4.0},{"damage":2.0,"enemies":"3 Louse","floor":12.0,"turns":3.0},{"damage":0.0,"enemies":"Large Slime","floor":13.0,"turns":5.0},{"damage":0.0,"enemies":"The Guardian","floor":16.0,"turns":9.0},{"damage":0.0,"enemies":"3 Byrds","floor":18.0,"turns":3.0},{"damage":20.0,"enemies":"2 Thieves","floor":20.0,"turns":5.0},{"damage":14.0,"enemies":"3 Cultists","floor":21.0,"turns":6.0},{"damage":2.0,"enemies":"Snecko","floor":24.0,"turns":5.0},{"damage":14.0,"enemies":"Gremlin Leader","floor":27.0,"turns":8.0},{"damage":0.0,"enemies":"Book of Stabbing","floor":29.0,"turns":5.0},{"damage":14.0,"enemies":"Centurion and Healer","floor":30.0,"turns":6.0},{"damage":8.0,"enemies":"3 Cultists","floor":31.0,"turns":6.0},{"damage":1.0,"enemies":"Champ","floor":33.0,"turns":9.0},{"damage":0.0,"enemies":"Orb Walker","floor":35.0,"turns":6.0},{"damage":17.0,"enemies":"3 Darklings","floor":39.0,"turns":7.0},{"damage":55,"enemies":"Donu and Deca","floor":42,"turns":8}],"seed_played":"6153147090193943587","potions_obtained":[{"floor":4.0,"key":"Explosive Potion"},{"floor":7.0,"key":"Poison Potion"},{"floor":13.0,"key":"EssenceOfSteel"},{"floor":16.0,"key":"EssenceOfSteel"},{"floor":18.0,"key":"Poison Potion"},{"floor":24.0,"key":"EssenceOfSteel"},{"floor":27.0,"key":"SteroidPotion"},{"floor":30.0,"key":"PowerPotion"},{"floor":33.0,"key":"Swift Potion"},{"floor":35.0,"key":"GamblersBrew"}],"is_trial":false,"path_per_floor":["M","?","M","M","$","R","E","R","T","R","M","M","M","?","R","B",null,"M","?","M","M","?","R","M","$","T","E","?","E","M","M","R","B",null,"M","$","?","?","M","R","?"],"character_chosen":"DEFECT","items_purchased":["Echo Form","Sunder","Meat on the Bone","PreservedInsect","Multi-Cast"],"campfire_rested":0,"item_purchase_floors":[5,5,25,36,36],"current_hp_per_floor":[61,50,50,49,49,49,44,44,44,44,41,39,39,57,57,57,71,71,71,51,37,37,37,35,35,35,33,33,45,43,47,47,46,68,68,68,68,68,51,51,51,0],"gold":38,"neow_bonus":"BOSS_RELIC","is_prod":false,"is_daily":false,"chose_seed":false,"campfire_upgraded":7,"win_rate":0,"timestamp":1539346413,"path_taken":["M","?","?","M","$","R","E","R","T","R","M","M","M","?","R","BOSS","BOSS","M","?","?","M","?","R","M","$","T","E","?","E","M","M","R","BOSS","BOSS","M","$","?","?","M","R","?","BOSS"],"build_version":"2018-10-11","purchased_purges":1,"victory":false,"max_hp_per_floor":[75,75,75,75,75,75,75,75,75,75,75,75,75,75,75,75,75,75,75,75,75,75,75,75,75,75,75,75,75,75,75,75,75,75,75,75,75,75,75,75,75,75],"card_choices":[{"not_picked":["Rebound","Compile Driver"],"picked":"Redo","floor":1.0},{"not_picked":["Redo","Stack"],"picked":"Streamline","floor":3.0},{"not_picked":["Rebound","Turbo"],"picked":"Glacier","floor":4.0},{"not_picked":["Reprogram","Sweeping Beam","Barrage"],"picked":"SKIP","floor":7.0},{"not_picked":["Scrape","Go for the Eyes"],"picked":"Glacier","floor":11.0},{"not_picked":["Streamline","Stack"],"picked":"Conserve Battery","floor":12.0},{"not_picked":["Sunder","Recycle"],"picked":"BootSequence","floor":13.0},{"not_picked":["Thunder Strike","Seek"],"picked":"Buffer","floor":16.0},{"not_picked":["BootSequence+1","Beam Cell"],"picked":"Leap","floor":18.0},{"not_picked":["Turbo","Steam"],"picked":"Go for the Eyes","floor":20.0},{"not_picked":["Go for the Eyes","BootSequence"],"picked":"Compile Driver+1","floor":21.0},{"not_picked":["Gash","BootSequence+1","Streamline"],"picked":"SKIP","floor":24.0},{"not_picked":["Tempest","Redo","Barrage"],"picked":"SKIP","floor":27.0},{"not_picked":["Aggregate","Coolheaded"],"picked":"Capacitor","floor":29.0},{"not_picked":["Sweeping Beam","Force Field","Fission"],"picked":"Defragment","floor":30.0},{"not_picked":["Blizzard","Cold Snap","Hello World","Rebound"],"picked":"SKIP","floor":31.0},{"not_picked":["Thunder Strike","Amplify","Reboot"],"picked":"Core Surge","floor":33.0},{"not_picked":["Hologram","Compile Driver","Beam Cell+1","Conserve Battery"],"picked":"SKIP","floor":35.0},{"not_picked":["Finesse","Secret Weapon","Impatience"],"picked":"Discovery","floor":38.0},{"not_picked":["Static Discharge","Turbo","Beam Cell"],"picked":"Ball Lightning+1","floor":39.0}],"player_experience":430929,"relics_obtained":[{"floor":7.0,"key":"Bronze Scales"},{"floor":9.0,"key":"Boot"},{"floor":26.0,"key":"Juzu Bracelet"},{"floor":27.0,"key":"Omamori"},{"floor":29.0,"key":"Question Card"}],"event_choices":[{"event_name":"World of Goop","player_choice":"Gather Gold","floor":2.0,"damage_taken":0.0},{"event_name":"Mushrooms","player_choice":"Healed and dodged fight","floor":14.0,"damage_taken":0.0},{"event_name":"Nest","player_choice":"Stole From Cult","floor":19.0,"damage_taken":0.0},{"event_name":"Drug Dealer","player_choice":"Became Test Subject","floor":22.0,"damage_taken":0.0},{"event_name":"Back to Basics","player_choice":"Elegance","floor":28.0,"damage_taken":0.0},{"event_name":"MindBloom","player_choice":"Upgrade","floor":37.0,"damage_taken":0.0},{"event_name":"SensoryStone","player_choice":"Memory 1","floor":38.0,"damage_taken":0.0},{"event_name":"SecretPortal","player_choice":"Took Portal.","floor":41.0,"damage_taken":0.0}],"is_beta":true,"boss_relics":[{"not_picked":["Philosopher\u0027s Stone","Runic Dome"],"picked":"Astrolabe"},{"not_picked":["Fusion Hammer","Empty Cage"],"picked":"Cursed Key"}],"items_purged_floors":[25],"is_endless":false,"potions_floor_spawned":[4,7,13,16,18,24,27,30,33,35],"killed_by":"Donu and Deca","ascension_level":12}