{"gold_per_floor":[111,122,197,214,389,389,417,417,417,417,146,146,166,32,32,128,128,128,128,128,128,128,128,128,128,128,128,128,128,3,3,3,3,3,3,3,3,3,0,0],"floor_reached":40,"playtime":5192,"items_purged":["Defend_B","Doubt","Strike_B"],"score":473,"play_id":"2cd9069c-ba22-43a4-a22e-b6c571d0acd7","local_time":"20190809210429","is_ascension_mode":true,"campfire_choices":[{"floor":6,"key":"RECALL"},{"data":"Double Energy","floor":10,"key":"SMITH"},{"data":"Zap","floor":15,"key":"SMITH"},{"data":"Multi-Cast","floor":23,"key":"SMITH"},{"data":"Defragment","floor":25,"key":"SMITH"},{"data":"Reprogram","floor":28,"key":"SMITH"},{"floor":32,"key":"REST"}],"neow_cost":"NONE","seed_source_timestamp":432045805918323,"circlet_count":0,"master_deck":["Defend_B","Defend_B","Defend_B","Zap+1","Dualcast","Auto Shields+1","Creative AI+1","Machine Learning+1","Double Energy+1","Steam","Defragment+1","Multi-Cast+1","Reprogram+1","Double Energy+1","BootSequence","Conserve Battery","All For One+1","Go for the Eyes+1","Chill"],"relics":["Astrolabe","Bag of Marbles","MealTicket","Thread and Needle","Ectoplasm","Juzu Bracelet","Molten Egg 2","Gremlin Horn","Cursed Key","Unceasing Top","Red Mask"],"potions_floor_usage":[7,16,22,29,33,35,37],"damage_taken":[{"damage":0,"enemies":"Small Slimes","floor":1,"turns":5},{"damage":2,"enemies":"2 Louse","floor":2,"turns":6},{"damage":1,"enemies":"Jaw Worm","floor":4,"turns":5},{"damage":47,"enemies":"Gremlin Nob","floor":7,"turns":5},{"damage":2,"enemies":"Exordium Thugs","floor":13,"turns":6},{"damage":12,"enemies":"The Guardian","floor":16,"turns":12},{"damage":3,"enemies":"Shell Parasite","floor":18,"turns":5},{"damage":20,"enemies":"3 Byrds","floor":20,"turns":4},{"damage":0,"enemies":"Cultist and Chosen","floor":22,"turns":4},{"damage":20,"enemies":"Slavers","floor":24,"turns":7},{"damage":11,"enemies":"Snake Plant","floor":29,"turns":3},{"damage":0,"enemies":"Automaton","floor":33,"turns":7},{"damage":37,"enemies":"3 Darklings","floor":35,"turns":5},{"damage":17,"enemies":"Mind Bloom Boss Battle","floor":36,"turns":10},{"damage":10,"enemies":"3 Shapes","floor":37,"turns":5},{"damage":33,"enemies":"Reptomancer","floor":40,"turns":2}],"seed_played":"-1789278918317249969","potions_obtained":[{"floor":1,"key":"Fire Potion"},{"floor":7,"key":"Ancient Potion"},{"floor":19,"key":"Ancient Potion"},{"floor":19,"key":"LiquidBronze"},{"floor":19,"key":"SmokeBomb"},{"floor":24,"key":"SteroidPotion"},{"floor":29,"key":"Block Potion"},{"floor":33,"key":"PowerPotion"},{"floor":35,"key":"Poison Potion"}],"is_trial":false,"path_per_floor":["M","M","?","M","?","R","E","?","T","R","$","?","M","$","R","B",null,"M","?","M","?","M","R","E","R","T","?","R","M","$","T","R","B",null,"M","?","M","$","?","E"],"character_chosen":"DEFECT","items_purchased":["MealTicket","Defragment"],"campfire_rested":1,"item_purchase_floors":[11,14],"current_hp_per_floor":[75,73,62,61,61,61,14,39,39,39,39,36,34,49,49,37,75,72,72,52,52,52,52,32,32,32,32,32,21,36,36,58,58,75,38,21,11,26,26,0],"gold":0,"neow_bonus":"BOSS_RELIC","is_prod":false,"is_daily":false,"chose_seed":false,"campfire_upgraded":5,"win_rate":0,"timestamp":1565377469,"path_taken":["M","M","?","M","?","R","E","?","T","R","?","?","?","$","R","BOSS","M","?","?","?","M","R","E","R","T","?","R","M","?","?","R","BOSS","M","?","M","$","?","E"],"build_version":"2019-07-17","purchased_purges":3,"victory":false,"max_hp_per_floor":[75,75,75,75,75,75,75,75,75,75,75,75,75,75,75,75,75,75,75,75,75,75,75,75,75,75,75,75,75,75,75,75,75,75,75,75,75,75,75,75],"card_choices":[{"not_picked":["Rip and Tear","Beam Cell","Streamline"],"picked":"SKIP","floor":1},{"not_picked":["Ball Lightning","Turbo"],"picked":"Double Energy","floor":2},{"not_picked":["Stack","Rebound","Cold Snap"],"picked":"SKIP","floor":4},{"not_picked":["Fission","Gash"],"picked":"Steam","floor":7},{"not_picked":["Doom and Gloom","Streamline","Heatsinks"],"picked":"SKIP","floor":13},{"not_picked":["Rainbow","Biased Cognition"],"picked":"Multi-Cast","floor":16},{"not_picked":["Coolheaded","Consume"],"picked":"Reprogram","floor":18},{"not_picked":["Reprogram","Stack","Barrage"],"picked":"SKIP","floor":20},{"not_picked":["Glacier","Auto Shields"],"picked":"BootSequence","floor":24},{"not_picked":["Streamline+1","Capacitor"],"picked":"Conserve Battery","floor":29},{"not_picked":["Meteor Strike+1","Biased Cognition"],"picked":"All For One+1","floor":33},{"not_picked":["Gash+1","Steam+1"],"picked":"Go for the Eyes+1","floor":35},{"not_picked":["Heatsinks+1","Sweeping Beam+1"],"picked":"Chill","floor":36},{"not_picked":["Streamline+1","Sweeping Beam+1","Rebound+1"],"picked":"SKIP","floor":37}],"player_experience":52496,"relics_obtained":[{"floor":7,"key":"Bag of Marbles"},{"floor":24,"key":"Juzu Bracelet"},{"floor":26,"key":"Molten Egg 2"},{"floor":31,"key":"Gremlin Horn"},{"floor":36,"key":"Unceasing Top"}],"event_choices":[{"damage_healed":0,"gold_gain":75,"player_choice":"Gather Gold","damage_taken":11,"max_hp_gain":0,"max_hp_loss":0,"event_name":"World of Goop","floor":3,"gold_loss":0},{"damage_healed":0,"gold_gain":175,"player_choice":"AGREE","damage_taken":0,"max_hp_gain":0,"max_hp_loss":0,"event_name":"Liars Game","floor":5,"gold_loss":0,"cards_obtained":["Doubt"]},{"damage_healed":25,"gold_gain":0,"player_choice":"Banana","damage_taken":0,"max_hp_gain":0,"max_hp_loss":0,"event_name":"Big Fish","floor":8,"gold_loss":0},{"damage_healed":0,"gold_gain":0,"player_choice":"Success","damage_taken":3,"relics_obtained":["Thread and Needle"],"max_hp_gain":0,"max_hp_loss":0,"event_name":"Scrap Ooze","floor":12,"gold_loss":0},{"damage_healed":0,"gold_gain":0,"player_choice":"Got Potions","damage_taken":0,"max_hp_gain":0,"max_hp_loss":0,"event_name":"Lab","floor":19,"gold_loss":0},{"damage_healed":0,"gold_gain":0,"player_choice":"Copied","damage_taken":0,"max_hp_gain":0,"max_hp_loss":0,"event_name":"Duplicator","floor":21,"gold_loss":0,"cards_obtained":["Double Energy"]},{"damage_healed":0,"gold_gain":0,"player_choice":"Bought 0 Potions","damage_taken":0,"max_hp_gain":0,"max_hp_loss":0,"event_name":"The Woman in Blue","floor":27,"gold_loss":0},{"damage_healed":0,"gold_gain":0,"player_choice":"Fight","damage_taken":0,"max_hp_gain":0,"max_hp_loss":0,"event_name":"MindBloom","floor":36,"gold_loss":0},{"damage_healed":0,"gold_gain":0,"player_choice":"Paid","damage_taken":0,"relics_obtained":["Red Mask"],"max_hp_gain":0,"max_hp_loss":0,"event_name":"Tomb of Lord Red Mask","floor":39,"gold_loss":3}],"is_beta":false,"boss_relics":[{"not_picked":["Snecko Eye","Coffee Dripper"],"picked":"Ectoplasm"},{"not_picked":["Philosopher\u0027s Stone","Black Star"],"picked":"Cursed Key"}],"items_purged_floors":[11,14,30],"is_endless":false,"potions_floor_spawned":[1,7,24,29,33,35],"killed_by":"Reptomancer","ascension_level":1}