{"gold_per_floor":[20,39,4,4,19,19,19,19,19,49,49,65,75,88,88,88],"floor_reached":16,"playtime":408,"items_purged":[],"score":163,"play_id":"4e995667-58af-4d0e-9731-8e8917b65006","local_time":"20181012205637","is_ascension_mode":true,"campfire_choices":[{"data":"Combust","floor":6.0,"key":"SMITH"},{"data":"Bash","floor":8,"key":"SMITH"},{"data":"Barricade","floor":11,"key":"SMITH"},{"data":"Anger","floor":15,"key":"SMITH"}],"neow_cost":"NO_GOLD","seed_source_timestamp":5024242004605,"circlet_count":0,"master_deck":["Strike_R","Strike_R","Strike_R","Defend_R","Defend_R","Defend_R","Bash+1","AscendersBane","Anger+1","Combust+1","Clash","Battle Trance","Shockwave","Barricade+1","Impervious","Rupture+1","Entrench"],"special_seed":0,"relics":["Burning Blood","Boot","Frozen Egg 2"],"potions_floor_usage":[],"damage_taken":[{"damage":12.0,"enemies":"2 Louse","floor":1.0,"turns":2.0},{"damage":0.0,"enemies":"Small Slimes","floor":2.0,"turns":2.0},{"damage":3.0,"enemies":"Cultist","floor":5.0,"turns":3.0},{"damage":23,"enemies":"Lagavulin","floor":10,"turns":4},{"damage":21,"enemies":"Exordium Thugs","floor":12,"turns":5},{"damage":8,"enemies":"Looter","floor":13,"turns":3},{"damage":15,"enemies":"3 Louse","floor":14,"turns":3},{"damage":0,"enemies":"Hexaghost","floor":16,"turns":2}],"seed_played":"5528047146483112169","potions_obtained":[{"floor":10,"key":"Ancient Potion"},{"floor":12,"key":"Regen Potion"}],"is_trial":false,"path_per_floor":["M","M","$","?","M","R","?","R","T","E","R","M","M","M","R"],"character_chosen":"IRONCLAD","items_purchased":["Battle Trance"],"campfire_rested":0,"item_purchase_floors":[3],"current_hp_per_floor":[66,72,72,77,80,80,80,80,80,63,63,48,46,37,37,37],"gold":88,"neow_bonus":"TRANSFORM_TWO_CARDS","is_prod":false,"is_daily":false,"chose_seed":false,"campfire_upgraded":4,"win_rate":0,"timestamp":1539348997,"path_taken":["M","M","$","?","?","R","?","R","T","E","R","M","M","M","R","BOSS"],"build_version":"2018-10-11","purchased_purges":0,"victory":false,"max_hp_per_floor":[80,80,80,85,85,85,85,85,85,85,85,85,85,85,85,85],"card_choices":[{"not_picked":["Anger","Entrench"],"picked":"Clash","floor":1.0},{"not_picked":["Heavy Blade","Anger","Warcry"],"picked":"SKIP","floor":2.0},{"not_picked":["Clothesline","Armaments"],"picked":"Shockwave","floor":5.0},{"not_picked":["Twin Strike","Inflame"],"picked":"Impervious","floor":10},{"not_picked":["Cleave","Burning Pact"],"picked":"Rupture+1","floor":12},{"not_picked":["Warcry","Flex"],"picked":"Entrench","floor":13},{"not_picked":["Thunderclap","Havoc","Second Wind"],"picked":"SKIP","floor":14}],"player_experience":808612,"relics_obtained":[{"floor":9,"key":"Boot"},{"floor":10,"key":"Frozen Egg 2"}],"event_choices":[{"event_name":"Big Fish","player_choice":"Donut","floor":4.0,"damage_taken":0.0},{"event_name":"Living Wall","player_choice":"Change","floor":7,"damage_taken":0}],"is_beta":false,"boss_relics":[],"items_purged_floors":[],"is_endless":false,"potions_floor_spawned":[10,12,14],"killed_by":"Hexaghost","ascension_level":12}