{"gold_per_floor":[114,124,144,144,161,161,236,250,250,283,283,283,97,128,128,200,200,219,219,33,50,63,63,98,98,98,98,111,32,32,32,32,106,106,120,120,170,181,181],"floor_reached":39,"playtime":1836,"items_purged":["Parasite","Strike_B"],"score":914,"play_id":"c8cc8cbe-b994-4fb3-92ef-2373e7096672","local_time":"20190131111324","is_ascension_mode":true,"campfire_choices":[{"data":"Zap","floor":6.0,"key":"SMITH"},{"data":"Dualcast","floor":11.0,"key":"SMITH"},{"data":"Hologram","floor":15.0,"key":"SMITH"},{"data":"Defragment","floor":23.0,"key":"SMITH"},{"data":"Skim","floor":25.0,"key":"SMITH"},{"data":"Reboot","floor":27.0,"key":"SMITH"},{"data":"Leap","floor":32.0,"key":"SMITH"}],"neow_cost":"NONE","seed_source_timestamp":6868190420618,"circlet_count":0,"master_deck":["AscendersBane","Strike_B","Strike_B","Strike_B","Defend_B","Defend_B","Defend_B","Defend_B","Zap+1","Dualcast+1","Reboot+1","Leap+1","Cold Snap","Skim+1","Melter","All For One+1","Beam Cell+1","Hologram+1","Go for the Eyes+1","Biased Cognition","Defragment+1","Undo","Streamline+1","All For One+1","Coolheaded+1","Sunder+1","Core Surge+1"],"special_seed":0,"relics":["Cracked Core","Molten Egg 2","Art of War","Du-Vu Doll","Coffee Dripper","Pantograph","Mercury Hourglass","Inserter"],"potions_floor_usage":[],"damage_taken":[{"damage":10.0,"enemies":"2 Louse","floor":1.0,"turns":3.0},{"damage":7.0,"enemies":"Small Slimes","floor":2.0,"turns":4.0},{"damage":2.0,"enemies":"Cultist","floor":3.0,"turns":3.0},{"damage":4.0,"enemies":"Looter","floor":5.0,"turns":4.0},{"damage":1.0,"enemies":"2 Fungi Beasts","floor":8.0,"turns":4.0},{"damage":26.0,"enemies":"3 Sentries","floor":10.0,"turns":9.0},{"damage":10.0,"enemies":"Lagavulin","floor":14.0,"turns":4.0},{"damage":0.0,"enemies":"Slime Boss","floor":16.0,"turns":5.0},{"damage":0.0,"enemies":"Chosen","floor":18.0,"turns":2.0},{"damage":14.0,"enemies":"Colosseum Slavers","floor":19.0,"turns":5.0},{"damage":7.0,"enemies":"Shell Parasite","floor":21.0,"turns":4.0},{"damage":16.0,"enemies":"Centurion and Healer","floor":22.0,"turns":6.0},{"damage":23.0,"enemies":"Slavers","floor":24.0,"turns":5.0},{"damage":2.0,"enemies":"Cultist and Chosen","floor":28.0,"turns":4.0},{"damage":35.0,"enemies":"Automaton","floor":33.0,"turns":8.0},{"damage":0.0,"enemies":"Orb Walker","floor":35.0,"turns":2.0},{"damage":18,"enemies":"3 Shapes","floor":38,"turns":4},{"damage":3,"enemies":"Jaw Worm Horde","floor":39,"turns":2}],"seed_played":"6936829711508427198","potions_obtained":[{"floor":3.0,"key":"Regen Potion"},{"floor":10.0,"key":"AttackPotion"},{"floor":14.0,"key":"Weak Potion"},{"floor":21.0,"key":"Regen Potion"},{"floor":24.0,"key":"FocusPotion"},{"floor":38,"key":"SkillPotion"}],"is_trial":false,"path_per_floor":["M","M","M","?","M","R","?","M","T","E","R","?","$","E","R","B",null,"M","?","$","M","M","R","E","R","T","R","M","$","?","$","R","B",null,"M","$","?","M","M"],"character_chosen":"DEFECT","items_purchased":["Beam Cell+1","Hologram","Defragment","Sunder+1"],"campfire_rested":0,"item_purchase_floors":[13,13,20,29],"current_hp_per_floor":[54,47,45,50,46,46,46,45,45,34,34,53,53,43,43,43,66,66,52,52,45,44,44,21,21,21,21,19,19,19,19,19,9,57,57,57,57,39,36],"gold":181,"neow_bonus":"ONE_RANDOM_RARE_CARD","is_prod":false,"is_daily":false,"chose_seed":false,"campfire_upgraded":7,"win_rate":0,"timestamp":1548904404,"path_taken":["M","M","M","?","M","R","?","M","T","E","R","?","$","E","R","BOSS","M","?","$","M","M","R","E","R","T","R","M","$","?","$","R","BOSS","M","$","?","M","M"],"build_version":"2019-01-23","purchased_purges":2,"victory":false,"max_hp_per_floor":[71,71,71,76,76,76,76,76,76,76,76,76,73,73,73,73,73,73,73,73,73,73,73,73,73,73,73,73,73,73,73,73,73,73,73,73,73,73,73],"card_choices":[{"not_picked":["Go for the Eyes","Steam"],"picked":"Leap","floor":1.0},{"not_picked":["Compile Driver","Scrape"],"picked":"Cold Snap","floor":2.0},{"not_picked":["Rebound","Redo"],"picked":"Skim","floor":3.0},{"not_picked":["Chill","BootSequence"],"picked":"Melter","floor":5.0},{"not_picked":["Sweeping Beam","Rebound","Go for the Eyes"],"picked":"SKIP","floor":8.0},{"not_picked":["Stack","Hologram"],"picked":"All For One+1","floor":10.0},{"not_picked":["Doom and Gloom+1","Cold Snap+1"],"picked":"Go for the Eyes+1","floor":14.0},{"not_picked":["Amplify","Reboot"],"picked":"Biased Cognition","floor":16.0},{"not_picked":["Ball Lightning+1","Barrage+1","Double Energy"],"picked":"SKIP","floor":18.0},{"not_picked":["Leap","Recycle"],"picked":"Undo","floor":21.0},{"not_picked":["Blizzard+1","Compile Driver+1"],"picked":"Streamline+1","floor":22.0},{"not_picked":["Scrape+1","Capacitor"],"picked":"All For One+1","floor":24.0},{"not_picked":["Stack","Skim"],"picked":"Coolheaded+1","floor":28.0},{"not_picked":["Meteor Strike+1","Buffer"],"picked":"Core Surge+1","floor":33.0},{"not_picked":["Rebound+1","Go for the Eyes+1","Leap"],"picked":"SKIP","floor":35.0},{"not_picked":["Beam Cell+1","Stack","Heatsinks"],"picked":"SKIP","floor":38}],"player_experience":739980,"relics_obtained":[{"floor":9.0,"key":"Molten Egg 2"},{"floor":10.0,"key":"Art of War"},{"floor":14.0,"key":"Du-Vu Doll"},{"floor":24.0,"key":"Pantograph"},{"floor":26.0,"key":"Mercury Hourglass"}],"event_choices":[{"damage_healed":0.0,"max_hp_gain":5.0,"max_hp_loss":0.0,"gold_gain":0.0,"event_name":"Big Fish","player_choice":"Donut","floor":4.0,"gold_loss":0.0,"damage_taken":0.0},{"damage_healed":0.0,"max_hp_gain":0.0,"max_hp_loss":0.0,"gold_gain":75.0,"event_name":"Golden Wing","player_choice":"Gained Gold","floor":7.0,"gold_loss":0.0,"damage_taken":0.0},{"damage_healed":19.0,"max_hp_gain":0.0,"max_hp_loss":0.0,"gold_gain":0.0,"event_name":"Mushrooms","player_choice":"Healed and dodged fight","floor":12.0,"gold_loss":0.0,"damage_taken":0.0,"cards_obtained":["Parasite"]},{"damage_healed":0.0,"max_hp_gain":0.0,"max_hp_loss":0.0,"gold_gain":0.0,"event_name":"Colosseum","player_choice":"Fight","floor":19.0,"gold_loss":0.0,"damage_taken":0.0},{"damage_healed":0.0,"max_hp_gain":0.0,"max_hp_loss":0.0,"gold_gain":0.0,"event_name":"Colosseum","player_choice":"Fled From Nobs","floor":19.0,"gold_loss":0.0,"damage_taken":0.0},{"damage_healed":0.0,"max_hp_gain":0.0,"max_hp_loss":0.0,"gold_gain":0.0,"event_name":"Cursed Tome","player_choice":"Ignored","floor":30.0,"gold_loss":0.0,"damage_taken":0.0},{"damage_healed":0.0,"max_hp_gain":0.0,"max_hp_loss":0.0,"gold_gain":50.0,"event_name":"Golden Shrine","player_choice":"Pray","floor":37.0,"gold_loss":0.0,"damage_taken":0.0}],"is_beta":true,"boss_relics":[{"not_picked":["FrozenCore","Tiny House"],"picked":"Coffee Dripper"},{"not_picked":["Fusion Hammer","Velvet Choker"],"picked":"Inserter"}],"items_purged_floors":[13,20],"is_endless":false,"potions_floor_spawned":[3,10,14,21,24,28,33,38],"killed_by":"Jaw Worm Horde","ascension_level":20}