{"gold_per_floor":[115,40,15,15,34,34,59,78,78,78],"floor_reached":10,"playtime":283,"items_purged":[],"score":132,"play_id":"b24c5f3a-d5a1-48b1-9723-3ded1799957e","local_time":"20181104192241","is_ascension_mode":true,"campfire_choices":[{"data":"Static Discharge","floor":6,"key":"SMITH"}],"neow_cost":"NONE","seed_source_timestamp":29712864266322,"circlet_count":0,"master_deck":["AscendersBane","Strike_B","Strike_B","Strike_B+1","Defend_B","Defend_B","Defend_B","Defend_B","Zap","Dualcast","Auto Shields","Conserve Battery","Static Discharge+1","Undo","Sunder+1"],"relics":["Black Star","Darkstone Periapt","Dodecahedron","Whetstone"],"potions_floor_usage":[7,7],"damage_taken":[{"damage":2,"enemies":"2 Louse","floor":1,"turns":2},{"damage":5,"enemies":"Jaw Worm","floor":5,"turns":7},{"damage":32,"enemies":"Gremlin Nob","floor":7,"turns":5},{"damage":4,"enemies":"Cultist","floor":8,"turns":4},{"damage":22,"enemies":"3 Sentries","floor":10,"turns":5}],"seed_played":"8018419236046462291","potions_obtained":[{"floor":1,"key":"Ancient Potion"},{"floor":4,"key":"FearPotion"}],"is_trial":false,"path_per_floor":["M","?","$","?","M","R","E","M","T","E"],"character_chosen":"DEFECT","items_purchased":["Conserve Battery"],"campfire_rested":0,"item_purchase_floors":[3],"current_hp_per_floor":[62,62,62,62,57,57,25,21,21,0],"gold":78,"neow_bonus":"BOSS_RELIC","is_prod":false,"is_daily":false,"chose_seed":false,"campfire_upgraded":1,"win_rate":0,"timestamp":1541330561,"path_taken":["M","?","$","?","?","R","E","M","T","E"],"build_version":"2018-11-02","purchased_purges":0,"victory":false,"max_hp_per_floor":[71,71,71,71,71,71,71,71,71,71],"card_choices":[{"not_picked":["Recycle","Turbo"],"picked":"Auto Shields","floor":1},{"not_picked":["Skim","Steam"],"picked":"Static Discharge","floor":5},{"not_picked":["Static Discharge","Recycle"],"picked":"Undo","floor":7},{"not_picked":["Consume","Redo"],"picked":"Sunder","floor":8}],"player_experience":503021,"relics_obtained":[{"floor":7,"key":"Darkstone Periapt"},{"floor":7,"key":"Dodecahedron"},{"floor":9,"key":"Whetstone"}],"event_choices":[{"cards_removed":["Strike_B"],"damage_healed":0,"gold_gain":0,"player_choice":"Card Removal","damage_taken":0,"max_hp_gain":0,"max_hp_loss":0,"event_name":"The Cleric","floor":2,"gold_loss":75},{"damage_healed":0,"gold_gain":0,"player_choice":"Got Potions","damage_taken":0,"max_hp_gain":0,"max_hp_loss":0,"event_name":"Lab","floor":4,"gold_loss":0}],"is_beta":true,"boss_relics":[],"items_purged_floors":[],"is_endless":false,"potions_floor_spawned":[1],"killed_by":"3 Sentries","ascension_level":20}