{"gold_per_floor":[114,129,148,168,184,184,184,8,8,25,42,101,276,287,287,387,387,405,48,68,86,104,104,115,127,127,127,127,8,8,78,78,181,231,248,266,276,276],"floor_reached":38,"playtime":8878,"items_purged":[],"score":426,"play_id":"a4e7ea41-6825-4d87-8050-bc097f0f5c05","local_time":"20190805060638","is_ascension_mode":false,"campfire_choices":[{"data":"Stack","floor":6.0,"key":"SMITH"},{"floor":15.0,"key":"REST"},{"floor":23.0,"key":"REST"},{"floor":30.0,"key":"REST"},{"floor":32.0,"key":"REST"}],"neow_cost":"NONE","seed_source_timestamp":0,"circlet_count":0,"master_deck":["Strike_B","Strike_B","Strike_B","Strike_B","Defend_B","Defend_B","Defend_B","Defend_B","Zap","Dualcast+1","Streamline+1","Ball Lightning","Conserve Battery","Buffer","Stack+1","Static Discharge","Melter","Leap","Coolheaded","Doubt","Cold Snap","Reprogram","Rainbow","Conserve Battery","Self Repair+1","Hologram+1","Glacier+1","Go for the Eyes+1","Compile Driver+1","Barrage","Loop","Rip and Tear","Darkness","Capacitor+1","Lockon","Fission","Redo+1","Streamline+1","Sweeping Beam+1","Chaos+1"],"special_seed":0,"relics":["Cracked Core","Dream Catcher","Blood Vial","Matryoshka","Happy Flower","Medical Kit","Potion Belt","Orichalcum","Nilry\u0027s Codex","SsserpentHead","Tiny House"],"potions_floor_usage":[37],"damage_taken":[{"damage":0.0,"enemies":"Small Slimes","floor":1.0,"turns":3.0},{"damage":1.0,"enemies":"Jaw Worm","floor":2.0,"turns":2.0},{"damage":0.0,"enemies":"2 Louse","floor":3.0,"turns":2.0},{"damage":7.0,"enemies":"Blue Slaver","floor":4.0,"turns":4.0},{"damage":0.0,"enemies":"3 Louse","floor":5.0,"turns":4.0},{"damage":17.0,"enemies":"Gremlin Gang","floor":10.0,"turns":3.0},{"damage":10.0,"enemies":"Exordium Wildlife","floor":11.0,"turns":3.0},{"damage":18.0,"enemies":"Lagavulin Event","floor":12.0,"turns":6.0},{"damage":5.0,"enemies":"Looter","floor":14.0,"turns":3.0},{"damage":39.0,"enemies":"The Guardian","floor":16.0,"turns":11.0},{"damage":12.0,"enemies":"Chosen","floor":18.0,"turns":5.0},{"damage":14.0,"enemies":"2 Thieves","floor":20.0,"turns":5.0},{"damage":29.0,"enemies":"Chosen and Byrds","floor":21.0,"turns":9.0},{"damage":27.0,"enemies":"Snake Plant","floor":22.0,"turns":5.0},{"damage":4.0,"enemies":"Snecko","floor":24.0,"turns":6.0},{"damage":0.0,"enemies":"Sentry and Sphere","floor":25.0,"turns":4.0},{"damage":14.0,"enemies":"Cultist and Chosen","floor":31.0,"turns":5.0},{"damage":78.0,"enemies":"Collector","floor":33.0,"turns":12.0},{"damage":10.0,"enemies":"3 Shapes","floor":35.0,"turns":8.0},{"damage":38,"enemies":"3 Darklings","floor":36,"turns":7},{"damage":56,"enemies":"Spire Growth","floor":37,"turns":8},{"damage":31,"enemies":"Jaw Worm Horde","floor":38,"turns":2}],"seed_played":"-946783559286579479","potions_obtained":[{"floor":10.0,"key":"Fire Potion"},{"floor":11.0,"key":"SpeedPotion"},{"floor":12.0,"key":"Swift Potion"},{"floor":18.0,"key":"LiquidBronze"},{"floor":20.0,"key":"Strength Potion"},{"floor":24.0,"key":"Fruit Juice"},{"floor":34.0,"key":"Explosive Potion"},{"floor":37,"key":"Fire Potion"}],"is_trial":false,"path_per_floor":["M","M","M","M","M","R","?","$","T","M","M","?","?","M","R","B",null,"M","$","M","M","M","R","M","M","T","?","?","$","R","M","R","B",null,"M","M","M","M"],"character_chosen":"DEFECT","items_purchased":["Fruit Juice","Static Discharge","Happy Flower","Medical Kit","Loop","Rip and Tear"],"campfire_rested":4,"item_purchase_floors":[8,8,19,19,29,29],"current_hp_per_floor":[75,74,74,67,67,67,55,60,60,45,37,21,21,18,42,5,80,68,68,56,39,24,48,61,63,63,47,47,47,72,70,85,17,90,90,62,18,0],"gold":276,"neow_bonus":"UPGRADE_CARD","is_prod":false,"is_daily":false,"chose_seed":false,"campfire_upgraded":1,"win_rate":0.0,"timestamp":1564999598,"path_taken":["M","M","M","M","M","R","?","$","T","M","M","?","?","M","R","BOSS","M","$","M","M","M","R","M","M","T","?","?","$","R","?","R","BOSS","M","M","M","M"],"build_version":"2019-07-17","purchased_purges":0,"victory":false,"max_hp_per_floor":[75,75,75,75,75,75,75,80,80,80,80,80,80,80,80,80,80,80,80,80,80,80,80,85,85,85,85,85,85,85,85,85,85,90,90,90,90,90],"card_choices":[{"not_picked":["Compile Driver","Conserve Battery"],"picked":"Streamline","floor":1.0},{"not_picked":["Redo","FTL"],"picked":"Ball Lightning","floor":2.0},{"not_picked":["Barrage","Darkness"],"picked":"Conserve Battery","floor":3.0},{"not_picked":["Steam","Force Field"],"picked":"Buffer","floor":4.0},{"not_picked":["Genetic Algorithm","Redo"],"picked":"Stack","floor":5.0},{"not_picked":["Machine Learning","Barrage"],"picked":"Melter","floor":10.0},{"not_picked":["Stack","Ball Lightning"],"picked":"Leap","floor":11.0},{"not_picked":["Beam Cell","Leap"],"picked":"Coolheaded","floor":12.0},{"not_picked":["Fusion","Coolheaded"],"picked":"Cold Snap","floor":14.0},{"not_picked":["Steam","Ball Lightning"],"picked":"Reprogram","floor":15.0},{"not_picked":["Creative AI","Fission"],"picked":"Rainbow","floor":16.0},{"not_picked":["Steam+1","Beam Cell+1"],"picked":"Conserve Battery","floor":18.0},{"not_picked":["Barrage","Steam"],"picked":"Self Repair+1","floor":20.0},{"not_picked":["White Noise","Compile Driver"],"picked":"Hologram+1","floor":21.0},{"not_picked":["Amplify","Tempest"],"picked":"Glacier+1","floor":22.0},{"not_picked":["Coolheaded+1","Rip and Tear"],"picked":"Go for the Eyes+1","floor":23.0},{"not_picked":["Coolheaded","FTL"],"picked":"Compile Driver+1","floor":24.0},{"not_picked":["Conserve Battery","Amplify"],"picked":"Barrage","floor":25.0},{"not_picked":["Redo","Cold Snap"],"picked":"Darkness","floor":30.0},{"not_picked":["Beam Cell","Skim"],"picked":"Capacitor+1","floor":31.0},{"not_picked":["Static Discharge","Skim"],"picked":"Lockon","floor":32.0},{"not_picked":["Amplify","Seek"],"picked":"Fission","floor":33.0},{"not_picked":["Hello World+1","Ball Lightning+1"],"picked":"Redo+1","floor":34.0},{"not_picked":["Coolheaded+1","Ball Lightning+1"],"picked":"Streamline+1","floor":35},{"not_picked":["Darkness","Thunder Strike"],"picked":"Sweeping Beam+1","floor":36},{"not_picked":["Redo","Steam Power+1"],"picked":"Chaos+1","floor":37}],"player_experience":23461,"relics_obtained":[{"floor":9.0,"key":"Blood Vial"},{"floor":12.0,"key":"Matryoshka"},{"floor":26.0,"key":"Potion Belt"},{"floor":26.0,"key":"Orichalcum"},{"floor":27.0,"key":"Nilry\u0027s Codex"}],"event_choices":[{"damage_healed":0.0,"max_hp_gain":0.0,"max_hp_loss":0.0,"gold_gain":0.0,"event_name":"Scrap Ooze","player_choice":"Success","floor":7.0,"gold_loss":0.0,"damage_taken":12.0,"relics_obtained":["Dream Catcher"]},{"damage_healed":0.0,"max_hp_gain":0.0,"max_hp_loss":0.0,"gold_gain":30.0,"event_name":"Dead Adventurer","player_choice":"Searched \u00272\u0027 times","floor":12.0,"gold_loss":0.0,"damage_taken":0.0},{"damage_healed":0.0,"max_hp_gain":0.0,"max_hp_loss":0.0,"gold_gain":175.0,"event_name":"Liars Game","player_choice":"AGREE","floor":13.0,"gold_loss":0.0,"damage_taken":0.0,"cards_obtained":["Doubt"]},{"damage_healed":0.0,"max_hp_gain":0.0,"max_hp_loss":0.0,"gold_gain":0.0,"event_name":"Cursed Tome","player_choice":"Obtained Book","floor":27.0,"gold_loss":0.0,"damage_taken":16.0},{"damage_healed":0.0,"max_hp_gain":0.0,"max_hp_loss":0.0,"gold_gain":0.0,"event_name":"FaceTrader","player_choice":"Trade","floor":28.0,"gold_loss":0.0,"damage_taken":0.0,"relics_obtained":["SsserpentHead"]}],"is_beta":false,"boss_relics":[{"not_picked":["Coffee Dripper","Calling Bell","Busted Crown"]},{"not_picked":["Orrery","Sozu"],"picked":"Tiny House"}],"items_purged_floors":[],"is_endless":false,"potions_floor_spawned":[10,11,12,14,18,20,24,37],"killed_by":"Jaw Worm Horde","ascension_level":0}