{"gold_per_floor":[118,27,27,44,55,55,72,87,87,97,97,5,5,23,23,154,154,172,156,0,0,0,0,20,20,20,20,36,79,97,28,28,157,157,176,33,366,366,366,393,69,83,106,119,119,135,155,172,172,172],"floor_reached":51,"playtime":3289,"items_purged":[],"score":799,"play_id":"76cc94f7-3d51-4563-b9b1-5b5198e78bb1","local_time":"20190808171010","is_ascension_mode":true,"campfire_choices":[{"floor":6,"key":"RECALL"},{"data":"Neutralize","floor":11,"key":"SMITH"},{"data":"After Image","floor":15,"key":"SMITH"},{"data":"Infinite Blades","floor":23,"key":"SMITH"},{"data":"Noxious Fumes","floor":25,"key":"SMITH"},{"data":"Flash of Steel","floor":27,"key":"SMITH"},{"data":"Noxious Fumes","floor":32,"key":"SMITH"}],"neow_cost":"NONE","seed_source_timestamp":228709483654129,"circlet_count":0,"master_deck":["Strike_G+1","Strike_G+1","Strike_G+1","Strike_G+1","Strike_G+1","Defend_G+1","Defend_G+1","Defend_G+1","Defend_G+1","Defend_G+1","Survivor+1","Neutralize+1","Slice+1","Flash of Steel+1","Poisoned Stab+1","Slice+1","Catalyst+1","Flash of Steel+1","After Image+1","A Thousand Cuts+1","Cloak And Dagger+1","Terror+1","Infinite Blades+1","Catalyst+1","Noxious Fumes+1","Blur+1","Deadly Poison+1","Backstab+1","Noxious Fumes+1","Storm of Steel+1","Backflip+1","After Image+1","Blur+1","Cloak And Dagger+1","Accuracy","Adrenaline","Finesse","Escape Plan+1","Acrobatics+1","Accuracy+1","Cloak And Dagger+1","Infinite Blades"],"relics":["WristBlade","FossilizedHelix","Coffee Dripper","Pantograph","Question Card","Fusion Hammer","Mark of the Bloom","Strawberry","Smiling Mask","Darkstone Periapt"],"potions_floor_usage":[18,35,39,39,40,47],"damage_taken":[{"damage":4,"enemies":"Cultist","floor":1,"turns":4},{"damage":0,"enemies":"2 Louse","floor":4,"turns":3},{"damage":0,"enemies":"Jaw Worm","floor":5,"turns":3},{"damage":0,"enemies":"Blue Slaver","floor":7,"turns":4},{"damage":0,"enemies":"Looter","floor":8,"turns":3},{"damage":0,"enemies":"Exordium Wildlife","floor":10,"turns":4},{"damage":0,"enemies":"Blue Slaver","floor":14,"turns":3},{"damage":30,"enemies":"The Guardian","floor":16,"turns":16},{"damage":0,"enemies":"3 Byrds","floor":18,"turns":5},{"damage":0,"enemies":"2 Thieves","floor":19,"turns":4},{"damage":14,"enemies":"Snake Plant","floor":24,"turns":5},{"damage":0,"enemies":"3 Cultists","floor":28,"turns":4},{"damage":0,"enemies":"Book of Stabbing","floor":29,"turns":5},{"damage":8,"enemies":"Shelled Parasite and Fungi","floor":30,"turns":5},{"damage":12,"enemies":"Champ","floor":33,"turns":9},{"damage":0,"enemies":"Orb Walker","floor":35,"turns":3},{"damage":26,"enemies":"Nemesis","floor":40,"turns":6},{"damage":0,"enemies":"3 Darklings","floor":42,"turns":4},{"damage":10,"enemies":"Jaw Worm Horde","floor":44,"turns":3},{"damage":0,"enemies":"Maw","floor":46,"turns":6},{"damage":10,"enemies":"4 Shapes","floor":47,"turns":4},{"damage":0,"enemies":"Writhing Mass","floor":48,"turns":4},{"damage":9,"enemies":"Time Eater","floor":50,"turns":11}],"seed_played":"-5879444390646823158","potions_obtained":[{"floor":4,"key":"Explosive Potion"},{"floor":5,"key":"Ancient Potion"},{"floor":19,"key":"LiquidBronze"},{"floor":30,"key":"Explosive Potion"},{"floor":39,"key":"Fruit Juice"},{"floor":39,"key":"Fruit Juice"},{"floor":39,"key":"Weak Potion"},{"floor":40,"key":"FearPotion"},{"floor":46,"key":"Block Potion"}],"is_trial":false,"path_per_floor":["M","$","?","M","M","R","M","M","T","M","R","$","?","M","R","B",null,"M","M","$","?","?","R","M","R","T","R","M","E","M","$","R","B",null,"M","$","?","?","?","E","$","M","T","M","T","M","M","M","R","B",null],"character_chosen":"THE_SILENT","items_purchased":["Flash of Steel","Flash of Steel","Infinite Blades","Catalyst","Noxious Fumes","After Image","Blur","Accuracy","Adrenaline","Finesse"],"campfire_rested":0,"item_purchase_floors":[2,12,20,20,31,36,36,41,41,41],"current_hp_per_floor":[66,66,48,48,48,48,48,48,48,48,48,48,31,31,31,1,70,70,70,70,70,70,70,56,56,56,56,56,56,48,48,48,58,70,70,70,70,70,70,44,44,44,44,34,34,34,24,24,24,15],"gold":172,"neow_bonus":"BOSS_RELIC","is_prod":false,"is_daily":false,"chose_seed":false,"campfire_upgraded":6,"win_rate":0,"timestamp":1565298610,"path_taken":["M","?","?","M","M","R","M","M","T","M","R","$","?","M","R","BOSS","M","M","$","?","?","R","M","R","T","R","M","E","M","$","R","BOSS","M","$","?","?","?","E","$","?","T","M","?","M","?","M","R","BOSS"],"build_version":"2019-07-17","purchased_purges":0,"victory":true,"max_hp_per_floor":[70,70,70,70,70,70,70,70,70,70,70,70,70,70,70,70,70,70,70,70,70,70,70,70,70,70,70,70,70,70,70,70,70,70,70,70,70,70,80,87,87,87,87,87,87,87,87,87,87,87],"card_choices":[{"not_picked":["Acrobatics","Dodge and Roll"],"picked":"Slice","floor":1},{"not_picked":["Dodge and Roll","Acrobatics","Flying Knee"],"picked":"SKIP","floor":4},{"not_picked":["Deadly Poison","Prepared"],"picked":"Poisoned Stab","floor":5},{"not_picked":["Deflect","All Out Attack"],"picked":"Slice","floor":7},{"not_picked":["Tactician","PiercingWail","Acrobatics"],"picked":"SKIP","floor":8},{"not_picked":["Cloak And Dagger","PiercingWail"],"picked":"Catalyst","floor":10},{"not_picked":["Blade Dance","Deflect"],"picked":"After Image","floor":14},{"not_picked":["Die Die Die","Wraith Form v2"],"picked":"A Thousand Cuts","floor":16},{"not_picked":["Prepared","Dodge and Roll+1"],"picked":"Cloak And Dagger+1","floor":18},{"not_picked":["Slice","Flying Knee+1"],"picked":"Terror+1","floor":19},{"not_picked":["Leg Sweep+1","Endless Agony+1"],"picked":"Noxious Fumes","floor":24},{"not_picked":["Prepared","Finisher"],"picked":"Blur","floor":28},{"not_picked":["Poisoned Stab","Choke"],"picked":"Deadly Poison","floor":29},{"not_picked":["Escape Plan","Dagger Spray","Dagger Throw"],"picked":"Backstab","floor":30},{"not_picked":["Bullet Time","Phantasmal Killer","Venomology"],"picked":"Storm of Steel","floor":33},{"not_picked":["Sucker Punch+1","Slice","Cloak And Dagger+1"],"picked":"Backflip+1","floor":35},{"not_picked":["Blade Dance+1","Caltrops+1","Endless Agony+1"],"picked":"Cloak And Dagger+1","floor":40},{"not_picked":["Masterful Stab+1","Dodge and Roll+1","Caltrops"],"picked":"Escape Plan+1","floor":42},{"not_picked":["Underhanded Strike+1","Flechettes+1","Eviscerate"],"picked":"Acrobatics+1","floor":44},{"not_picked":["Calculated Gamble+1","Well Laid Plans","Dash+1"],"picked":"Accuracy+1","floor":46},{"not_picked":["Reflex+1","Slice+1","Venomology"],"picked":"Cloak And Dagger+1","floor":47},{"not_picked":["Underhanded Strike+1","Quick Slash","Calculated Gamble"],"picked":"Infinite Blades","floor":48}],"player_experience":95458,"relics_obtained":[{"floor":26,"key":"Pantograph"},{"floor":29,"key":"Question Card"},{"floor":40,"key":"Strawberry"},{"floor":43,"key":"Smiling Mask"},{"floor":45,"key":"Darkstone Periapt"}],"event_choices":[{"damage_healed":0,"gold_gain":0,"player_choice":"Success","damage_taken":18,"relics_obtained":["FossilizedHelix"],"max_hp_gain":0,"max_hp_loss":0,"event_name":"Scrap Ooze","floor":3,"gold_loss":0},{"damage_healed":0,"gold_gain":0,"player_choice":"Take Damage","damage_taken":17,"relics_obtained":["Golden Idol"],"max_hp_gain":0,"max_hp_loss":0,"event_name":"Golden Idol","floor":13,"gold_loss":0},{"damage_healed":0,"gold_gain":0,"player_choice":"Simplicity","damage_taken":0,"max_hp_gain":0,"max_hp_loss":0,"event_name":"Back to Basics","floor":21,"gold_loss":0,"cards_upgraded":["Strike_G","Strike_G","Strike_G","Strike_G","Strike_G","Defend_G","Defend_G","Defend_G","Defend_G","Defend_G"]},{"damage_healed":0,"gold_gain":333,"player_choice":"Gave Idol","damage_taken":0,"max_hp_gain":0,"max_hp_loss":0,"event_name":"The Moai Head","floor":37,"relics_lost":["Golden Idol"],"gold_loss":0},{"damage_healed":0,"gold_gain":0,"player_choice":"Upgrade","damage_taken":0,"relics_obtained":["Mark of the Bloom"],"max_hp_gain":0,"max_hp_loss":0,"event_name":"MindBloom","floor":38,"gold_loss":0,"cards_upgraded":["Survivor","Slice","Flash of Steel","Poisoned Stab","Slice","Catalyst","A Thousand Cuts","Catalyst","Blur","Deadly Poison","Backstab","Storm of Steel","After Image","Blur"]},{"damage_healed":0,"gold_gain":0,"player_choice":"Got Potions","damage_taken":0,"max_hp_gain":0,"max_hp_loss":0,"event_name":"Lab","floor":39,"gold_loss":0}],"is_beta":false,"boss_relics":[{"not_picked":["Philosopher\u0027s Stone","Calling Bell"],"picked":"Coffee Dripper"},{"not_picked":["Busted Crown","Snecko Eye"],"picked":"Fusion Hammer"}],"items_purged_floors":[],"is_endless":false,"potions_floor_spawned":[4,5,19,30,33,40,44,46],"ascension_level":1}