{"gold_per_floor":[119,129,129,27,41,57,57,67,113,113,179,179,213,231,231,309,309,309,309,157,157,157,157,34,34,34,34,34,34,34,34,34,34,34,34,34,34,34,34,34],"floor_reached":40,"playtime":1829,"items_purged":["Strike_G","Strike_G"],"score":679,"play_id":"2f51e2eb-d603-40f1-a6b1-a543fc99a30a","local_time":"20190323142947","is_ascension_mode":true,"campfire_choices":[{"data":"Glass Knife","floor":7.0,"key":"SMITH"},{"data":"Well Laid Plans","floor":10.0,"key":"SMITH"},{"data":"Footwork","floor":12.0,"key":"SMITH"},{"data":"Dash","floor":15.0,"key":"SMITH"},{"data":"Backflip","floor":23.0,"key":"SMITH"},{"data":"Survivor","floor":27.0,"key":"SMITH"},{"floor":29.0,"key":"REST"},{"data":"Choke","floor":32.0,"key":"SMITH"}],"neow_cost":"NONE","seed_source_timestamp":6424963081006,"circlet_count":0,"master_deck":["AscendersBane","Defend_G","Defend_G","Defend_G","Defend_G","Defend_G","Strike_G","Strike_G","Strike_G","Survivor+1","Neutralize+1","Dash+1","Footwork+1","Backflip+1","Glass Knife+1","Well Laid Plans+1","Cloak And Dagger+1","Terror+1","Acrobatics+1","Cloak And Dagger+1","Infinite Blades","Choke+1","Leg Sweep+1","After Image","PiercingWail+1","Catalyst+1","Deadly Poison+1"],"special_seed":0,"relics":["Ring of the Snake","NeowsBlessing","Vajra","Toxic Egg 2","Ectoplasm","Black Star"],"potions_floor_usage":[40,40],"damage_taken":[{"damage":0.0,"enemies":"Cultist","floor":1.0,"turns":1.0},{"damage":0.0,"enemies":"Small Slimes","floor":2.0,"turns":2.0},{"damage":0.0,"enemies":"2 Louse","floor":5.0,"turns":1.0},{"damage":1.0,"enemies":"Looter","floor":6.0,"turns":4.0},{"damage":2.0,"enemies":"Exordium Thugs","floor":8.0,"turns":5.0},{"damage":10.0,"enemies":"3 Sentries","floor":13.0,"turns":7.0},{"damage":10.0,"enemies":"Lots of Slimes","floor":14.0,"turns":5.0},{"damage":21.0,"enemies":"Slime Boss","floor":16.0,"turns":12.0},{"damage":2.0,"enemies":"3 Byrds","floor":18.0,"turns":7.0},{"damage":7.0,"enemies":"Spheric Guardian","floor":19.0,"turns":4.0},{"damage":14.0,"enemies":"Shelled Parasite and Fungi","floor":22.0,"turns":4.0},{"damage":12.0,"enemies":"Snake Plant","floor":25.0,"turns":4.0},{"damage":0.0,"enemies":"Centurion and Healer","floor":28.0,"turns":4.0},{"damage":0.0,"enemies":"3 Cultists","floor":30.0,"turns":5.0},{"damage":0.0,"enemies":"Colosseum Slavers","floor":31.0,"turns":3.0},{"damage":23.0,"enemies":"Automaton","floor":33.0,"turns":11.0},{"damage":9.0,"enemies":"3 Darklings","floor":35.0,"turns":9.0},{"damage":0.0,"enemies":"3 Shapes","floor":36.0,"turns":5.0},{"damage":39,"enemies":"Giant Head","floor":40,"turns":12}],"seed_played":"4252412429316636844","potions_obtained":[{"floor":1.0,"key":"SpeedPotion"},{"floor":6.0,"key":"SkillPotion"}],"is_trial":false,"path_per_floor":["M","M","?","$","M","M","R","M","T","R","?","R","E","M","R","B",null,"M","M","$","?","M","R","$","M","T","R","M","R","M","?","R","B",null,"M","M","?","$","?","E"],"character_chosen":"THE_SILENT","items_purchased":["Footwork","Backflip","Terror+1","Cloak And Dagger+1"],"campfire_rested":1,"item_purchase_floors":[4,4,20,24],"current_hp_per_floor":[59,59,59,59,59,58,58,56,56,56,56,56,46,36,36,15,53,51,44,44,44,30,30,30,18,18,18,18,37,37,37,37,14,53,44,44,44,44,44,5],"gold":34,"neow_bonus":"THREE_ENEMY_KILL","is_prod":false,"is_daily":false,"chose_seed":false,"campfire_upgraded":7,"win_rate":0,"timestamp":1553322587,"path_taken":["M","?","?","$","M","M","R","M","T","R","?","R","E","M","R","BOSS","M","M","$","?","M","R","$","M","T","R","M","R","M","?","R","BOSS","M","M","?","$","?","E"],"build_version":"2019-01-23","purchased_purges":2,"victory":false,"max_hp_per_floor":[66,66,66,66,66,66,66,66,66,66,66,66,66,66,66,66,66,66,66,66,66,66,66,66,66,66,66,66,66,66,66,66,66,66,66,66,66,66,66,66],"card_choices":[{"not_picked":["Dodge and Roll","Poisoned Stab"],"picked":"Dash","floor":1.0},{"not_picked":["Endless Agony","Flying Knee","Poisoned Stab"],"picked":"SKIP","floor":2.0},{"not_picked":["Blur","Sucker Punch","Finisher"],"picked":"SKIP","floor":5.0},{"not_picked":["Bane","Acrobatics"],"picked":"Glass Knife","floor":6.0},{"not_picked":["Cloak And Dagger","Setup"],"picked":"Well Laid Plans","floor":8.0},{"not_picked":["Sucker Punch","Envenom","Setup"],"picked":"SKIP","floor":13.0},{"not_picked":["Sucker Punch","Envenom","Setup"],"picked":"SKIP","floor":13.0},{"not_picked":["Reflex+1","Acrobatics+1","Slice"],"picked":"SKIP","floor":14.0},{"not_picked":["Deflect+1","Flechettes"],"picked":"Cloak And Dagger+1","floor":18.0},{"not_picked":["Slice","Cloak And Dagger+1","Dash"],"picked":"SKIP","floor":19.0},{"not_picked":["Blade Dance+1","Skewer"],"picked":"Acrobatics+1","floor":22.0},{"not_picked":["All Out Attack","PiercingWail+1"],"picked":"Infinite Blades","floor":25.0},{"not_picked":["Heel Hook","Tools of the Trade"],"picked":"Choke","floor":28.0},{"not_picked":["Dodge and Roll+1","Sucker Punch"],"picked":"Leg Sweep+1","floor":30.0},{"not_picked":["Tools of the Trade","Wraith Form v2"],"picked":"After Image","floor":33.0},{"not_picked":["Dagger Spray","Flying Knee","Outmaneuver+1"],"picked":"SKIP","floor":35.0},{"not_picked":["Well Laid Plans","Dagger Spray+1"],"picked":"PiercingWail+1","floor":36.0}],"player_experience":878397,"relics_obtained":[{"floor":9.0,"key":"Vajra"},{"floor":13.0,"key":"Toxic Egg 2"}],"event_choices":[{"damage_healed":0.0,"max_hp_gain":0.0,"max_hp_loss":0.0,"gold_gain":0.0,"event_name":"Living Wall","player_choice":"Grow","floor":3.0,"gold_loss":0.0,"damage_taken":0.0,"cards_upgraded":["Neutralize"]},{"damage_healed":0.0,"max_hp_gain":0.0,"max_hp_loss":0.0,"gold_gain":66.0,"event_name":"Golden Wing","player_choice":"Gained Gold","floor":11.0,"gold_loss":0.0,"damage_taken":0.0},{"damage_healed":0.0,"max_hp_gain":0.0,"max_hp_loss":0.0,"gold_gain":0.0,"event_name":"The Mausoleum","player_choice":"Ignored","floor":21.0,"gold_loss":0.0,"damage_taken":0.0},{"damage_healed":0.0,"max_hp_gain":0.0,"max_hp_loss":0.0,"gold_gain":0.0,"event_name":"Colosseum","player_choice":"Fight","floor":31.0,"gold_loss":0.0,"damage_taken":0.0},{"damage_healed":0.0,"max_hp_gain":0.0,"max_hp_loss":0.0,"gold_gain":0.0,"event_name":"Colosseum","player_choice":"Fled From Nobs","floor":31.0,"gold_loss":0.0,"damage_taken":0.0},{"damage_healed":0.0,"max_hp_gain":0.0,"max_hp_loss":0.0,"gold_gain":0.0,"event_name":"Mysterious Sphere","player_choice":"Ignored","floor":37.0,"gold_loss":0.0,"damage_taken":0.0},{"damage_healed":0,"gold_gain":0,"player_choice":"2 cards matched","damage_taken":0,"max_hp_gain":0,"max_hp_loss":0,"event_name":"Match and Keep!","floor":39,"gold_loss":0,"cards_obtained":["Catalyst","Deadly Poison"]}],"is_beta":false,"boss_relics":[{"not_picked":["Velvet Choker","Eternal Feather"],"picked":"Ectoplasm"},{"not_picked":["White Beast Statue","Snecko Eye"],"picked":"Black Star"}],"items_purged_floors":[20,24],"is_endless":false,"potions_floor_spawned":[1,6,14,16,18,22,30],"killed_by":"Giant Head","ascension_level":15}