{"gold_per_floor":[112,23,23,43,62,62,77,77,100,100,118,118,131,148,148,248,248,266,266,279,554,432,432,451,481,481,132,151,169,169,169,169,169],"floor_reached":33,"playtime":1521,"items_purged":["Regret"],"score":454,"play_id":"957f3592-0976-43cc-80fe-6a85dadf00b9","local_time":"20180831095827","is_ascension_mode":true,"campfire_choices":[{"data":"Loop","floor":6.0,"key":"SMITH"},{"floor":8.0,"key":"REST"},{"data":"Consume","floor":12.0,"key":"SMITH"},{"data":"Zap","floor":15.0,"key":"SMITH"},{"floor":23,"key":"REST"},{"data":"Defragment","floor":30,"key":"SMITH"},{"floor":32,"key":"REST"}],"neow_cost":"TEN_PERCENT_HP_LOSS","seed_source_timestamp":0,"circlet_count":0,"master_deck":["Strike_B","Defend_B","Defend_B","Defend_B","Defend_B","Zap+1","Dualcast+1","AscendersBane","Consume+1","Coolheaded","Loop+1","Cold Snap","Auto Shields","Leap","Redo","Reboot","Electrodynamics","Meteor Strike+1","Streamline+1","Sunder+1","Stack+1","Redo","Compile Driver","Seek","Defragment+1"],"special_seed":0,"relics":["Cracked Core","Dead Branch","Lantern","Astrolabe","Ancient Tea Set","Cables","Chemical X"],"potions_floor_usage":[25,28,28,28,33,33],"damage_taken":[{"damage":6.0,"enemies":"2 Louse","floor":1.0,"turns":3.0},{"damage":29.0,"enemies":"Jaw Worm","floor":4.0,"turns":5.0},{"damage":9.0,"enemies":"Small Slimes","floor":5.0,"turns":4.0},{"damage":16.0,"enemies":"Gremlin Gang","floor":7.0,"turns":6.0},{"damage":1.0,"enemies":"Looter","floor":11.0,"turns":3.0},{"damage":17.0,"enemies":"Lots of Slimes","floor":13.0,"turns":5.0},{"damage":20.0,"enemies":"Exordium Wildlife","floor":14.0,"turns":5.0},{"damage":3.0,"enemies":"Hexaghost","floor":16.0,"turns":14.0},{"damage":6.0,"enemies":"3 Byrds","floor":18.0,"turns":3.0},{"damage":0.0,"enemies":"Chosen","floor":20.0,"turns":6.0},{"damage":17,"enemies":"Centurion and Healer","floor":24,"turns":6},{"damage":0,"enemies":"Gremlin Leader","floor":25,"turns":6},{"damage":10,"enemies":"Shelled Parasite and Fungi","floor":28,"turns":7},{"damage":1,"enemies":"Chosen and Byrds","floor":29,"turns":7},{"damage":89,"enemies":"Automaton","floor":33,"turns":6}],"seed_played":"-5894601607863768260","potions_obtained":[{"floor":1.0,"key":"Strength Potion"},{"floor":7.0,"key":"LiquidBronze"},{"floor":11.0,"key":"Regen Potion"},{"floor":14.0,"key":"EntropicBrew"},{"floor":25,"key":"Poison Potion"},{"floor":28,"key":"Explosive Potion"}],"is_trial":false,"path_per_floor":["M","$","?","M","M","R","M","R","T","?","M","R","M","M","R","B",null,"M","?","M","?","$","R","M","E","T","$","M","M","R","?","R"],"character_chosen":"DEFECT","items_purchased":["Coolheaded","Loop","Redo","Seek","Chemical X"],"campfire_rested":3,"item_purchase_floors":[2,2,22,27,27],"current_hp_per_floor":[62,62,67,38,29,29,13,34,34,34,33,33,16,10,10,7,57,51,38,38,38,38,61,44,44,44,44,34,33,33,33,56,0],"gold":169,"neow_bonus":"ONE_RARE_RELIC","is_prod":false,"is_daily":false,"chose_seed":false,"campfire_upgraded":4,"win_rate":0,"timestamp":1535680707,"path_taken":["M","$","?","?","M","R","?","R","T","?","M","R","?","M","R","BOSS","M","?","?","?","$","R","M","E","T","$","?","M","R","?","R","BOSS"],"build_version":"2018-08-29","purchased_purges":1,"victory":false,"max_hp_per_floor":[68,68,73,73,73,73,73,73,73,73,73,73,73,73,73,73,73,73,78,78,78,78,78,78,78,78,78,78,78,78,78,78,78],"card_choices":[{"not_picked":["Beam Cell","Aggregate"],"picked":"Consume","floor":1.0},{"not_picked":["Barrage","Beam Cell"],"picked":"Cold Snap","floor":4.0},{"not_picked":["White Noise","Streamline"],"picked":"Auto Shields","floor":5.0},{"not_picked":["Fusion","Turbo"],"picked":"Leap","floor":7.0},{"not_picked":["Gash","Conserve Battery","Rebound"],"picked":"SKIP","floor":11.0},{"not_picked":["Gash","Storm"],"picked":"Redo","floor":13.0},{"not_picked":["Aggregate","Redo"],"picked":"Reboot","floor":14.0},{"not_picked":["Seek","Echo Form"],"picked":"Electrodynamics","floor":16.0},{"not_picked":["Conserve Battery","Sweeping Beam"],"picked":"Stack+1","floor":18.0},{"not_picked":["Barrage","Sunder","Sweeping Beam"],"picked":"SKIP","floor":20.0},{"not_picked":["Barrage","Leap"],"picked":"Compile Driver","floor":24},{"not_picked":["Loop","Redo","Sweeping Beam"],"picked":"SKIP","floor":25},{"not_picked":["Coolheaded","Storm","Compile Driver"],"picked":"SKIP","floor":28},{"not_picked":["Blizzard","Go for the Eyes"],"picked":"Defragment","floor":29}],"player_experience":280938,"relics_obtained":[{"floor":9.0,"key":"Lantern"},{"floor":25,"key":"Ancient Tea Set"},{"floor":26,"key":"Cables"}],"event_choices":[{"event_name":"Big Fish","player_choice":"Donut","floor":3.0,"damage_taken":0.0},{"event_name":"Upgrade Shrine","player_choice":"Upgraded","floor":10.0,"damage_taken":0.0},{"event_name":"Forgotten Altar","player_choice":"Shed Blood","floor":19.0,"damage_taken":0.0},{"event_name":"Golden Shrine","player_choice":"Desecrate","floor":21.0,"damage_taken":0.0},{"event_name":"Ghosts","player_choice":"Ignored","floor":31,"damage_taken":0}],"is_beta":true,"boss_relics":[{"not_picked":["Empty Cage","Lizard Tail"],"picked":"Astrolabe"}],"items_purged_floors":[22],"is_endless":false,"potions_floor_spawned":[1,7,11,14,16,25,28],"killed_by":"Automaton","ascension_level":12}