{"gold_per_floor":[110,110,110,35,35,61,61,71,97,114,128,20,20,30,30,30],"floor_reached":16,"playtime":667,"items_purged":["Strike_G"],"score":250,"play_id":"c5a97be2-e8fc-45b4-a517-97ba005059e5","local_time":"20190308223737","is_ascension_mode":true,"campfire_choices":[{"data":"Neutralize","floor":7.0,"key":"SMITH"},{"data":"Bane","floor":13.0,"key":"SMITH"},{"data":"Specialist","floor":15.0,"key":"SMITH"}],"neow_cost":"NONE","seed_source_timestamp":14476122939862,"circlet_count":0,"master_deck":["AscendersBane","Defend_G","Defend_G","Defend_G","Defend_G","Defend_G","Strike_G","Strike_G","Strike_G","Strike_G","Survivor","Neutralize+1","Deadly Poison+1","Escape Plan","Bane+1","Specialist+1"],"special_seed":0,"relics":["Ring of the Snake","NeowsBlessing","Incense Burner","Pen Nib"],"potions_floor_usage":[16,16],"damage_taken":[{"damage":0.0,"enemies":"2 Louse","floor":1.0,"turns":1.0},{"damage":0.0,"enemies":"3 Sentries","floor":6.0,"turns":1.0},{"damage":0.0,"enemies":"Small Slimes","floor":8.0,"turns":1.0},{"damage":4.0,"enemies":"Jaw Worm","floor":10.0,"turns":3.0},{"damage":1.0,"enemies":"Blue Slaver","floor":11.0,"turns":4.0},{"damage":0.0,"enemies":"Large Slime","floor":14.0,"turns":6.0},{"damage":36,"enemies":"Fading Forest","floor":16,"turns":9}],"seed_played":"962538800273916005","potions_obtained":[{"floor":6.0,"key":"Poison Potion"},{"floor":10.0,"key":"Adrenaline Potion"}],"is_trial":false,"path_per_floor":["M","?","?","$","?","E","R","M","T","M","M","$","R","M","R","B"],"character_chosen":"THE_SILENT","items_purchased":["Specialist"],"campfire_rested":0,"item_purchase_floors":[12],"current_hp_per_floor":[59,64,64,64,64,64,64,64,64,60,59,59,59,59,59,27],"gold":30,"neow_bonus":"THREE_ENEMY_KILL","is_prod":false,"is_daily":false,"chose_seed":false,"campfire_upgraded":3,"win_rate":0,"timestamp":1552055857,"path_taken":["M","?","?","$","?","E","R","M","T","M","M","?","R","M","R","BOSS"],"build_version":"2019-02-06","purchased_purges":1,"victory":false,"max_hp_per_floor":[66,71,71,71,71,71,71,71,71,71,71,71,71,71,71,71],"card_choices":[{"not_picked":["Slice","Concentrate"],"picked":"Deadly Poison","floor":1.0},{"not_picked":["ReplayTheSpireMod:The Works","Setup"],"picked":"Escape Plan","floor":6.0},{"not_picked":["Quick Slash","Deflect","Accuracy"],"picked":"SKIP","floor":8.0},{"not_picked":["Sucker Punch","Blade Dance","Prepared"],"picked":"SKIP","floor":10.0},{"not_picked":["Cloak And Dagger","Dodge and Roll"],"picked":"Bane","floor":11.0},{"not_picked":["Slice","Quick Slash","Sucker Punch"],"picked":"SKIP","floor":14.0}],"player_experience":833266,"relics_obtained":[{"floor":6.0,"key":"Incense Burner"},{"floor":9.0,"key":"Pen Nib"}],"event_choices":[{"damage_healed":0.0,"max_hp_gain":5.0,"max_hp_loss":0.0,"gold_gain":0.0,"event_name":"Big Fish","player_choice":"Donut","floor":2.0,"gold_loss":0.0,"damage_taken":0.0},{"damage_healed":0.0,"max_hp_gain":0.0,"max_hp_loss":0.0,"gold_gain":0.0,"event_name":"Scrap Ooze","player_choice":"Fled","floor":3.0,"gold_loss":0.0,"damage_taken":0.0}],"is_beta":true,"boss_relics":[],"items_purged_floors":[4],"is_endless":false,"potions_floor_spawned":[6,10,11],"killed_by":"Fading Forest","ascension_level":20}