{"gold_per_floor":[112,128,139,100,19,19,19,19,69,100,113,130,164,178,178,282,282,298,316,23,23,39,39,39,70,70,70,84,94,67,67,67,165,165,180,52,52,52,67,67,102,118,145,4,4,4,37,52,52,52],"floor_reached":50,"playtime":2305,"items_purged":["Strike_R","Normality"],"score":635,"play_id":"a2991351-4cfc-431d-bd2b-fa51a9f1f425","local_time":"20190810202634","is_ascension_mode":true,"campfire_choices":[{"data":"Perfected Strike","floor":6,"key":"SMITH"},{"data":"Whirlwind","floor":8,"key":"SMITH"},{"floor":15,"key":"REST"},{"data":"Perfected Strike","floor":23,"key":"SMITH"},{"data":"Exhume","floor":27,"key":"SMITH"},{"data":"Exhume","floor":32,"key":"SMITH"},{"floor":40,"key":"REST"},{"floor":46,"key":"REST"},{"floor":49,"key":"REST"}],"neow_cost":"NONE","seed_source_timestamp":70827359525211,"circlet_count":0,"master_deck":["Strike_R","Strike_R","Strike_R","Strike_R","Defend_R","Defend_R","Defend_R","Defend_R","Bash+1","Perfected Strike+1","Wild Strike","Twin Strike","Inflame","Whirlwind+1","True Grit","Perfected Strike","Twin Strike","Impervious","Seeing Red","Disarm","Exhume+1","Battle Trance","J.A.X.","Perfected Strike+1","RitualDagger","Exhume+1","Writhe","Seeing Red","Battle Trance","Shrug It Off","Immolate","Pommel Strike+1","Shrug It Off","Mind Blast","Pommel Strike+1","Whirlwind+1","Demon Form","Pommel Strike+1","Uppercut","Impervious","Perfected Strike","Whirlwind+1","True Grit+1"],"relics":["Burning Blood","Dream Catcher","Happy Flower","Question Card","Cursed Key","Torii","Lantern","Bag of Preparation","Sozu","Bird Faced Urn","PreservedInsect","Vajra"],"potions_floor_usage":[18,25,25,33,33,35],"damage_taken":[{"damage":1,"enemies":"Cultist","floor":1,"turns":3},{"damage":6,"enemies":"2 Louse","floor":2,"turns":2},{"damage":3,"enemies":"Small Slimes","floor":3,"turns":3},{"damage":6,"enemies":"Exordium Wildlife","floor":7,"turns":2},{"damage":13,"enemies":"3 Sentries","floor":10,"turns":4},{"damage":4,"enemies":"Looter","floor":11,"turns":2},{"damage":10,"enemies":"2 Fungi Beasts","floor":12,"turns":3},{"damage":24,"enemies":"Lagavulin","floor":13,"turns":4},{"damage":0,"enemies":"Gremlin Gang","floor":14,"turns":1},{"damage":35,"enemies":"Hexaghost","floor":16,"turns":7},{"damage":12,"enemies":"Chosen","floor":18,"turns":3},{"damage":0,"enemies":"Spheric Guardian","floor":19,"turns":4},{"damage":16,"enemies":"Snecko","floor":22,"turns":3},{"damage":46,"enemies":"Slavers","floor":25,"turns":5},{"damage":24,"enemies":"Snake Plant","floor":28,"turns":3},{"damage":0,"enemies":"Cultist and Chosen","floor":29,"turns":3},{"damage":65,"enemies":"Champ","floor":33,"turns":9},{"damage":43,"enemies":"3 Darklings","floor":35,"turns":4},{"damage":0,"enemies":"3 Shapes","floor":39,"turns":3},{"damage":33,"enemies":"Giant Head","floor":41,"turns":7},{"damage":33,"enemies":"Maw","floor":42,"turns":5},{"damage":3,"enemies":"Nemesis","floor":47,"turns":3},{"damage":30,"enemies":"Transient","floor":48,"turns":5},{"damage":56,"enemies":"Time Eater","floor":50,"turns":7}],"seed_played":"6063625323921555801","potions_obtained":[{"floor":3,"key":"Ancient Potion"},{"floor":10,"key":"BloodPotion"},{"floor":12,"key":"Swift Potion"},{"floor":18,"key":"Weak Potion"},{"floor":19,"key":"BloodPotion"},{"floor":28,"key":"Fire Potion"},{"floor":29,"key":"Weak Potion"}],"is_trial":false,"path_per_floor":["M","M","M","$","$","R","M","R","T","E","M","M","E","M","R","B",null,"M","M","$","?","M","R","?","E","T","R","M","M","$","?","R","B",null,"M","$","?","?","M","R","E","M","T","$","?","R","E","M","R","B"],"character_chosen":"IRONCLAD","items_purchased":["Inflame","Whirlwind","Torii","Shrug It Off","Shrug It Off","Uppercut"],"campfire_rested":4,"item_purchase_floors":[4,5,20,30,36,44],"current_hp_per_floor":[80,80,80,80,80,80,80,80,80,73,75,71,53,59,80,51,80,74,80,80,80,70,70,64,64,64,64,46,52,52,78,78,19,80,43,43,43,43,49,73,46,21,21,21,21,45,50,28,52,0],"gold":52,"neow_bonus":"UPGRADE_CARD","is_prod":false,"is_daily":false,"chose_seed":false,"campfire_upgraded":5,"win_rate":0,"timestamp":1565483194,"path_taken":["M","M","M","?","$","R","M","R","T","E","M","?","E","M","R","BOSS","M","M","$","?","M","R","?","E","T","R","M","M","$","?","R","BOSS","M","$","?","?","M","R","E","M","T","$","?","R","E","M","R","BOSS"],"build_version":"2019-07-17","purchased_purges":2,"victory":false,"max_hp_per_floor":[80,80,80,80,80,80,80,80,80,80,80,80,80,80,80,80,80,80,80,80,80,80,80,80,80,80,80,80,80,80,80,80,80,80,80,80,80,80,80,80,80,80,80,80,80,80,80,80,80,80],"card_choices":[{"not_picked":["Searing Blow","True Grit"],"picked":"Perfected Strike","floor":1},{"not_picked":["Clash","Searing Blow"],"picked":"Wild Strike","floor":2},{"not_picked":["Disarm","Power Through"],"picked":"Twin Strike","floor":3},{"not_picked":["Pummel","Entrench"],"picked":"True Grit","floor":10},{"not_picked":["Flex","Power Through"],"picked":"Perfected Strike","floor":11},{"not_picked":["Flex","Searing Blow"],"picked":"Twin Strike","floor":12},{"not_picked":["Sentinel","Headbutt"],"picked":"Impervious","floor":13},{"not_picked":["Flex","Cleave","Disarm"],"picked":"Seeing Red","floor":14},{"not_picked":["Whirlwind","Flex","Seeing Red"],"picked":"Disarm","floor":15},{"not_picked":["Dark Embrace","Bludgeon","Brutality"],"picked":"Exhume","floor":16},{"not_picked":["Dropkick","Headbutt","Rupture","Thunderclap+1"],"picked":"SKIP","floor":18},{"not_picked":["Thunderclap","Havoc","Warcry"],"picked":"Battle Trance","floor":19},{"not_picked":["Sword Boomerang","Clash+1","Armaments"],"picked":"Perfected Strike","floor":22},{"not_picked":["Rampage+1","Shrug It Off","Sentinel"],"picked":"Exhume","floor":25},{"not_picked":["Blood for Blood","Headbutt+1","Ghostly Armor"],"picked":"Seeing Red","floor":28},{"not_picked":["Iron Wave","Havoc","Clash"],"picked":"Battle Trance","floor":29},{"not_picked":["Fiend Fire","Bludgeon","Reaper"],"picked":"Immolate","floor":33},{"not_picked":["True Grit","Thunderclap","Anger+1"],"picked":"Pommel Strike+1","floor":35},{"not_picked":["Thinking Ahead","Deep Breath","Enlightenment"],"picked":"Mind Blast","floor":37},{"not_picked":["Havoc","Clothesline","Sentinel"],"picked":"Pommel Strike+1","floor":39},{"not_picked":["Shrug It Off","Pommel Strike+1","Fire Breathing"],"picked":"Whirlwind+1","floor":40},{"not_picked":["Reckless Charge+1","Headbutt+1","Twin Strike"],"picked":"Demon Form","floor":41},{"not_picked":["Shrug It Off","Ghostly Armor+1","Cleave"],"picked":"Pommel Strike+1","floor":42},{"not_picked":["Thunderclap","Clash+1","Flex+1"],"picked":"Perfected Strike","floor":46},{"not_picked":["Brutality","Wild Strike","Intimidate"],"picked":"Whirlwind+1","floor":47},{"not_picked":["Pommel Strike+1","Iron Wave","Rampage"],"picked":"True Grit+1","floor":48}],"player_experience":78208,"relics_obtained":[{"floor":9,"key":"Dream Catcher"},{"floor":10,"key":"Happy Flower"},{"floor":13,"key":"Question Card"},{"floor":25,"key":"Lantern"},{"floor":26,"key":"Bag of Preparation"},{"floor":41,"key":"Bird Faced Urn"},{"floor":43,"key":"PreservedInsect"},{"floor":47,"key":"Vajra"}],"event_choices":[{"damage_healed":0,"gold_gain":0,"player_choice":"Obtain J.A.X.","damage_taken":0,"max_hp_gain":0,"max_hp_loss":0,"event_name":"Drug Dealer","floor":21,"gold_loss":0,"cards_obtained":["J.A.X."]},{"damage_healed":0,"gold_gain":0,"player_choice":"Joined the Cult","damage_taken":6,"max_hp_gain":0,"max_hp_loss":0,"event_name":"Nest","floor":24,"gold_loss":0,"cards_obtained":["RitualDagger"]},{"damage_healed":26,"gold_gain":0,"player_choice":"Heal","damage_taken":0,"max_hp_gain":0,"max_hp_loss":0,"event_name":"The Library","floor":31,"gold_loss":0},{"damage_healed":0,"gold_gain":0,"player_choice":"Memory 1","damage_taken":0,"max_hp_gain":0,"max_hp_loss":0,"event_name":"SensoryStone","floor":37,"gold_loss":0},{"damage_healed":0,"gold_gain":0,"player_choice":"Ignored","damage_taken":0,"max_hp_gain":0,"max_hp_loss":0,"event_name":"Mysterious Sphere","floor":38,"gold_loss":0},{"damage_healed":0,"gold_gain":0,"player_choice":"Copied","damage_taken":0,"max_hp_gain":0,"max_hp_loss":0,"event_name":"Duplicator","floor":45,"gold_loss":0,"cards_obtained":["Impervious"]}],"is_beta":false,"boss_relics":[{"not_picked":["Black Blood","Lizard Tail"],"picked":"Cursed Key"},{"not_picked":["Fusion Hammer","Pandora\u0027s Box"],"picked":"Sozu"}],"items_purged_floors":[36,44],"is_endless":false,"potions_floor_spawned":[3,7,10,12,16,18,19,28,29,41,47,48],"killed_by":"Time Eater","ascension_level":2}