{"gold_per_floor":[111,111,126,126,146,180,180,190,190,220,220,254,254,274,274,274],"floor_reached":16,"playtime":465,"items_purged":[],"score":193,"play_id":"a8785418-79b3-4888-8e97-3ba8cb2fd886","local_time":"20190308183545","is_ascension_mode":true,"campfire_choices":[{"data":"Chill","floor":7,"key":"SMITH"},{"data":"Melter","floor":11,"key":"SMITH"},{"data":"Hologram","floor":13,"key":"SMITH"},{"data":"Coolheaded","floor":15,"key":"SMITH"}],"neow_cost":"NONE","seed_source_timestamp":378690041976,"circlet_count":0,"master_deck":["AscendersBane","Strike_B","Strike_B","Strike_B","Strike_B","Defend_B","Defend_B","Defend_B","Defend_B","Zap","Dualcast","Melter+1","Chill+1","Ball Lightning","Recycle","Hologram+1","Coolheaded+1","Undo"],"relics":["Cracked Core","Blood Vial","Bronze Scales","Pen Nib","Dodecahedron"],"potions_floor_usage":[12],"damage_taken":[{"damage":2,"enemies":"2 Louse","floor":1,"turns":3},{"damage":12,"enemies":"Jaw Worm","floor":3,"turns":3},{"damage":10,"enemies":"Small Slimes","floor":5,"turns":3},{"damage":9,"enemies":"3 Sentries","floor":6,"turns":8},{"damage":4,"enemies":"Looter","floor":8,"turns":3},{"damage":14,"enemies":"Gremlin Nob","floor":12,"turns":3},{"damage":5,"enemies":"Blue Slaver","floor":14,"turns":3},{"damage":18,"enemies":"Slime Boss","floor":16,"turns":5}],"seed_played":"4241513791070673690","potions_obtained":[{"floor":1,"key":"Dexterity Potion"},{"floor":5,"key":"FearPotion"},{"floor":12,"key":"SteroidPotion"}],"is_trial":false,"path_per_floor":["M","?","M","?","M","E","R","M","T","?","R","E","R","M","R","B"],"character_chosen":"DEFECT","items_purchased":[],"campfire_rested":0,"item_purchase_floors":[],"current_hp_per_floor":[64,64,54,59,51,44,44,42,42,42,42,30,30,27,27,11],"gold":274,"neow_bonus":"RANDOM_COMMON_RELIC","is_prod":false,"is_daily":false,"chose_seed":false,"campfire_upgraded":4,"win_rate":0,"timestamp":1552041345,"path_taken":["M","?","M","?","M","E","R","M","T","?","R","E","R","M","R","BOSS"],"build_version":"2019-02-06","purchased_purges":0,"victory":false,"max_hp_per_floor":[71,71,71,76,76,76,76,76,76,76,76,76,76,76,76,76],"card_choices":[{"not_picked":["Go for the Eyes","Conserve Battery"],"picked":"Melter","floor":1},{"not_picked":["Steam","Leap"],"picked":"Chill","floor":3},{"not_picked":["Compile Driver","Turbo"],"picked":"Ball Lightning","floor":5},{"not_picked":["Consume","Static Discharge"],"picked":"Recycle","floor":6},{"not_picked":["Go for the Eyes","Darkness"],"picked":"Hologram","floor":8},{"not_picked":["Streamline","Sweeping Beam"],"picked":"Coolheaded","floor":12},{"not_picked":["Redo","Steam"],"picked":"Undo","floor":14}],"player_experience":826054,"relics_obtained":[{"floor":6,"key":"Bronze Scales"},{"floor":9,"key":"Pen Nib"},{"floor":12,"key":"Dodecahedron"}],"event_choices":[{"damage_healed":0,"gold_gain":0,"player_choice":"Fled","damage_taken":0,"max_hp_gain":0,"max_hp_loss":0,"event_name":"Scrap Ooze","floor":2,"gold_loss":0},{"damage_healed":0,"gold_gain":0,"player_choice":"Donut","damage_taken":0,"max_hp_gain":5,"max_hp_loss":0,"event_name":"Big Fish","floor":4,"gold_loss":0},{"damage_healed":0,"gold_gain":30,"player_choice":"Searched \u00272\u0027 times","damage_taken":0,"max_hp_gain":0,"max_hp_loss":0,"event_name":"Dead Adventurer","floor":10,"gold_loss":0}],"is_beta":true,"boss_relics":[],"items_purged_floors":[],"is_endless":false,"potions_floor_spawned":[1,5,12,14],"killed_by":"Slime Boss","ascension_level":15}