{"gold_per_floor":[213,213,225,15,31,31,50,50,50,60,60,78,90,55,55,130,130,148,159,159],"floor_reached":20,"playtime":1157,"items_purged":[],"score":336,"play_id":"4becefb3-ef40-4391-9e18-58ac7e05042a","local_time":"20181020173552","is_ascension_mode":true,"campfire_choices":[{"data":"Defragment","floor":6.0,"key":"SMITH"},{"data":"Zap","floor":8,"key":"SMITH"},{"data":"Dualcast","floor":15,"key":"SMITH"}],"neow_cost":"NONE","seed_source_timestamp":923068690390,"circlet_count":0,"master_deck":["Strike_B","Strike_B","Strike_B","Strike_B","Defend_B","Defend_B","Defend_B","Defend_B","Zap+1","Dualcast+1","AscendersBane","Defragment+1","Chill","Leap","Glacier","Conserve Battery","Chill","Buffer","Loop","Rip and Tear"],"special_seed":0,"relics":["Cracked Core","Matryoshka","Chemical X","Kunai","Blue Candle","Bronze Scales","Runic Dome"],"potions_floor_usage":[],"damage_taken":[{"damage":15.0,"enemies":"Small Slimes","floor":1.0,"turns":3.0},{"damage":1.0,"enemies":"Cultist","floor":3.0,"turns":3.0},{"damage":6.0,"enemies":"Jaw Worm","floor":5.0,"turns":4.0},{"damage":12,"enemies":"Gremlin Gang","floor":7,"turns":6},{"damage":11,"enemies":"3 Louse","floor":10,"turns":4},{"damage":0,"enemies":"2 Fungi Beasts","floor":12,"turns":3},{"damage":6,"enemies":"Lots of Slimes","floor":13,"turns":4},{"damage":20,"enemies":"The Guardian","floor":16,"turns":14},{"damage":0,"enemies":"Shell Parasite","floor":18,"turns":10},{"damage":14,"enemies":"3 Byrds","floor":19,"turns":5},{"damage":60,"enemies":"Cultist and Chosen","floor":20,"turns":7}],"seed_played":"6186038620801221704","potions_obtained":[{"floor":1.0,"key":"Swift Potion"},{"floor":3.0,"key":"Ancient Potion"},{"floor":10,"key":"FairyPotion"}],"is_trial":false,"path_per_floor":["M","?","M","$","M","R","M","R","T","M","?","M","M","?","R","B",null,"M","M"],"character_chosen":"DEFECT","items_purchased":["Chemical X"],"campfire_rested":0,"item_purchase_floors":[4],"current_hp_per_floor":[49,49,48,48,42,42,30,30,30,19,19,19,13,30,30,10,56,56,42,0],"gold":159,"neow_bonus":"HUNDRED_GOLD","is_prod":false,"is_daily":false,"chose_seed":false,"campfire_upgraded":3,"win_rate":0,"timestamp":1540028152,"path_taken":["M","?","?","$","M","R","M","R","T","M","?","M","?","?","R","BOSS","M","?","M"],"build_version":"2018-10-18","purchased_purges":0,"victory":false,"max_hp_per_floor":[71,71,71,71,71,71,71,71,71,71,71,71,71,71,71,71,71,71,71,71],"card_choices":[{"not_picked":["Glacier","Sweeping Beam"],"picked":"Defragment","floor":1.0},{"not_picked":["Blizzard","Redo"],"picked":"Chill","floor":3.0},{"not_picked":["Lockon","Rebound","Barrage"],"picked":"SKIP","floor":5.0},{"not_picked":["Melter","Steam"],"picked":"Leap","floor":7},{"not_picked":["Auto Shields","Reprogram"],"picked":"Glacier","floor":10},{"not_picked":["Cold Snap","Redo"],"picked":"Conserve Battery","floor":12},{"not_picked":["Blizzard","Conserve Battery"],"picked":"Chill","floor":13},{"not_picked":["Thunder Strike","Meteor Strike"],"picked":"Buffer","floor":16},{"not_picked":["Conserve Battery","Turbo+1"],"picked":"Loop","floor":18},{"not_picked":["Recycle","Gash"],"picked":"Rip and Tear","floor":19}],"player_experience":449881,"relics_obtained":[{"floor":2.0,"key":"Matryoshka"},{"floor":9,"key":"Kunai"},{"floor":9,"key":"Blue Candle"},{"floor":11,"key":"Bronze Scales"}],"event_choices":[{"damage_healed":0.0,"max_hp_gain":0.0,"max_hp_loss":0.0,"gold_gain":0.0,"event_name":"Wheel of Change","player_choice":"Relic","floor":2.0,"gold_loss":0.0,"damage_taken":0.0},{"damage_healed":0,"gold_gain":0,"player_choice":"Relic","damage_taken":0,"max_hp_gain":0,"max_hp_loss":0,"event_name":"Wheel of Change","floor":11,"gold_loss":0},{"damage_healed":17,"gold_gain":0,"player_choice":"Healed","damage_taken":0,"max_hp_gain":0,"max_hp_loss":0,"event_name":"The Cleric","floor":14,"gold_loss":35}],"is_beta":true,"boss_relics":[{"not_picked":["Runic Pyramid","FrozenCore"],"picked":"Runic Dome"}],"items_purged_floors":[],"is_endless":false,"potions_floor_spawned":[1,3,7,10,13,18],"killed_by":"Cultist and Chosen","ascension_level":20}