{"gold_per_floor":[117,127,24,41,41,68,79,79,79,97,97,115,115,145,145,250,250,190,190,0,0,0,0,0,0,0,0,0,0,0,0,0,0,0,0,0,0,0,0,0,0,0,0,0,0,0,0,0,0,0],"floor_reached":51,"playtime":2324,"items_purged":["Strike_G"],"score":1283,"play_id":"77923612-4ee4-434b-a167-af1e22661251","local_time":"20181027122612","is_ascension_mode":true,"campfire_choices":[{"data":"Crippling Poison","floor":8.0,"key":"SMITH"},{"data":"Neutralize","floor":13.0,"key":"SMITH"},{"data":"Terror","floor":15.0,"key":"SMITH"},{"floor":23.0,"key":"REST"},{"floor":27.0,"key":"REST"},{"data":"Catalyst","floor":29.0,"key":"SMITH"},{"data":"Leg Sweep","floor":32.0,"key":"SMITH"},{"floor":40.0,"key":"REST"},{"floor":42.0,"key":"REST"},{"data":"Malaise","floor":49,"key":"SMITH"}],"neow_cost":"NONE","seed_source_timestamp":649135473401,"circlet_count":0,"master_deck":["Defend_G+1","Defend_G+1","Defend_G+1","Defend_G+1","Defend_G+1","Strike_G+1","Strike_G+1","Survivor+1","Neutralize+1","AscendersBane","Crippling Poison+1","Blur+1","Terror+1","PiercingWail+1","Backstab+1","Corpse Explosion+1","Leg Sweep+1","Catalyst+1","Heel Hook+1","Bane+1","Adrenaline+1","Poisoned Stab+1","Deadly Poison+1","Dash+1","Night Terror+1","Dodge and Roll+1","Noxious Fumes+1","Backflip+1","Malaise+1","Calculated Gamble+1"],"special_seed":0,"relics":["Cursed Key","Vajra","Dream Catcher","Ectoplasm","Tingsha","Molten Egg 2","Red Mask","Snake Skull","Empty Cage","Mark of the Bloom","Bird Faced Urn","Dodecahedron"],"potions_floor_usage":[48,50],"damage_taken":[{"damage":3.0,"enemies":"Cultist","floor":1.0,"turns":4.0},{"damage":1.0,"enemies":"Small Slimes","floor":2.0,"turns":4.0},{"damage":1.0,"enemies":"2 Louse","floor":4.0,"turns":3.0},{"damage":16.0,"enemies":"Gremlin Nob","floor":6.0,"turns":6.0},{"damage":6.0,"enemies":"2 Fungi Beasts","floor":7.0,"turns":4.0},{"damage":0.0,"enemies":"Gremlin Gang","floor":10.0,"turns":3.0},{"damage":0.0,"enemies":"Exordium Thugs","floor":12.0,"turns":4.0},{"damage":8.0,"enemies":"3 Sentries","floor":14.0,"turns":10.0},{"damage":9.0,"enemies":"The Guardian","floor":16.0,"turns":13.0},{"damage":16.0,"enemies":"2 Thieves","floor":18.0,"turns":3.0},{"damage":12.0,"enemies":"Colosseum Slavers","floor":19.0,"turns":3.0},{"damage":14.0,"enemies":"Colosseum Nobs","floor":19.0,"turns":3.0},{"damage":8.0,"enemies":"Masked Bandits","floor":21.0,"turns":3.0},{"damage":9.0,"enemies":"Shell Parasite","floor":24.0,"turns":4.0},{"damage":0.0,"enemies":"Snecko","floor":25.0,"turns":4.0},{"damage":0.0,"enemies":"3 Cultists","floor":28.0,"turns":3.0},{"damage":9.0,"enemies":"Book of Stabbing","floor":30.0,"turns":5.0},{"damage":5.0,"enemies":"Snake Plant","floor":31.0,"turns":2.0},{"damage":18.0,"enemies":"Automaton","floor":33.0,"turns":8.0},{"damage":7.0,"enemies":"Orb Walker","floor":35.0,"turns":2.0},{"damage":3.0,"enemies":"3 Darklings","floor":39.0,"turns":4.0},{"damage":0.0,"enemies":"Nemesis","floor":41.0,"turns":9.0},{"damage":0.0,"enemies":"Transient","floor":45.0,"turns":5.0},{"damage":4,"enemies":"Reptomancer","floor":48,"turns":7},{"damage":39,"enemies":"Awakened One","floor":50,"turns":16}],"seed_played":"-2329963818462191562","potions_obtained":[{"floor":1.0,"key":"Regen Potion"},{"floor":2.0,"key":"Strength Potion"},{"floor":7.0,"key":"Dexterity Potion"},{"floor":16.0,"key":"PowerPotion"},{"floor":19.0,"key":"SteroidPotion"},{"floor":28.0,"key":"GhostInAJar"},{"floor":45.0,"key":"GhostInAJar"}],"is_trial":false,"path_per_floor":["M","M","$","M","?","E","M","R","T","M","?","M","R","E","R","B",null,"M","?","$","?","?","R","M","M","T","R","M","R","E","M","R","B",null,"M","?","?","?","M","R","E","R","T","?","M","$","$","E","R","B"],"character_chosen":"THE_SILENT","items_purchased":["Dash","Blur","Leg Sweep","GhostInAJar"],"campfire_rested":4,"item_purchase_floors":[3,3,20,20],"current_hp_per_floor":[60,59,59,58,63,47,41,41,41,41,34,34,34,26,26,17,61,45,19,19,11,11,33,24,24,24,46,46,46,37,32,32,14,60,53,53,53,53,50,50,50,50,50,50,50,50,50,46,46,7],"gold":0,"neow_bonus":"BOSS_RELIC","is_prod":false,"is_daily":false,"chose_seed":false,"campfire_upgraded":6,"win_rate":0,"timestamp":1540614372,"path_taken":["M","M","?","M","?","E","?","R","T","M","?","M","R","E","R","BOSS","M","?","$","?","?","R","?","M","T","R","M","R","E","M","R","BOSS","M","?","?","?","M","R","E","R","T","?","M","?","?","E","R","BOSS"],"build_version":"2018-10-25v2","purchased_purges":1,"victory":true,"max_hp_per_floor":[70,70,70,70,75,75,75,75,75,75,75,75,75,75,75,75,75,75,75,75,75,75,75,75,75,75,75,75,75,75,75,75,75,75,75,75,75,75,75,75,75,75,75,75,75,75,75,75,75,75],"card_choices":[{"not_picked":["Bane","Tactician"],"picked":"Crippling Poison","floor":1.0},{"not_picked":["Dodge and Roll","Prepared","Underhanded Strike"],"picked":"SKIP","floor":2.0},{"not_picked":["Blade Dance","Expertise","Accuracy"],"picked":"SKIP","floor":4.0},{"not_picked":["Quick Slash","All Out Attack"],"picked":"Terror","floor":6.0},{"not_picked":["Outmaneuver","Endless Agony","Reflex"],"picked":"SKIP","floor":7.0},{"not_picked":["Flying Knee","Underhanded Strike"],"picked":"PiercingWail","floor":10.0},{"not_picked":["Flechettes","Riddle With Holes"],"picked":"Backstab","floor":12.0},{"not_picked":["Slice","Dagger Spray","Acrobatics"],"picked":"SKIP","floor":14.0},{"not_picked":["Glass Knife","Adrenaline"],"picked":"Corpse Explosion","floor":16.0},{"not_picked":["Outmaneuver","Calculated Gamble"],"picked":"Bane","floor":18.0},{"not_picked":["Setup","Dagger Spray+1"],"picked":"Catalyst","floor":21.0},{"not_picked":["Setup","Accuracy"],"picked":"Bane+1","floor":23.0},{"not_picked":["Eviscerate+1","Flechettes+1","Dagger Throw+1"],"picked":"SKIP","floor":24.0},{"not_picked":["Escape Plan","Outmaneuver"],"picked":"Adrenaline","floor":25.0},{"not_picked":["Outmaneuver","PiercingWail"],"picked":"Poisoned Stab+1","floor":28.0},{"not_picked":["Flying Knee+1","Outmaneuver"],"picked":"Deadly Poison+1","floor":30.0},{"not_picked":["Slice+1","A Thousand Cuts"],"picked":"Dash+1","floor":31.0},{"not_picked":["Unload+1","Adrenaline"],"picked":"Night Terror","floor":33.0},{"not_picked":["Outmaneuver","Sucker Punch+1"],"picked":"Dodge and Roll+1","floor":35.0},{"not_picked":["Dagger Spray+1","Deadly Poison"],"picked":"Noxious Fumes+1","floor":39.0},{"not_picked":["Deflect","Blade Dance+1"],"picked":"Backflip+1","floor":40.0},{"not_picked":["Dagger Throw+1","PiercingWail","Blade Dance+1"],"picked":"SKIP","floor":41.0},{"not_picked":["Accuracy+1","Flying Knee+1"],"picked":"Malaise","floor":42.0},{"not_picked":["Underhanded Strike+1","Acrobatics","Dodge and Roll"],"picked":"SKIP","floor":45.0},{"not_picked":["Die Die Die+1","Deadly Poison"],"picked":"Calculated Gamble+1","floor":48}],"player_experience":463551,"relics_obtained":[{"floor":6.0,"key":"Vajra"},{"floor":14.0,"key":"Dream Catcher"},{"floor":19.0,"key":"Tingsha"},{"floor":19.0,"key":"Molten Egg 2"},{"floor":21.0,"key":"Red Mask"},{"floor":30.0,"key":"Snake Skull"},{"floor":41.0,"key":"Bird Faced Urn"},{"floor":48,"key":"Dodecahedron"}],"event_choices":[{"damage_healed":0.0,"max_hp_gain":5.0,"max_hp_loss":0.0,"gold_gain":0.0,"event_name":"Big Fish","player_choice":"Donut","floor":5.0,"gold_loss":0.0,"damage_taken":0.0},{"cards_removed":["Strike_G"],"damage_healed":0.0,"max_hp_gain":0.0,"max_hp_loss":0.0,"gold_gain":0.0,"event_name":"Golden Wing","player_choice":"Card Removal","floor":11.0,"gold_loss":0.0,"damage_taken":7.0},{"damage_healed":0.0,"max_hp_gain":0.0,"max_hp_loss":0.0,"gold_gain":0.0,"event_name":"Colosseum","player_choice":"Fight","floor":19.0,"gold_loss":0.0,"damage_taken":0.0},{"damage_healed":0.0,"max_hp_gain":0.0,"max_hp_loss":0.0,"gold_gain":0.0,"event_name":"Colosseum","player_choice":"Fought Nobs","floor":19.0,"gold_loss":0.0,"damage_taken":0.0},{"damage_healed":0.0,"max_hp_gain":0.0,"max_hp_loss":0.0,"gold_gain":0.0,"event_name":"Masked Bandits","player_choice":"Fought Bandits","floor":21.0,"gold_loss":0.0,"damage_taken":0.0},{"damage_healed":0.0,"max_hp_gain":0.0,"max_hp_loss":0.0,"gold_gain":0.0,"cards_transformed":["Strike_G"],"event_name":"Transmorgrifier","player_choice":"Transformed","floor":22.0,"gold_loss":0.0,"damage_taken":0.0,"cards_obtained":["Heel Hook"]},{"damage_healed":0.0,"max_hp_gain":0.0,"max_hp_loss":0.0,"gold_gain":222.0,"event_name":"Tomb of Lord Red Mask","player_choice":"Wore Mask","floor":36.0,"gold_loss":0.0,"damage_taken":0.0},{"damage_healed":0.0,"max_hp_gain":0.0,"max_hp_loss":0.0,"gold_gain":0.0,"event_name":"MindBloom","player_choice":"Upgrade","floor":37.0,"gold_loss":0.0,"damage_taken":0.0,"cards_upgraded":["Defend_G","Defend_G","Defend_G","Defend_G","Defend_G","Strike_G","Strike_G","Survivor","Blur","PiercingWail","Backstab","Corpse Explosion","Adrenaline","Night Terror"],"relics_obtained":["Mark of the Bloom"]},{"damage_healed":0.0,"max_hp_gain":0.0,"max_hp_loss":0.0,"gold_gain":100.0,"event_name":"Golden Shrine","player_choice":"Pray","floor":38.0,"gold_loss":0.0,"damage_taken":0.0},{"damage_healed":0.0,"max_hp_gain":0.0,"max_hp_loss":0.0,"gold_gain":0.0,"event_name":"WeMeetAgain","player_choice":"Ignored","floor":44.0,"gold_loss":0.0,"damage_taken":0.0}],"is_beta":true,"boss_relics":[{"not_picked":["Fusion Hammer","Pandora\u0027s Box"],"picked":"Ectoplasm"},{"not_picked":["Busted Crown","Coffee Dripper"],"picked":"Empty Cage"}],"items_purged_floors":[20],"is_endless":false,"potions_floor_spawned":[1,2,7,16,19,21,28,30,45],"ascension_level":12}