{"gold_per_floor":[19,94,19,30,43,43,74,74,74,140,140,54,54,74,74,74],"floor_reached":16,"playtime":348,"items_purged":[],"score":196,"play_id":"cba44279-f45e-41a8-8ee1-c7d963856cca","local_time":"20190414123108","is_ascension_mode":true,"campfire_choices":[{"data":"Doom and Gloom","floor":6.0,"key":"SMITH"},{"data":"Mind Blast","floor":13.0,"key":"SMITH"},{"floor":15.0,"key":"REST"}],"neow_cost":"NO_GOLD","seed_source_timestamp":5035147420930,"circlet_count":0,"master_deck":["AscendersBane","Strike_B","Strike_B","Strike_B","Defend_B","Defend_B","Defend_B","Defend_B","Zap","Dualcast","Mind Blast+1","Purity","Conserve Battery","Doom and Gloom+1","Capacitor","Redo"],"special_seed":0,"relics":["Cracked Core","Ornamental Fan","Omamori"],"potions_floor_usage":[16],"damage_taken":[{"damage":3.0,"enemies":"2 Louse","floor":1.0,"turns":3.0},{"damage":3.0,"enemies":"Small Slimes","floor":4.0,"turns":4.0},{"damage":5.0,"enemies":"Jaw Worm","floor":5.0,"turns":3.0},{"damage":33.0,"enemies":"3 Sentries","floor":7.0,"turns":7.0},{"damage":15.0,"enemies":"Large Slime","floor":14.0,"turns":4.0},{"damage":43,"enemies":"Slime Boss","floor":16,"turns":6}],"seed_played":"-6354610906212724828","potions_obtained":[{"floor":1.0,"key":"Swift Potion"},{"floor":5.0,"key":"Poison Potion"}],"is_trial":false,"path_per_floor":["M","?","?","M","M","R","E","?","T","?","?","$","R","M","R","B"],"character_chosen":"DEFECT","items_purchased":["Capacitor"],"campfire_rested":1,"item_purchase_floors":[12],"current_hp_per_floor":[61,50,50,47,42,42,9,9,9,9,26,26,26,11,32,0],"gold":74,"neow_bonus":"RANDOM_COLORLESS_2","is_prod":false,"is_daily":false,"chose_seed":false,"campfire_upgraded":2,"win_rate":0,"timestamp":1555216268,"path_taken":["M","?","?","?","M","R","E","?","T","?","?","$","R","M","R","BOSS"],"build_version":"2019-01-23","purchased_purges":0,"victory":false,"max_hp_per_floor":[71,71,71,71,71,71,71,71,71,71,71,71,71,71,71,71],"card_choices":[{"not_picked":["Static Discharge","Aggregate","Redo"],"picked":"SKIP","floor":1.0},{"not_picked":["Steam Power","Blizzard"],"picked":"Conserve Battery","floor":4.0},{"not_picked":["Steam Power","Aggregate"],"picked":"Doom and Gloom","floor":5.0},{"not_picked":["Gash","Creative AI","Static Discharge"],"picked":"SKIP","floor":7.0},{"not_picked":["Gash","Creative AI","Static Discharge"],"picked":"SKIP","floor":7.0},{"not_picked":["Doom and Gloom","Chill"],"picked":"Redo","floor":14.0}],"player_experience":942809,"relics_obtained":[{"floor":7.0,"key":"Ornamental Fan"},{"floor":9.0,"key":"Omamori"}],"event_choices":[{"damage_healed":0.0,"max_hp_gain":0.0,"max_hp_loss":0.0,"gold_gain":75.0,"event_name":"World of Goop","player_choice":"Gather Gold","floor":2.0,"gold_loss":0.0,"damage_taken":11.0},{"cards_removed":["Strike_B"],"damage_healed":0.0,"max_hp_gain":0.0,"max_hp_loss":0.0,"gold_gain":0.0,"event_name":"The Cleric","player_choice":"Card Removal","floor":3.0,"gold_loss":75.0,"damage_taken":0.0},{"damage_healed":0.0,"max_hp_gain":0.0,"max_hp_loss":0.0,"gold_gain":0.0,"event_name":"Scrap Ooze","player_choice":"Fled","floor":8.0,"gold_loss":0.0,"damage_taken":0.0},{"damage_healed":0.0,"max_hp_gain":0.0,"max_hp_loss":0.0,"gold_gain":66.0,"event_name":"Golden Wing","player_choice":"Gained Gold","floor":10.0,"gold_loss":0.0,"damage_taken":0.0},{"damage_healed":17.0,"max_hp_gain":0.0,"max_hp_loss":0.0,"gold_gain":0.0,"event_name":"Mushrooms","player_choice":"Healed and dodged fight","floor":11.0,"gold_loss":0.0,"damage_taken":0.0,"cards_obtained":["Parasite"]}],"is_beta":false,"boss_relics":[],"items_purged_floors":[],"is_endless":false,"potions_floor_spawned":[1,5],"killed_by":"Slime Boss","ascension_level":20}