{"gold_per_floor":[115,134,134,148,161,161,36,55,55,55,130,156,156,173,173,173],"floor_reached":16,"playtime":288,"items_purged":["Strike_B"],"score":204,"play_id":"64306e62-d822-4fca-8f63-d1dceca0bbc1","local_time":"20181104190726","is_ascension_mode":true,"campfire_choices":[{"data":"Beam Cell","floor":6.0,"key":"SMITH"},{"data":"Zap","floor":13.0,"key":"SMITH"},{"data":"Streamline","floor":15.0,"key":"SMITH"}],"neow_cost":"NONE","seed_source_timestamp":28766067563867,"circlet_count":0,"master_deck":["AscendersBane","Strike_B","Strike_B","Strike_B","Defend_B","Defend_B","Defend_B","Defend_B","Zap+1","Dualcast","Beam Cell+1","Doom and Gloom","Ball Lightning","Streamline+1","Glacier","Steam"],"special_seed":0,"relics":["Cracked Core","NeowsBlessing","Matryoshka","Darkstone Periapt"],"potions_floor_usage":[16,16],"damage_taken":[{"damage":0.0,"enemies":"Small Slimes","floor":1.0,"turns":1.0},{"damage":0.0,"enemies":"Cultist","floor":2.0,"turns":1.0},{"damage":0.0,"enemies":"2 Louse","floor":4.0,"turns":1.0},{"damage":14.0,"enemies":"Large Slime","floor":5.0,"turns":5.0},{"damage":3.0,"enemies":"Blue Slaver","floor":8.0,"turns":2.0},{"damage":32.0,"enemies":"Gremlin Nob","floor":12.0,"turns":4.0},{"damage":3.0,"enemies":"Red Slaver","floor":14.0,"turns":3.0},{"damage":12,"enemies":"The Guardian","floor":16,"turns":5}],"seed_played":"7954400569912037069","potions_obtained":[{"floor":8.0,"key":"SteroidPotion"},{"floor":12.0,"key":"Dexterity Potion"}],"is_trial":false,"path_per_floor":["M","M","?","M","M","R","$","M","T","$","?","E","R","M","R","B"],"character_chosen":"DEFECT","items_purchased":["Streamline"],"campfire_rested":0,"item_purchase_floors":[7],"current_hp_per_floor":[64,64,71,71,57,57,57,54,54,54,43,11,11,8,8,0],"gold":173,"neow_bonus":"THREE_ENEMY_KILL","is_prod":false,"is_daily":false,"chose_seed":false,"campfire_upgraded":3,"win_rate":0,"timestamp":1541329646,"path_taken":["M","M","?","?","M","R","$","M","T","?","?","E","R","M","R","BOSS"],"build_version":"2018-11-02","purchased_purges":1,"victory":false,"max_hp_per_floor":[71,71,71,71,71,71,71,71,71,71,71,71,71,71,71,71],"card_choices":[{"not_picked":["Coolheaded","Stack","Steam"],"picked":"SKIP","floor":1.0},{"not_picked":["Barrage","Compile Driver"],"picked":"Beam Cell","floor":2.0},{"not_picked":["Stack","Sweeping Beam"],"picked":"Doom and Gloom","floor":4.0},{"not_picked":["Compile Driver","Go for the Eyes"],"picked":"Ball Lightning","floor":5.0},{"not_picked":["Rebound","Barrage"],"picked":"Glacier","floor":8.0},{"not_picked":["Thunder Strike","Turbo"],"picked":"Steam","floor":12.0},{"not_picked":["Genetic Algorithm","Compile Driver","Double Energy"],"picked":"SKIP","floor":14.0}],"player_experience":502259,"relics_obtained":[{"floor":9.0,"key":"Matryoshka"},{"floor":12.0,"key":"Darkstone Periapt"}],"event_choices":[{"damage_healed":7.0,"max_hp_gain":0.0,"max_hp_loss":0.0,"gold_gain":0.0,"event_name":"Wheel of Change","player_choice":"Full Heal","floor":3.0,"gold_loss":0.0,"damage_taken":0.0},{"damage_healed":0.0,"max_hp_gain":0.0,"max_hp_loss":0.0,"gold_gain":75.0,"event_name":"World of Goop","player_choice":"Gather Gold","floor":11.0,"gold_loss":0.0,"damage_taken":11.0}],"is_beta":true,"boss_relics":[],"items_purged_floors":[7],"is_endless":false,"potions_floor_spawned":[8,12],"killed_by":"The Guardian","ascension_level":20}