{"gold_per_floor":[361,361,311,0,0,32,47,110,110,124,124,124],"floor_reached":12,"playtime":377,"items_purged":["Strike_R"],"score":120,"play_id":"c03dae04-227a-4ddc-b9af-bb8f96225f04","local_time":"20181027195307","is_ascension_mode":true,"campfire_choices":[{"data":"Fiend Fire","floor":11,"key":"SMITH"}],"neow_cost":"TEN_PERCENT_HP_LOSS","seed_source_timestamp":1811664541486,"circlet_count":0,"master_deck":["Strike_R","Strike_R","Strike_R","Defend_R","Defend_R","Defend_R","Defend_R","Bash","Double Tap","Infernal Blade","Cleave","Discovery","Fiend Fire+1"],"special_seed":0,"relics":["Burning Blood","Membership Card","Turnip","Tiny Chest","Frozen Egg 2"],"potions_floor_usage":[8,12],"damage_taken":[{"damage":0.0,"enemies":"Small Slimes","floor":1.0,"turns":3.0},{"damage":30,"enemies":"Lagavulin","floor":6,"turns":6},{"damage":4,"enemies":"Cultist","floor":7,"turns":3},{"damage":45,"enemies":"3 Sentries","floor":8,"turns":11},{"damage":0,"enemies":"2 Louse","floor":10,"turns":2},{"damage":30,"enemies":"Lagavulin","floor":12,"turns":3}],"seed_played":"-445050833322683481","potions_obtained":[{"floor":7,"key":"AttackPotion"},{"floor":8,"key":"SpeedPotion"}],"is_trial":false,"path_per_floor":["M","?","?","$","?","E","M","E","T","M","R"],"character_chosen":"IRONCLAD","items_purchased":["Membership Card","Cleave","Discovery"],"campfire_rested":0,"item_purchase_floors":[4,4,4],"current_hp_per_floor":[72,72,72,72,77,53,55,16,16,22,22,0],"gold":124,"neow_bonus":"TWO_FIFTY_GOLD","is_prod":false,"is_daily":false,"chose_seed":false,"campfire_upgraded":1,"win_rate":0,"timestamp":1540641187,"path_taken":["M","?","?","$","?","E","M","E","T","M","R","E"],"build_version":"2018-10-25v2","purchased_purges":1,"victory":false,"max_hp_per_floor":[72,72,72,72,77,77,77,77,77,77,77,77],"card_choices":[{"not_picked":["Havoc","Pummel","Disarm"],"picked":"SKIP","floor":1.0},{"not_picked":["Warcry","Pommel Strike","Iron Wave"],"picked":"SKIP","floor":6},{"not_picked":["Pommel Strike","Heavy Blade","Bloodletting"],"picked":"SKIP","floor":7},{"not_picked":["Second Wind","Dual Wield","Havoc"],"picked":"SKIP","floor":8},{"not_picked":["Twin Strike","Shrug It Off"],"picked":"Fiend Fire","floor":10}],"player_experience":469681,"relics_obtained":[{"floor":6,"key":"Turnip"},{"floor":8,"key":"Tiny Chest"},{"floor":9,"key":"Frozen Egg 2"}],"event_choices":[{"damage_healed":0,"gold_gain":0,"player_choice":"2 cards matched","damage_taken":0,"max_hp_gain":0,"max_hp_loss":0,"event_name":"Match and Keep!","floor":2,"gold_loss":0,"cards_obtained":["Double Tap","Infernal Blade"]},{"cards_removed":["Strike_R"],"damage_healed":0,"gold_gain":0,"player_choice":"Card Removal","damage_taken":0,"max_hp_gain":0,"max_hp_loss":0,"event_name":"The Cleric","floor":3,"gold_loss":50},{"damage_healed":0,"gold_gain":0,"player_choice":"Donut","damage_taken":0,"max_hp_gain":5,"max_hp_loss":0,"event_name":"Big Fish","floor":5,"gold_loss":0}],"is_beta":true,"boss_relics":[],"items_purged_floors":[4],"is_endless":false,"potions_floor_spawned":[7,8],"killed_by":"Lagavulin","ascension_level":8}