{"gold_per_floor":[116,116,291,291,317,352,364,395,395,198,148,148,165,19,19,115,115,135,85,85,96,26,26,60,60,60,80,97,97,123,123,123,220,220,233,250,304,31,51,83,83,83,83,83,83,101,128,139,139,139],"floor_reached":51,"playtime":2613,"items_purged":["Regret"],"score":1095,"play_id":"32656696-ef76-4327-a455-8d27b86d1a60","local_time":"20180805132928","is_ascension_mode":true,"campfire_choices":[{"floor":15.0,"key":"REST"},{"floor":23.0,"key":"REST"},{"data":"Echo Form","floor":25.0,"key":"SMITH"},{"floor":29.0,"key":"REST"},{"floor":32.0,"key":"REST"},{"floor":41.0,"key":"REST"},{"data":"Doubt","floor":45.0,"key":"PURGE"},{"floor":49,"key":"REST"}],"neow_cost":"NONE","seed_source_timestamp":0,"circlet_count":0,"master_deck":["Strike_B","Strike_B","Strike_B","Strike_B+1","Defend_B","Defend_B","Defend_B","Zap","Dualcast","Echo Form+1","Ball Lightning","Lockon","Machine Learning","Conserve Battery","Leap","Sunder+1","Leap","Cold Snap","Blind","Core Surge","Glacier","Hologram","Hello World","Turbo","Clumsy","Reinforced Body","BootSequence+1","Doom and Gloom+1","Necronomicurse","Amplify","Fusion+1","Sunder","Beam Cell","Aggregate+1","Double Energy+1","Regret","Rebound+1"],"special_seed":0,"relics":["Cracked Core","Art of War","Vajra","Matryoshka","Girya","Blood Vial","Gambling Chip","Centennial Puzzle","Cursed Key","Darkstone Periapt","Bag of Preparation","Bottled Tornado","Whetstone","Necronomicon","Busted Crown","Peace Pipe","DataDisk","Bottled Lightning","Ornamental Fan","Orichalcum"],"potions_floor_usage":[],"damage_taken":[{"damage":3.0,"enemies":"Jaw Worm","floor":1.0,"turns":4.0},{"damage":28.0,"enemies":"Lagavulin","floor":6.0,"turns":6.0},{"damage":9.0,"enemies":"Small Slimes","floor":7.0,"turns":3.0},{"damage":25.0,"enemies":"Gremlin Nob","floor":8.0,"turns":4.0},{"damage":0.0,"enemies":"2 Louse","floor":13.0,"turns":3.0},{"damage":16.0,"enemies":"The Guardian","floor":16.0,"turns":11.0},{"damage":14.0,"enemies":"2 Thieves","floor":18.0,"turns":4.0},{"damage":6.0,"enemies":"Chosen","floor":21.0,"turns":5.0},{"damage":25.0,"enemies":"Book of Stabbing","floor":24.0,"turns":6.0},{"damage":15.0,"enemies":"Centurion and Healer","floor":27.0,"turns":5.0},{"damage":8.0,"enemies":"Cultist and Chosen","floor":28.0,"turns":6.0},{"damage":21.0,"enemies":"Gremlin Leader","floor":30.0,"turns":7.0},{"damage":20.0,"enemies":"Automaton","floor":33.0,"turns":8.0},{"damage":0.0,"enemies":"Orb Walker","floor":35.0,"turns":2.0},{"damage":2.0,"enemies":"Flame Bruiser 1 Orb","floor":36.0,"turns":2.0},{"damage":21.0,"floor":37.0,"turns":5.0},{"damage":1.0,"enemies":"3 Darklings","floor":39.0,"turns":5.0},{"damage":42.0,"enemies":"Giant Head","floor":40.0,"turns":8.0},{"damage":0,"enemies":"Transient","floor":46,"turns":5},{"damage":12,"enemies":"Maw","floor":48,"turns":7},{"damage":67,"enemies":"Donu and Deca","floor":50,"turns":10}],"seed_played":"-934907417784336942","potions_obtained":[{"floor":6.0,"key":"Swift Potion"},{"floor":13.0,"key":"Poison Potion"},{"floor":16.0,"key":"Dexterity Potion"},{"floor":21.0,"key":"Block Potion"},{"floor":30.0,"key":"Weak Potion"},{"floor":33.0,"key":"SmokeBomb"},{"floor":37.0,"key":"Block Potion"},{"floor":46,"key":"Block Potion"}],"is_trial":false,"path_per_floor":["M","?","?","?","T","E","M","E","T","$","?","?","M","$","R","B",null,"M","?","?","M","$","R","E","R","T","M","M","R","E","?","R","B",null,"M","M","?","$","M","E","R","?","T","$","R","M","T","M","R","B"],"character_chosen":"DEFECT","items_purchased":["Leap","Sunder","Cold Snap","Blind","Hello World","DataDisk","Sunder","Beam Cell"],"campfire_rested":6,"item_purchase_floors":[10,10,14,14,22,38,38,38],"current_hp_per_floor":[65,65,65,65,65,37,28,3,3,3,3,3,5,5,27,13,60,48,48,34,30,30,54,31,31,37,24,18,43,24,14,41,23,75,77,77,58,58,59,19,46,46,52,52,52,54,60,50,81,16],"gold":139,"neow_bonus":"ONE_RANDOM_RARE_CARD","is_prod":false,"is_daily":false,"chose_seed":false,"campfire_upgraded":1,"win_rate":0,"timestamp":1533446968,"path_taken":["M","?","?","?","?","E","?","E","T","?","?","?","?","$","R","BOSS","M","?","?","M","?","R","E","R","T","?","M","R","E","?","R","BOSS","M","M","?","$","M","E","R","?","T","$","R","?","?","M","R","BOSS"],"build_version":"2018-08-02","purchased_purges":1,"victory":true,"max_hp_per_floor":[75,75,75,75,75,75,75,75,75,75,75,75,75,75,75,75,75,75,75,80,80,80,80,80,80,86,86,86,86,86,92,92,92,92,92,92,92,92,92,92,92,92,98,98,98,98,104,104,104,104],"card_choices":[{"not_picked":["Leap","Aggregate"],"picked":"Ball Lightning","floor":1.0},{"not_picked":["Fusion","Storm","Gash"],"picked":"SKIP","floor":6.0},{"not_picked":["Blizzard","Sweeping Beam"],"picked":"Machine Learning","floor":7.0},{"not_picked":["Heatsinks","Self Repair"],"picked":"Conserve Battery","floor":8.0},{"not_picked":["Ball Lightning","Gash"],"picked":"Leap","floor":13.0},{"not_picked":["Rainbow","Multi-Cast"],"picked":"Core Surge","floor":16.0},{"not_picked":["Redo","Aggregate"],"picked":"Glacier","floor":18.0},{"not_picked":["Steam+1","Redo"],"picked":"Hologram","floor":21.0},{"not_picked":["Beam Cell","Darkness"],"picked":"Turbo","floor":24.0},{"not_picked":["Consume","Barrage"],"picked":"Reinforced Body","floor":27.0},{"not_picked":["Streamline+1","Stack"],"picked":"BootSequence+1","floor":28.0},{"not_picked":["Aggregate+1","Turbo"],"picked":"Doom and Gloom+1","floor":30.0},{"not_picked":["Rainbow","Fission"],"picked":"Amplify","floor":33.0},{"not_picked":["Streamline"],"picked":"SKIP","floor":35.0},{"not_picked":[],"picked":"Fusion+1","floor":36.0},{"not_picked":[],"picked":"Aggregate+1","floor":39.0},{"not_picked":[],"picked":"Double Energy+1","floor":40.0},{"not_picked":["Double Energy"],"picked":"SKIP","floor":46},{"not_picked":[],"picked":"Rebound+1","floor":48}],"player_experience":205660,"relics_obtained":[{"floor":5.0,"key":"Vajra"},{"floor":6.0,"key":"Matryoshka"},{"floor":8.0,"key":"Girya"},{"floor":9.0,"key":"Blood Vial"},{"floor":9.0,"key":"Gambling Chip"},{"floor":24.0,"key":"Darkstone Periapt"},{"floor":26.0,"key":"Bag of Preparation"},{"floor":26.0,"key":"Bottled Tornado"},{"floor":30.0,"key":"Whetstone"},{"floor":31.0,"key":"Necronomicon"},{"floor":37.0,"key":"Peace Pipe"},{"floor":40.0,"key":"Bottled Lightning"},{"floor":43.0,"key":"Ornamental Fan"},{"floor":47,"key":"Orichalcum"}],"event_choices":[{"event_name":"Living Wall","player_choice":"Change","floor":2.0,"damage_taken":0.0},{"event_name":"Liars Game","player_choice":"agreed","floor":3.0,"damage_taken":0.0},{"event_name":"Big Fish","player_choice":"Box","floor":4.0,"damage_taken":0.0},{"event_name":"The Cleric","player_choice":"Card Removal","floor":11.0,"damage_taken":0.0},{"event_name":"Dead Adventurer","player_choice":"Searched \u00271\u0027 times","floor":12.0,"damage_taken":0.0},{"event_name":"The Joust","player_choice":"Bet on Murderer","floor":19.0,"damage_taken":0.0},{"event_name":"Forgotten Altar","player_choice":"Shed Blood","floor":20.0,"damage_taken":0.0},{"event_name":"Cursed Tome","player_choice":"Obtained Book","floor":31.0,"damage_taken":0.0},{"event_name":"Mysterious Sphere","player_choice":"Fight","floor":37.0,"damage_taken":0.0},{"event_name":"SecretPortal","player_choice":"Rejected Portal.","floor":42.0,"damage_taken":0.0}],"is_beta":false,"boss_relics":[{"not_picked":["Velvet Choker","Black Star"],"picked":"Cursed Key"},{"not_picked":["Pandora\u0027s Box","Runic Dome"],"picked":"Busted Crown"}],"items_purged_floors":[10],"is_endless":false,"potions_floor_spawned":[6,13,16,21,30,33,35,37,46],"ascension_level":9}