{"gold_per_floor":[18,18,18,32,50,91,91,106,106,130,130,146,146,167,167,266,266,291,291,291,191,216,216,255,255,255,290,290,308,308],"floor_reached":30,"playtime":1387,"items_purged":["Strike_B"],"score":540,"play_id":"e298a0eb-df24-40d1-ab16-de6df707b538","local_time":"20181130183054","is_ascension_mode":true,"campfire_choices":[{"data":"Apotheosis","floor":11.0,"key":"SMITH"},{"data":"Skim","floor":13.0,"key":"SMITH"},{"data":"Zap","floor":15.0,"key":"SMITH"},{"data":"Fission","floor":23.0,"key":"SMITH"},{"floor":25.0,"key":"REST"}],"neow_cost":"NO_GOLD","seed_source_timestamp":476822122089,"circlet_count":0,"master_deck":["AscendersBane","Strike_B+1","Strike_B+1","Defend_B","Defend_B","Defend_B","Defend_B","Zap+1","Dualcast","Blind","Apotheosis+1","Undo","BootSequence","Beam Cell","Reinforced Body","Glacier","Cold Snap","Skim+1","Barrage","Fission+1","Streamline+1","Hologram","Barrage+1","Stack"],"special_seed":0,"relics":["Cracked Core","Golden Idol","CultistMask","Matryoshka","Smiling Mask","Ginger","Philosopher\u0027s Stone","Juzu Bracelet","Whetstone","Strawberry","Dream Catcher"],"potions_floor_usage":[],"damage_taken":[{"damage":3.0,"enemies":"2 Louse","floor":1.0,"turns":2.0},{"damage":4.0,"enemies":"Small Slimes","floor":4.0,"turns":4.0},{"damage":0.0,"enemies":"Cultist","floor":5.0,"turns":4.0},{"damage":55.0,"enemies":"Gremlin Nob","floor":6.0,"turns":6.0},{"damage":0.0,"enemies":"2 Fungi Beasts","floor":8.0,"turns":3.0},{"damage":4.0,"enemies":"3 Louse","floor":10.0,"turns":5.0},{"damage":0.0,"enemies":"Blue Slaver","floor":12.0,"turns":5.0},{"damage":0.0,"enemies":"2 Fungi Beasts","floor":14.0,"turns":4.0},{"damage":10.0,"enemies":"Hexaghost","floor":16.0,"turns":15.0},{"damage":4.0,"enemies":"Chosen","floor":18.0,"turns":4.0},{"damage":1.0,"enemies":"Spheric Guardian","floor":22.0,"turns":8.0},{"damage":34.0,"enemies":"Book of Stabbing","floor":24.0,"turns":6.0},{"damage":26.0,"enemies":"Slavers","floor":27.0,"turns":8.0},{"damage":10,"enemies":"Snecko","floor":29,"turns":7},{"damage":8,"enemies":"Gremlin Leader","floor":30,"turns":2}],"seed_played":"-3156505893309197725","potions_obtained":[{"floor":4.0,"key":"SteroidPotion"},{"floor":12.0,"key":"SpeedPotion"},{"floor":18.0,"key":"SpeedPotion"},{"floor":24.0,"key":"EssenceOfSteel"}],"is_trial":false,"path_per_floor":["M","?","?","M","M","E","?","M","T","M","R","M","R","M","R","B",null,"M","?","?","$","M","R","E","R","T","E","?","M","E"],"character_chosen":"DEFECT","items_purchased":["Hologram"],"campfire_rested":1,"item_purchase_floors":[21],"current_hp_per_floor":[61,61,61,57,57,2,23,23,23,19,19,19,19,19,19,9,50,46,46,46,46,45,45,11,30,37,11,11,1,0],"gold":308,"neow_bonus":"RANDOM_COLORLESS_2","is_prod":false,"is_daily":false,"chose_seed":false,"campfire_upgraded":4,"win_rate":0,"timestamp":1543573854,"path_taken":["M","?","?","?","M","E","?","M","T","M","R","M","R","M","R","BOSS","M","?","?","$","M","R","E","R","T","E","?","M","E"],"build_version":"2018-11-15","purchased_purges":1,"victory":false,"max_hp_per_floor":[71,64,64,64,64,64,64,64,64,64,64,64,64,64,64,64,64,64,64,64,64,64,64,64,64,71,71,71,71,71],"card_choices":[{"not_picked":["Conserve Battery","Turbo"],"picked":"Undo","floor":1.0},{"not_picked":["FTL","Rebound"],"picked":"BootSequence","floor":4.0},{"not_picked":["Double Energy","Recycle"],"picked":"Beam Cell","floor":5.0},{"not_picked":["Rip and Tear","Consume"],"picked":"Reinforced Body","floor":6.0},{"not_picked":["Steam","Core Surge"],"picked":"Glacier","floor":8.0},{"not_picked":["Redo","Turbo"],"picked":"Cold Snap","floor":10.0},{"not_picked":["Recycle","Hologram"],"picked":"Skim","floor":12.0},{"not_picked":["Recycle","Skim"],"picked":"Barrage","floor":14.0},{"not_picked":["Core Surge","Amplify"],"picked":"Fission","floor":16.0},{"not_picked":["Blizzard+1","Steam"],"picked":"Streamline+1","floor":18.0},{"not_picked":["Lockon","Heatsinks","Hologram"],"picked":"SKIP","floor":22.0},{"not_picked":["Stack","Cold Snap"],"picked":"Barrage+1","floor":24.0},{"not_picked":["BootSequence","Fission"],"picked":"Stack","floor":27.0},{"not_picked":["Redo","Compile Driver","Lockon"],"picked":"SKIP","floor":29}],"player_experience":582481,"relics_obtained":[{"floor":6.0,"key":"Matryoshka"},{"floor":9.0,"key":"Smiling Mask"},{"floor":9.0,"key":"Ginger"},{"floor":24.0,"key":"Juzu Bracelet"},{"floor":26.0,"key":"Whetstone"},{"floor":26.0,"key":"Strawberry"},{"floor":27.0,"key":"Dream Catcher"}],"event_choices":[{"damage_healed":0.0,"max_hp_gain":0.0,"max_hp_loss":7.0,"gold_gain":0.0,"event_name":"Golden Idol","player_choice":"Lose Max HP","floor":2.0,"gold_loss":0.0,"damage_taken":0.0,"relics_obtained":["Golden Idol"]},{"damage_healed":0.0,"max_hp_gain":0.0,"max_hp_loss":0.0,"gold_gain":0.0,"event_name":"FaceTrader","player_choice":"Trade","floor":3.0,"gold_loss":0.0,"damage_taken":0.0,"relics_obtained":["CultistMask"]},{"damage_healed":21.0,"max_hp_gain":0.0,"max_hp_loss":0.0,"gold_gain":0.0,"event_name":"Big Fish","player_choice":"Banana","floor":7.0,"gold_loss":0.0,"damage_taken":0.0},{"cards_removed":["Strike_B"],"damage_healed":0.0,"max_hp_gain":0.0,"max_hp_loss":0.0,"gold_gain":0.0,"event_name":"Back to Basics","player_choice":"Elegance","floor":19.0,"gold_loss":0.0,"damage_taken":0.0},{"damage_healed":0.0,"max_hp_gain":0.0,"max_hp_loss":0.0,"gold_gain":0.0,"event_name":"The Mausoleum","player_choice":"Ignored","floor":20.0,"gold_loss":0.0,"damage_taken":0.0},{"damage_healed":0,"gold_gain":0,"player_choice":"Ignored","damage_taken":0,"max_hp_gain":0,"max_hp_loss":0,"event_name":"Cursed Tome","floor":28,"gold_loss":0}],"is_beta":true,"boss_relics":[{"not_picked":["Lizard Tail","Black Star"],"picked":"Philosopher\u0027s Stone"}],"items_purged_floors":[21],"is_endless":false,"potions_floor_spawned":[4,12,14,18,24],"killed_by":"Gremlin Leader","ascension_level":20}