{"gold_per_floor":[110,110,171,171,190,231,65,101,126,146,179,28,47,61,61,154,154,173,98,122,140,140,140,140],"floor_reached":24,"playtime":850,"items_purged":["Strike_B"],"score":532,"play_id":"7105852d-1c1d-4d49-a639-edd96bd38cbe","local_time":"20190718092527","is_ascension_mode":true,"campfire_choices":[{"data":"Buffer","floor":15.0,"key":"SMITH"},{"data":"Coolheaded","floor":23.0,"key":"SMITH"}],"neow_cost":"TEN_PERCENT_HP_LOSS","seed_source_timestamp":89436127365516,"circlet_count":0,"master_deck":["AscendersBane","Strike_B","Strike_B","Defend_B","Defend_B","Defend_B","Defend_B","Zap","Dualcast","Buffer+1","Sunder","Hello World","All For One","Beam Cell","Coolheaded+1","Electrodynamics","Streamline","Turbo","All For One","Steam+1","Cold Snap"],"special_seed":0,"relics":["Cracked Core","Golden Idol","Boot","DataDisk","Lantern","Blood Vial","Matryoshka","White Beast Statue"],"potions_floor_usage":[24],"damage_taken":[{"damage":2.0,"enemies":"Jaw Worm","floor":1.0,"turns":4.0},{"damage":0.0,"enemies":"Small Slimes","floor":5.0,"turns":3.0},{"damage":32.0,"enemies":"Gremlin Nob","floor":6.0,"turns":5.0},{"damage":15.0,"enemies":"Lagavulin","floor":8.0,"turns":7.0},{"damage":0.0,"enemies":"2 Louse","floor":10.0,"turns":1.0},{"damage":12.0,"enemies":"3 Sentries","floor":11.0,"turns":6.0},{"damage":4.0,"enemies":"Gremlin Gang","floor":13.0,"turns":3.0},{"damage":1.0,"enemies":"2 Fungi Beasts","floor":14.0,"turns":2.0},{"damage":0.0,"enemies":"Slime Boss","floor":16.0,"turns":6.0},{"damage":22.0,"enemies":"2 Thieves","floor":18.0,"turns":2.0},{"damage":11.0,"enemies":"3 Byrds","floor":20.0,"turns":4.0},{"damage":4.0,"enemies":"Centurion and Healer","floor":21.0,"turns":3.0},{"damage":16,"enemies":"Shelled Parasite and Fungi","floor":24,"turns":3}],"seed_played":"-7628379990594210578","potions_obtained":[{"floor":1.0,"key":"Regen Potion"},{"floor":5.0,"key":"PowerPotion"},{"floor":8.0,"key":"Strength Potion"},{"floor":10.0,"key":"AttackPotion"},{"floor":18.0,"key":"PowerPotion"},{"floor":21.0,"key":"LiquidBronze"}],"is_trial":false,"path_per_floor":["M","?","?","?","M","E","$","E","T","M","E","$","M","M","R","B",null,"M","$","M","M","?","R","M"],"character_chosen":"DEFECT","items_purchased":["DataDisk","Electrodynamics"],"campfire_rested":0,"item_purchase_floors":[7,12],"current_hp_per_floor":[62,58,58,50,50,18,18,18,18,20,10,10,8,9,9,11,46,26,26,17,15,15,15,1],"gold":140,"neow_bonus":"THREE_RARE_CARDS","is_prod":false,"is_daily":false,"chose_seed":false,"campfire_upgraded":2,"win_rate":0,"timestamp":1563413127,"path_taken":["M","?","?","?","M","E","$","E","T","M","E","$","M","M","R","BOSS","M","$","?","M","?","R","?"],"build_version":"2019-07-17","purchased_purges":1,"victory":false,"max_hp_per_floor":[64,58,58,58,58,58,58,58,58,58,58,58,58,58,58,58,58,58,58,58,58,58,58,58],"card_choices":[{"not_picked":["Reboot","Thunder Strike"],"picked":"Buffer","floor":0.0},{"not_picked":["Auto Shields","Gash"],"picked":"Sunder","floor":1.0},{"not_picked":["Compile Driver","Leap","Hello World"],"picked":"SKIP","floor":5.0},{"not_picked":["Compile Driver","Leap"],"picked":"Hello World","floor":5.0},{"not_picked":["Sweeping Beam","Ball Lightning"],"picked":"All For One","floor":6.0},{"not_picked":["Rebound","BootSequence"],"picked":"Beam Cell","floor":8.0},{"not_picked":["Redo","Aggregate"],"picked":"Coolheaded","floor":10.0},{"not_picked":["Coolheaded","Chaos","Leap"],"picked":"SKIP","floor":11.0},{"not_picked":["Steam","Rebound"],"picked":"Streamline","floor":13.0},{"not_picked":["Static Discharge","Coolheaded"],"picked":"Turbo","floor":14.0},{"not_picked":["Thunder Strike","Multi-Cast"],"picked":"All For One","floor":16.0},{"not_picked":["Conserve Battery","Sweeping Beam","Coolheaded"],"picked":"SKIP","floor":18.0},{"not_picked":["Conserve Battery","Sweeping Beam","Coolheaded"],"picked":"SKIP","floor":18.0},{"not_picked":["Ball Lightning","Recycle"],"picked":"Steam+1","floor":20.0},{"not_picked":["Stack","Compile Driver","Barrage"],"picked":"SKIP","floor":21.0}],"player_experience":1012987,"relics_obtained":[{"floor":6.0,"key":"Boot"},{"floor":8.0,"key":"Lantern"},{"floor":9.0,"key":"Blood Vial"},{"floor":11.0,"key":"Matryoshka"}],"event_choices":[{"damage_healed":0.0,"max_hp_gain":0.0,"max_hp_loss":6.0,"gold_gain":0.0,"event_name":"Golden Idol","player_choice":"Lose Max HP","floor":2.0,"gold_loss":0.0,"damage_taken":0.0,"relics_obtained":["Golden Idol"]},{"damage_healed":0.0,"max_hp_gain":0.0,"max_hp_loss":0.0,"gold_gain":61.0,"event_name":"Golden Wing","player_choice":"Gained Gold","floor":3.0,"gold_loss":0.0,"damage_taken":0.0},{"damage_healed":0.0,"max_hp_gain":0.0,"max_hp_loss":0.0,"gold_gain":0.0,"event_name":"Wheel of Change","player_choice":"Damaged","floor":4.0,"gold_loss":0.0,"damage_taken":8.0},{"damage_healed":0.0,"max_hp_gain":0.0,"max_hp_loss":0.0,"gold_gain":0.0,"cards_transformed":["Strike_B"],"event_name":"Transmorgrifier","player_choice":"Transformed","floor":22.0,"gold_loss":0.0,"damage_taken":0.0,"cards_obtained":["Cold Snap"]}],"is_beta":false,"boss_relics":[{"not_picked":["Calling Bell","Empty Cage"],"picked":"White Beast Statue"}],"items_purged_floors":[19],"is_endless":false,"potions_floor_spawned":[1,5,8,10,13,18,20,21],"killed_by":"Shelled Parasite and Fungi","ascension_level":20}