{"gold_per_floor":[118,29,41,41,41,56,74,74,97,116,116,136,61,93,93,164,164,179,197,197,91,91,91,5,16,16,26,26,76,102,2,2,2],"floor_reached":33,"playtime":1985,"items_purged":["Strike_B","Strike_B"],"score":540,"play_id":"2388ff95-72e4-41dc-9916-a2f52a3f289a","local_time":"20190119125430","is_ascension_mode":true,"campfire_choices":[{"data":"Defragment","floor":8.0,"key":"SMITH"},{"data":"Coolheaded","floor":11.0,"key":"SMITH"},{"data":"Hologram","floor":15.0,"key":"SMITH"},{"floor":23,"key":"REST"},{"data":"Defragment","floor":32,"key":"SMITH"}],"neow_cost":"NONE","seed_source_timestamp":0,"circlet_count":0,"master_deck":["AscendersBane","Strike_B","Strike_B","Defend_B","Defend_B","Defend_B","Defend_B","Zap","Dualcast","Leap","Defragment+1","Coolheaded+1","Capacitor","Defragment+1","Glacier","Coolheaded","Hologram+1","Reboot","Barrage","Auto Shields+1","Sunder+1","Beam Cell","Glacier","Turbo"],"special_seed":0,"relics":["NeowsBlessing","FaceOfCleric","Potion Belt","Juzu Bracelet","Philosopher\u0027s Stone","Gambling Chip","Nloth\u0027s Gift","Red Mask"],"potions_floor_usage":[30,33,33],"damage_taken":[{"damage":0.0,"enemies":"Jaw Worm","floor":1.0,"turns":1.0},{"damage":0.0,"enemies":"Cultist","floor":3.0,"turns":1.0},{"damage":0.0,"enemies":"Small Slimes","floor":6.0,"turns":1.0},{"damage":10.0,"enemies":"Gremlin Gang","floor":7.0,"turns":3.0},{"damage":12.0,"enemies":"Large Slime","floor":10.0,"turns":10.0},{"damage":2.0,"enemies":"Exordium Wildlife","floor":12.0,"turns":6.0},{"damage":0.0,"enemies":"Lagavulin","floor":14.0,"turns":8.0},{"damage":24.0,"enemies":"Slime Boss","floor":16.0,"turns":15.0},{"damage":4.0,"enemies":"Shell Parasite","floor":18.0,"turns":10.0},{"damage":39.0,"enemies":"3 Byrds","floor":19.0,"turns":6.0},{"damage":8,"enemies":"Colosseum Slavers","floor":20,"turns":11},{"damage":14,"enemies":"Cultist and Chosen","floor":25,"turns":10},{"damage":12,"enemies":"Shelled Parasite and Fungi","floor":27,"turns":6},{"damage":12,"enemies":"Masked Bandits","floor":30,"turns":5},{"damage":16,"enemies":"Champ","floor":33,"turns":18}],"seed_played":"-5910116136832758075","potions_obtained":[{"floor":1.0,"key":"Block Potion"},{"floor":6.0,"key":"Explosive Potion"},{"floor":14.0,"key":"Ancient Potion"},{"floor":25,"key":"Explosive Potion"},{"floor":27,"key":"SpeedPotion"}],"is_trial":false,"path_per_floor":["M","$","M","?","?","M","M","R","T","M","R","M","$","E","R","B",null,"M","M","?","$","?","R","$","M","T","M","?","?","?","$","R","B"],"character_chosen":"DEFECT","items_purchased":["Defragment","Sunder","Beam Cell","Glacier"],"campfire_rested":1,"item_purchase_floors":[2,21,21,24],"current_hp_per_floor":[64,64,64,69,69,70,61,61,61,50,50,49,49,50,50,27,68,65,27,20,20,20,45,45,32,32,21,21,21,10,10,10,0],"gold":2,"neow_bonus":"THREE_ENEMY_KILL","is_prod":false,"is_daily":false,"chose_seed":false,"campfire_upgraded":4,"win_rate":0,"timestamp":1547873670,"path_taken":["M","$","M","?","?","M","?","R","T","M","R","M","$","E","R","BOSS","M","M","?","$","?","R","$","M","T","M","?","?","?","?","R","BOSS"],"build_version":"2019-01-17","purchased_purges":2,"victory":false,"max_hp_per_floor":[71,71,71,76,76,77,78,78,78,79,79,80,80,81,81,82,82,83,84,85,85,85,85,85,86,86,87,87,87,88,88,88,88],"card_choices":[{"not_picked":["Steam","Melter"],"picked":"Leap","floor":1.0},{"not_picked":["Barrage","Leap"],"picked":"Coolheaded","floor":3.0},{"not_picked":["Hello World","Blizzard"],"picked":"Capacitor","floor":6.0},{"not_picked":["Cold Snap","Melter"],"picked":"Defragment","floor":7.0},{"not_picked":["Cold Snap","Fusion"],"picked":"Glacier","floor":10.0},{"not_picked":["Hello World","Barrage"],"picked":"Coolheaded","floor":12.0},{"not_picked":["Recycle","Leap"],"picked":"Hologram","floor":14.0},{"not_picked":["Rainbow","Seek"],"picked":"Reboot","floor":16.0},{"not_picked":["Streamline+1","Conserve Battery+1"],"picked":"Barrage","floor":18.0},{"not_picked":["Sweeping Beam","Lockon"],"picked":"Auto Shields+1","floor":19.0},{"not_picked":["Recycle","Defragment"],"picked":"Turbo","floor":25},{"not_picked":["Turbo","Sweeping Beam","FTL"],"picked":"SKIP","floor":27}],"player_experience":677239,"relics_obtained":[{"floor":9.0,"key":"Potion Belt"},{"floor":14.0,"key":"Juzu Bracelet"},{"floor":26,"key":"Gambling Chip"},{"floor":30,"key":"Red Mask"}],"event_choices":[{"damage_healed":0.0,"max_hp_gain":5.0,"max_hp_loss":0.0,"gold_gain":0.0,"event_name":"Big Fish","player_choice":"Donut","floor":4.0,"gold_loss":0.0,"damage_taken":0.0},{"damage_healed":0.0,"max_hp_gain":0.0,"max_hp_loss":0.0,"gold_gain":0.0,"event_name":"FaceTrader","player_choice":"Trade","floor":5.0,"gold_loss":0.0,"damage_taken":0.0,"relics_obtained":["FaceOfCleric"]},{"damage_healed":0,"gold_gain":0,"player_choice":"Fight","damage_taken":0,"max_hp_gain":0,"max_hp_loss":0,"event_name":"Colosseum","floor":20,"gold_loss":0},{"damage_healed":0,"gold_gain":0,"player_choice":"Fled From Nobs","damage_taken":0,"max_hp_gain":0,"max_hp_loss":0,"event_name":"Colosseum","floor":20,"gold_loss":0},{"damage_healed":0,"gold_gain":0,"player_choice":"Forge","damage_taken":0,"max_hp_gain":0,"max_hp_loss":0,"event_name":"Accursed Blacksmith","floor":22,"gold_loss":0,"cards_upgraded":["Sunder"]},{"damage_healed":0,"gold_gain":0,"player_choice":"Traded Relic","damage_taken":0,"relics_obtained":["Nloth\u0027s Gift"],"max_hp_gain":0,"max_hp_loss":0,"event_name":"N\u0027loth","floor":28,"relics_lost":["Cracked Core"],"gold_loss":0},{"damage_healed":0,"gold_gain":50,"player_choice":"Stole From Cult","damage_taken":0,"max_hp_gain":0,"max_hp_loss":0,"event_name":"Nest","floor":29,"gold_loss":0},{"damage_healed":0,"gold_gain":0,"player_choice":"Fought Bandits","damage_taken":0,"max_hp_gain":0,"max_hp_loss":0,"event_name":"Masked Bandits","floor":30,"gold_loss":0}],"is_beta":true,"boss_relics":[{"not_picked":["Fusion Hammer","Empty Cage"],"picked":"Philosopher\u0027s Stone"}],"items_purged_floors":[13,31],"is_endless":false,"potions_floor_spawned":[1,6,14,25,27],"killed_by":"Champ","ascension_level":20}