{"gold_per_floor":[112,127,137,154,168,168,185,185,211,211,221,221,296,330,330,330],"floor_reached":16,"playtime":353,"items_purged":[],"score":208,"play_id":"9e86437b-7ab7-4e45-a132-07c5b1231c45","local_time":"20181104120137","is_ascension_mode":true,"campfire_choices":[{"data":"Streamline","floor":6.0,"key":"SMITH"},{"data":"Dualcast","floor":8.0,"key":"SMITH"},{"floor":10.0,"key":"REST"},{"data":"Go for the Eyes","floor":15.0,"key":"SMITH"}],"neow_cost":"NONE","seed_source_timestamp":3084640934071,"circlet_count":0,"master_deck":["AscendersBane","Strike_B","Strike_B","Strike_B","Strike_B","Defend_B","Defend_B","Defend_B","Defend_B","Zap+1","Dualcast+1","Doom and Gloom","Leap","Streamline+1","Fission+1","Go for the Eyes+1"],"special_seed":0,"relics":["Cracked Core","Lantern","Smiling Mask"],"potions_floor_usage":[16],"damage_taken":[{"damage":1.0,"enemies":"Cultist","floor":1.0,"turns":3.0},{"damage":0.0,"enemies":"Small Slimes","floor":2.0,"turns":2.0},{"damage":5.0,"enemies":"2 Louse","floor":3.0,"turns":3.0},{"damage":12.0,"enemies":"Exordium Thugs","floor":4.0,"turns":4.0},{"damage":12.0,"enemies":"Large Slime","floor":5.0,"turns":3.0},{"damage":17.0,"enemies":"3 Louse","floor":7.0,"turns":2.0},{"damage":9.0,"enemies":"Red Slaver","floor":11.0,"turns":2.0},{"damage":3.0,"enemies":"Gremlin Nob","floor":14.0,"turns":3.0},{"damage":21,"enemies":"Slime Boss","floor":16,"turns":6}],"seed_played":"4984014786220117920","potions_obtained":[{"floor":1.0,"key":"AttackPotion"},{"floor":2.0,"key":"Energy Potion"},{"floor":7.0,"key":"Dexterity Potion"},{"floor":14.0,"key":"Weak Potion"}],"is_trial":false,"path_per_floor":["M","M","M","M","M","R","M","R","T","R","M","?","?","E","R","B"],"character_chosen":"DEFECT","items_purchased":[],"campfire_rested":1,"item_purchase_floors":[],"current_hp_per_floor":[63,63,58,46,34,34,17,17,17,38,29,29,18,15,15,0],"gold":330,"neow_bonus":"UPGRADE_CARD","is_prod":false,"is_daily":false,"chose_seed":false,"campfire_upgraded":3,"win_rate":0,"timestamp":1541304097,"path_taken":["M","M","?","M","M","R","M","R","T","R","M","?","?","E","R","BOSS"],"build_version":"2018-11-02","purchased_purges":0,"victory":false,"max_hp_per_floor":[71,71,71,71,71,71,71,71,71,71,71,71,71,71,71,71],"card_choices":[{"not_picked":["FTL","Gash"],"picked":"Doom and Gloom","floor":1.0},{"not_picked":["Coolheaded","Force Field"],"picked":"Leap","floor":2.0},{"not_picked":["Redo","White Noise","Skim"],"picked":"SKIP","floor":3.0},{"not_picked":["Blizzard","White Noise","Storm"],"picked":"SKIP","floor":4.0},{"not_picked":["Compile Driver","Cold Snap"],"picked":"Streamline","floor":5.0},{"not_picked":["Streamline","Fusion","Turbo"],"picked":"SKIP","floor":7.0},{"not_picked":["Tempest","Reprogram"],"picked":"Fission","floor":11.0},{"not_picked":["Steam","Doom and Gloom"],"picked":"Go for the Eyes","floor":14.0}],"player_experience":492738,"relics_obtained":[{"floor":9.0,"key":"Lantern"},{"floor":14.0,"key":"Smiling Mask"}],"event_choices":[{"damage_healed":0.0,"max_hp_gain":0.0,"max_hp_loss":0.0,"gold_gain":0.0,"event_name":"Living Wall","player_choice":"Grow","floor":12.0,"gold_loss":0.0,"damage_taken":0.0,"cards_upgraded":["Fission"]},{"damage_healed":0.0,"max_hp_gain":0.0,"max_hp_loss":0.0,"gold_gain":75.0,"event_name":"World of Goop","player_choice":"Gather Gold","floor":13.0,"gold_loss":0.0,"damage_taken":11.0}],"is_beta":true,"boss_relics":[],"items_purged_floors":[],"is_endless":false,"potions_floor_spawned":[1,2,4,7,14],"killed_by":"Slime Boss","ascension_level":20}