{"gold_per_floor":[110,120,120,120,137,137,169,169,193,205,205,2,14,30,30,131,131,145,157,211,211,226,259,259],"floor_reached":24,"playtime":1439,"items_purged":[],"score":218,"play_id":"f1a4582f-b7e8-4a04-8f77-56847dcebb84","local_time":"20190804073942","is_ascension_mode":false,"campfire_choices":[{"data":"Bash","floor":6,"key":"SMITH"},{"data":"Clash","floor":8,"key":"SMITH"},{"floor":11,"key":"REST"},{"floor":15,"key":"REST"}],"neow_cost":"","seed_source_timestamp":1031984617755764,"circlet_count":0,"master_deck":["Strike_R","Strike_R","Strike_R","Strike_R","Strike_R","Defend_R","Bash+1","Thunderclap","Shrug It Off","Clash+1","Dropkick","Flex","Perfected Strike","Perfected Strike","Pommel Strike","Battle Trance","Reaper","Carnage+1","Cleave+1","Inflame+1","Clash","Flex+1","Cleave","Thunderclap+1"],"relics":["Burning Blood","Orichalcum","Darkstone Periapt","Dream Catcher","Astrolabe","Ancient Tea Set","Shuriken"],"potions_floor_usage":[22],"damage_taken":[{"damage":10,"enemies":"Cultist","floor":1,"turns":4},{"damage":6,"enemies":"2 Louse","floor":2,"turns":2},{"damage":2,"enemies":"Small Slimes","floor":5,"turns":3},{"damage":36,"enemies":"Gremlin Nob","floor":7,"turns":5},{"damage":3,"enemies":"Red Slaver","floor":10,"turns":4},{"damage":6,"enemies":"Looter","floor":13,"turns":3},{"damage":0,"enemies":"Large Slime","floor":14,"turns":3},{"damage":66,"enemies":"The Guardian","floor":16,"turns":11},{"damage":18,"enemies":"2 Thieves","floor":18,"turns":4},{"damage":6,"enemies":"Shell Parasite","floor":19,"turns":3},{"damage":17,"enemies":"Cultist and Chosen","floor":22,"turns":5},{"damage":66,"enemies":"Slavers","floor":23,"turns":6},{"damage":23,"enemies":"Snake Plant","floor":24,"turns":3}],"seed_played":"-4379289264412407735","potions_obtained":[{"floor":7,"key":"Poison Potion"},{"floor":14,"key":"SmokeBomb"},{"floor":16,"key":"Ancient Potion"},{"floor":19,"key":"Fire Potion"},{"floor":22,"key":"Explosive Potion"}],"is_trial":false,"path_per_floor":["M","M","?","?","M","R","E","R","T","M","R","$","M","M","R","B",null,"M","M","T","?","M","E","M"],"character_chosen":"IRONCLAD","items_purchased":["Perfected Strike","Regen Potion","LiquidBronze"],"campfire_rested":2,"item_purchase_floors":[12,12,12],"current_hp_per_floor":[76,76,76,76,80,80,50,50,50,53,77,77,77,80,80,20,80,68,68,68,68,65,17,0],"gold":259,"neow_bonus":"","is_prod":false,"is_daily":false,"chose_seed":false,"campfire_upgraded":2,"win_rate":0.0,"timestamp":1564918782,"path_taken":["M","?","?","?","M","R","E","R","T","M","R","$","M","M","R","BOSS","M","M","?","?","M","E","M"],"build_version":"2019-06-28","purchased_purges":0,"victory":false,"max_hp_per_floor":[80,80,80,80,80,80,80,80,80,80,80,80,80,80,80,80,80,80,80,80,80,80,80,80],"card_choices":[{"not_picked":["Clash","Burning Pact"],"picked":"Thunderclap","floor":1},{"not_picked":["Shrug It Off","Flame Barrier"],"picked":"Whirlwind","floor":2},{"not_picked":["Feel No Pain","Entrench"],"picked":"Shrug It Off","floor":5},{"not_picked":["Iron Wave","Sword Boomerang"],"picked":"Clash","floor":7},{"not_picked":["Ghostly Armor","Rupture"],"picked":"Dropkick","floor":10},{"not_picked":["Iron Wave","Intimidate"],"picked":"Flex","floor":11},{"not_picked":["Thunderclap","Iron Wave"],"picked":"Perfected Strike","floor":13},{"not_picked":["True Grit","Headbutt"],"picked":"Pommel Strike","floor":14},{"not_picked":["Second Wind","Dark Embrace"],"picked":"Battle Trance","floor":15},{"not_picked":["Impervious","Bludgeon"],"picked":"Reaper","floor":16},{"not_picked":["Metallicize+1","True Grit+1"],"picked":"Clash","floor":18},{"not_picked":["Armaments+1","Cleave"],"picked":"Flex+1","floor":19},{"not_picked":["Ghostly Armor","Sword Boomerang"],"picked":"Cleave","floor":22},{"not_picked":["Shrug It Off","Combust+1"],"picked":"Thunderclap+1","floor":23}],"player_experience":0,"relics_obtained":[{"floor":7,"key":"Darkstone Periapt"},{"floor":9,"key":"Dream Catcher"},{"floor":20,"key":"Ancient Tea Set"},{"floor":23,"key":"Shuriken"}],"event_choices":[{"damage_healed":0,"gold_gain":0,"player_choice":"Ignored","damage_taken":0,"max_hp_gain":0,"max_hp_loss":0,"event_name":"Liars Game","floor":3,"gold_loss":0},{"cards_removed":["Whirlwind"],"damage_healed":0,"gold_gain":0,"player_choice":"Gave Card","damage_taken":0,"relics_obtained":["Orichalcum"],"max_hp_gain":0,"max_hp_loss":0,"event_name":"WeMeetAgain","floor":4,"gold_loss":0},{"damage_healed":0,"gold_gain":0,"player_choice":"Ignored","damage_taken":0,"max_hp_gain":0,"max_hp_loss":0,"event_name":"Beggar","floor":21,"gold_loss":0}],"is_beta":true,"boss_relics":[{"not_picked":["Coffee Dripper","Cursed Key"],"picked":"Astrolabe"}],"items_purged_floors":[],"is_endless":false,"potions_floor_spawned":[7,13,14,16,19,22,23],"killed_by":"Snake Plant","ascension_level":0}