{"gold_per_floor":[365,376,206,206,226,226,277,295,295,326,356,371,384,397,397,470,470,483,483,497,497,336,336,336,336,336,336,5,15,15,15,15,15],"floor_reached":33,"playtime":1115,"items_purged":["Decay"],"score":515,"play_id":"7260f2d4-cade-4eef-99b2-15e1f416e5a4","local_time":"20180916181600","is_ascension_mode":true,"campfire_choices":[{"data":"Darkness","floor":6.0,"key":"SMITH"},{"floor":15.0,"key":"REST"},{"data":"Dualcast","floor":23,"key":"SMITH"},{"data":"Rainbow","floor":24,"key":"SMITH"},{"data":"Stack","floor":27,"key":"SMITH"},{"data":"Ghostly","floor":32,"key":"SMITH"}],"neow_cost":"TEN_PERCENT_HP_LOSS","seed_source_timestamp":33905683024655,"circlet_count":0,"master_deck":["Strike_B+1","Strike_B+1","Strike_B+1","Strike_B+1","Defend_B+1","Defend_B+1","Defend_B+1","Defend_B+1","Zap+1","Dualcast+1","AscendersBane","Streamline","Undo","Doom and Gloom","Melter","Darkness+1","Sunder","Rainbow+1","Ball Lightning","Leap","Tempest+1","All For One","Go for the Eyes+1","Stack+1","Compile Driver","Cold Snap","Loop","Turbo","Steam Power","Ghostly+1","Ghostly","Ghostly","Ghostly","Ghostly"],"special_seed":0,"relics":["Cracked Core","Gambling Chip","WingedGreaves","Lantern","Coffee Dripper","The Courier","ClockworkSouvenir"],"potions_floor_usage":[18,33],"damage_taken":[{"damage":4.0,"enemies":"Jaw Worm","floor":1.0,"turns":3.0},{"damage":10.0,"enemies":"2 Louse","floor":2.0,"turns":3.0},{"damage":1.0,"enemies":"Cultist","floor":5.0,"turns":3.0},{"damage":21.0,"enemies":"Large Slime","floor":8.0,"turns":5.0},{"damage":22.0,"enemies":"3 Sentries","floor":10.0,"turns":5.0},{"damage":1.0,"enemies":"Looter","floor":12.0,"turns":3.0},{"damage":0.0,"enemies":"3 Louse","floor":13.0,"turns":2.0},{"damage":0.0,"enemies":"Large Slime","floor":14.0,"turns":4.0},{"damage":13.0,"enemies":"Slime Boss","floor":16.0,"turns":6.0},{"damage":0,"enemies":"Chosen","floor":18,"turns":3},{"damage":8,"enemies":"3 Byrds","floor":20,"turns":3},{"damage":5,"enemies":"Snake Plant","floor":29,"turns":3},{"damage":92,"enemies":"Champ","floor":33,"turns":9}],"seed_played":"-9050372249345504021","potions_obtained":[{"floor":8.0,"key":"Energy Potion"},{"floor":10.0,"key":"FocusPotion"},{"floor":13.0,"key":"Energy Potion"},{"floor":16.0,"key":"FairyPotion"},{"floor":20,"key":"Energy Potion"}],"is_trial":false,"path_per_floor":["M","M","$","?","M","R","?","M","T","E","?","M","M","M","R","B",null,"M","?","M","?","$","R","R","?","T","R","$","M","$","?","R"],"character_chosen":"DEFECT","items_purchased":["Doom and Gloom","Melter","Compile Driver","Cold Snap","Loop","Turbo","Steam Power","ClockworkSouvenir"],"campfire_rested":1,"item_purchase_floors":[3,3,22,22,28,28,28,28],"current_hp_per_floor":[60,50,50,50,49,49,49,28,28,6,6,5,5,5,24,11,51,51,51,43,43,43,43,43,43,43,43,43,38,38,32,32,0],"gold":15,"neow_bonus":"TWO_FIFTY_GOLD","is_prod":false,"is_daily":false,"chose_seed":false,"campfire_upgraded":5,"win_rate":0,"timestamp":1537092960,"path_taken":["M","M","$","?","M","R","?","?","T","E","?","?","?","M","R","BOSS","M","?","M","?","$","R","R","?","T","R","$","M","?","?","R","BOSS"],"build_version":"2018-09-12","purchased_purges":1,"victory":false,"max_hp_per_floor":[64,64,64,64,64,64,64,64,64,64,64,64,64,64,64,64,64,64,64,64,64,64,64,64,64,64,64,64,64,64,32,32,32],"card_choices":[{"not_picked":["Barrage","Auto Shields"],"picked":"Streamline","floor":1.0},{"not_picked":["Sweeping Beam","Steam"],"picked":"Undo","floor":2.0},{"not_picked":["Barrage","Redo"],"picked":"Darkness","floor":5.0},{"not_picked":["Coolheaded","Rip and Tear"],"picked":"Sunder","floor":8.0},{"not_picked":["Gash","Steam Power"],"picked":"Rainbow","floor":10.0},{"not_picked":["Consume","Gash"],"picked":"Ball Lightning","floor":12.0},{"not_picked":["Barrage","Streamline"],"picked":"Leap","floor":13.0},{"not_picked":["Steam","Compile Driver"],"picked":"Tempest","floor":14.0},{"not_picked":["Seek","Biased Cognition"],"picked":"All For One","floor":16.0},{"not_picked":["Conserve Battery","Ball Lightning"],"picked":"Go for the Eyes+1","floor":18},{"not_picked":["Fusion","Ball Lightning"],"picked":"Stack","floor":20},{"not_picked":["Chaos","Sweeping Beam","Tempest"],"picked":"SKIP","floor":29}],"player_experience":360002,"relics_obtained":[{"floor":9.0,"key":"Gambling Chip"},{"floor":10.0,"key":"WingedGreaves"},{"floor":26,"key":"The Courier"}],"event_choices":[{"event_name":"Living Wall","player_choice":"Grow","floor":4.0,"damage_taken":0.0},{"event_name":"Golden Wing","player_choice":"Gained Gold","floor":7.0,"damage_taken":0.0},{"event_name":"Dead Adventurer","player_choice":"Searched \u00272\u0027 times","floor":11.0,"damage_taken":0.0},{"event_name":"Upgrade Shrine","player_choice":"Upgraded","floor":19,"damage_taken":0},{"event_name":"Forgotten Altar","player_choice":"Smashed Altar","floor":21,"damage_taken":0},{"event_name":"Back to Basics","player_choice":"Simplicity","floor":25,"damage_taken":0},{"event_name":"Ghosts","player_choice":"Became a Ghost","floor":31,"damage_taken":0}],"is_beta":true,"boss_relics":[{"not_picked":["FrozenCore","Astrolabe"],"picked":"Coffee Dripper"}],"items_purged_floors":[22],"is_endless":false,"potions_floor_spawned":[8,10,13,14,16,20],"killed_by":"Champ","ascension_level":20}