{"gold_per_floor":[111,111,71,81,99,99,117,117,144,144,144,156,173,196,196,295,345,365,144,163,163,174,174,186,186,211,238,238,238,253,253,253,253],"floor_reached":33,"playtime":3566,"items_purged":[],"score":257,"play_id":"d6fe382d-1ff6-4598-8a54-b7ef2cff11d1","local_time":"20190804173958","is_ascension_mode":false,"campfire_choices":[{"data":"Bash","floor":6.0,"key":"SMITH"},{"data":"Flame Barrier","floor":8.0,"key":"SMITH"},{"data":"Body Slam","floor":10.0,"key":"SMITH"},{"data":"Cleave","floor":15.0,"key":"SMITH"},{"data":"Metallicize","floor":23,"key":"SMITH"},{"data":"Carnage","floor":25,"key":"SMITH"},{"floor":32,"key":"REST"}],"neow_cost":"","seed_source_timestamp":0,"circlet_count":0,"master_deck":["Strike_R+1","Strike_R","Strike_R","Strike_R","Defend_R","Defend_R+1","Defend_R","Bash+1","Shrug It Off","Combust","Uppercut","Flame Barrier+1","Body Slam+1","Thunderclap","Iron Wave","Cleave+1","Double Tap","Carnage+1","Warcry","Metallicize+1","Sword Boomerang","Headbutt","Shrug It Off","Iron Wave","Armaments","Disarm","Fire Breathing+1","Decay"],"special_seed":0,"relics":["Burning Blood","Ancient Tea Set","Thread and Needle","Tiny House","Anchor","PreservedInsect","Happy Flower","Enchiridion"],"potions_floor_usage":[27,30,33,33],"damage_taken":[{"damage":11.0,"enemies":"Jaw Worm","floor":1.0,"turns":4.0},{"damage":4.0,"enemies":"Cultist","floor":4.0,"turns":4.0},{"damage":0.0,"enemies":"Small Slimes","floor":5.0,"turns":3.0},{"damage":6.0,"enemies":"3 Louse","floor":7.0,"turns":4.0},{"damage":0.0,"enemies":"2 Fungi Beasts","floor":12.0,"turns":3.0},{"damage":3.0,"enemies":"Blue Slaver","floor":13.0,"turns":4.0},{"damage":13.0,"enemies":"The Mushroom Lair","floor":14.0,"turns":4.0},{"damage":22.0,"enemies":"The Guardian","floor":16.0,"turns":11.0},{"damage":20.0,"enemies":"2 Thieves","floor":18.0,"turns":5.0},{"damage":2.0,"enemies":"Chosen","floor":20.0,"turns":6.0},{"damage":13,"enemies":"Shelled Parasite and Fungi","floor":22,"turns":7},{"damage":6,"enemies":"Cultist and Chosen","floor":24,"turns":7},{"damage":52,"enemies":"Book of Stabbing","floor":27,"turns":7},{"damage":10,"enemies":"Sentry and Sphere","floor":30,"turns":7},{"damage":38,"enemies":"Champ","floor":33,"turns":11}],"seed_played":"-1679570056148425977","potions_obtained":[{"floor":1.0,"key":"GamblersBrew"},{"floor":4.0,"key":"FearPotion"},{"floor":5.0,"key":"Swift Potion"},{"floor":14.0,"key":"Block Potion"},{"floor":16.0,"key":"PowerPotion"},{"floor":17.0,"key":"Regen Potion"},{"floor":27,"key":"Strength Potion"},{"floor":30,"key":"Explosive Potion"}],"is_trial":false,"path_per_floor":["M","?","$","M","M","R","M","R","T","R","T","M","M","?","R","B",null,"M","$","M","$","M","R","M","R","T","E","?","?","M","?","R","B"],"character_chosen":"IRONCLAD","items_purchased":["Combust","Metallicize","Anchor"],"campfire_rested":1,"item_purchase_floors":[3,19,19],"current_hp_per_floor":[75,75,75,77,80,80,80,80,80,80,80,80,80,73,73,57,85,71,71,75,75,68,68,68,68,68,31,15,15,11,11,36,0],"gold":253,"neow_bonus":"","is_prod":false,"is_daily":false,"chose_seed":false,"campfire_upgraded":6,"win_rate":0.0,"timestamp":1564933198,"path_taken":["M","?","?","M","M","R","M","R","T","R","?","M","M","?","R","BOSS","M","$","M","$","M","R","M","R","T","E","?","?","M","?","R","BOSS"],"build_version":"2019-07-17","purchased_purges":0,"victory":false,"max_hp_per_floor":[80,80,80,80,80,80,80,80,80,80,80,80,80,80,80,80,85,85,85,85,85,85,85,85,85,85,85,85,85,85,85,85,85],"card_choices":[{"not_picked":["Metallicize","Flame Barrier"],"picked":"Shrug It Off","floor":1.0},{"not_picked":["Thunderclap","Burning Pact"],"picked":"Uppercut","floor":4.0},{"not_picked":["Clothesline","Fire Breathing"],"picked":"Flame Barrier","floor":5.0},{"not_picked":["Intimidate","Hemokinesis"],"picked":"Body Slam","floor":7.0},{"not_picked":["Twin Strike","Armaments"],"picked":"Thunderclap","floor":12.0},{"not_picked":["Sword Boomerang","Pommel Strike"],"picked":"Iron Wave","floor":13.0},{"not_picked":["Shrug It Off","Iron Wave"],"picked":"Cleave","floor":14.0},{"not_picked":["Brutality","Impervious"],"picked":"Double Tap","floor":16.0},{"not_picked":["Iron Wave","Body Slam"],"picked":"Carnage","floor":17.0},{"not_picked":["Thunderclap+1","Body Slam"],"picked":"Warcry","floor":18.0},{"not_picked":["Iron Wave","Reckless Charge"],"picked":"Sword Boomerang","floor":20},{"not_picked":["Flex+1","Flame Barrier+1"],"picked":"Headbutt","floor":22},{"not_picked":["Flame Barrier","Rupture+1"],"picked":"Shrug It Off","floor":24},{"not_picked":["Warcry","Flex"],"picked":"Iron Wave","floor":27},{"not_picked":["Flex","True Grit+1"],"picked":"Fire Breathing+1","floor":30}],"player_experience":0,"relics_obtained":[{"floor":9.0,"key":"Ancient Tea Set"},{"floor":11.0,"key":"Thread and Needle"},{"floor":26,"key":"PreservedInsect"},{"floor":27,"key":"Happy Flower"},{"floor":28,"key":"Enchiridion"}],"event_choices":[{"damage_healed":0.0,"max_hp_gain":0.0,"max_hp_loss":0.0,"gold_gain":0.0,"event_name":"Upgrade Shrine","player_choice":"Upgraded","floor":2.0,"gold_loss":0.0,"damage_taken":0.0,"cards_upgraded":["Strike_R"]},{"damage_healed":0.0,"max_hp_gain":0.0,"max_hp_loss":0.0,"gold_gain":0.0,"event_name":"Mushrooms","player_choice":"Fought Mushrooms","floor":14.0,"gold_loss":0.0,"damage_taken":0.0},{"damage_healed":0,"gold_gain":0,"player_choice":"Obtained Book","damage_taken":16,"max_hp_gain":0,"max_hp_loss":0,"event_name":"Cursed Tome","floor":28,"gold_loss":0},{"damage_healed":0,"gold_gain":0,"cards_transformed":["Strike_R","Defend_R"],"player_choice":"Became Test Subject","damage_taken":0,"max_hp_gain":0,"max_hp_loss":0,"event_name":"Drug Dealer","floor":29,"gold_loss":0,"cards_obtained":["Armaments","Disarm"]},{"damage_healed":0,"gold_gain":0,"player_choice":"Smashed Altar","damage_taken":0,"max_hp_gain":0,"max_hp_loss":0,"event_name":"Forgotten Altar","floor":31,"gold_loss":0,"cards_obtained":["Decay"]}],"is_beta":false,"boss_relics":[{"not_picked":["Fusion Hammer","Lizard Tail"],"picked":"Tiny House"}],"items_purged_floors":[],"is_endless":false,"potions_floor_spawned":[1,4,5,13,14,16,20,27,30],"killed_by":"Champ","ascension_level":0}