{"gold_per_floor":[119,138,157,177,191,219,219,251,251,286,299,331,331,364,364,463,463,479,195,222,236,271,316,316,316,371,405,405,423,423,41,41,143,143,159,159,159,192,210,244,256,282,282,308,320,334,349,399,399,399],"floor_reached":51,"playtime":2401,"items_purged":["Strike_R","Strike_R"],"score":984,"play_id":"d6034cb6-ae49-497e-8ad4-30de1d9eb24a","local_time":"20180923164653","is_ascension_mode":true,"campfire_choices":[{"data":"Inflame","floor":7.0,"key":"SMITH"},{"data":"Flex","floor":15.0,"key":"SMITH"},{"floor":24,"key":"REST"},{"floor":30,"key":"REST"},{"floor":32,"key":"REST"},{"floor":49,"key":"REST"}],"neow_cost":"NONE","seed_source_timestamp":730844523375,"circlet_count":0,"master_deck":["Strike_R","Strike_R","Defend_R","Defend_R","Defend_R","Bash","Headbutt","Inflame+1","Pummel","Infernal Blade","Wild Strike","Double Tap","Immolate","Flex+1","Spot Weakness+1","Shrug It Off+1","Demon Form","Evolve","Bandage Up","HandOfGreed","Sword Boomerang+1","Flex","Shockwave","Dual Wield","Berserk","Second Wind+1","Power Through","Reaper","Whirlwind+1"],"special_seed":0,"relics":["Burning Blood","Strawberry","Centennial Puzzle","Blue Candle","Bag of Marbles","Magic Flower","The Courier","Fusion Hammer","Red Mask","Letter Opener","Juzu Bracelet","War Paint","Gambling Chip","Mark of Pain","Mummified Hand","Dream Catcher","Bag of Preparation","StoneCalendar"],"potions_floor_usage":[21,23,38,41,50,50,50],"damage_taken":[{"damage":1.0,"enemies":"Cultist","floor":1.0,"turns":3.0},{"damage":14.0,"enemies":"Jaw Worm","floor":2.0,"turns":3.0},{"damage":10.0,"enemies":"Small Slimes","floor":3.0,"turns":4.0},{"damage":10.0,"enemies":"Gremlin Gang","floor":4.0,"turns":3.0},{"damage":24.0,"enemies":"Exordium Thugs","floor":5.0,"turns":5.0},{"damage":20.0,"enemies":"3 Sentries","floor":6.0,"turns":6.0},{"damage":20.0,"enemies":"Lagavulin","floor":8.0,"turns":4.0},{"damage":10.0,"enemies":"Gremlin Nob","floor":10.0,"turns":3.0},{"damage":12.0,"enemies":"Exordium Wildlife","floor":11.0,"turns":2.0},{"damage":13.0,"enemies":"3 Sentries","floor":12.0,"turns":4.0},{"damage":0.0,"enemies":"Gremlin Nob","floor":14.0,"turns":2.0},{"damage":13.0,"enemies":"Hexaghost","floor":16.0,"turns":7.0},{"damage":14.0,"enemies":"Shell Parasite","floor":18.0,"turns":2.0},{"damage":0,"enemies":"Masked Bandits","floor":20,"turns":1},{"damage":2,"enemies":"3 Byrds","floor":21,"turns":3},{"damage":26,"enemies":"Centurion and Healer","floor":22,"turns":6},{"damage":45,"enemies":"Slavers","floor":23,"turns":4},{"damage":17,"enemies":"Shelled Parasite and Fungi","floor":27,"turns":3},{"damage":7,"enemies":"Snecko","floor":29,"turns":3},{"damage":79,"enemies":"Champ","floor":33,"turns":7},{"damage":7,"enemies":"Orb Walker","floor":35,"turns":2},{"damage":6,"enemies":"3 Shapes","floor":38,"turns":2},{"damage":8,"enemies":"Jaw Worm Horde","floor":39,"turns":2},{"damage":22,"enemies":"Giant Head","floor":40,"turns":5},{"damage":43,"enemies":"Spire Growth","floor":41,"turns":4},{"damage":27,"enemies":"2 Orb Walkers","floor":42,"turns":2},{"damage":30,"enemies":"Nemesis","floor":44,"turns":5},{"damage":20,"enemies":"3 Darklings","floor":45,"turns":3},{"damage":14,"enemies":"Reptomancer","floor":46,"turns":6},{"damage":3,"enemies":"Transient","floor":47,"turns":5},{"damage":23,"enemies":"Sphere and 2 Shapes","floor":48,"turns":3},{"damage":72,"enemies":"Donu and Deca","floor":50,"turns":5}],"seed_played":"3141109511891552372","potions_obtained":[{"floor":4.0,"key":"SpeedPotion"},{"floor":5.0,"key":"Strength Potion"},{"floor":8.0,"key":"Swift Potion"},{"floor":11.0,"key":"Swift Potion"},{"floor":12.0,"key":"EntropicBrew"},{"floor":14.0,"key":"GamblersBrew"},{"floor":16.0,"key":"BloodPotion"},{"floor":20,"key":"Strength Potion"},{"floor":21,"key":"BloodPotion"},{"floor":23,"key":"BloodPotion"},{"floor":33,"key":"SteroidPotion"},{"floor":38,"key":"Strength Potion"},{"floor":42,"key":"FairyPotion"}],"is_trial":false,"path_per_floor":["M","M","M","M","M","E","R","E","T","E","M","E","?","E","R","B",null,"M","$","?","M","M","E","R","?","T","M","?","M","R","$","R","B",null,"M","?","?","M","M","E","M","E","T","E","M","M","M","M","R","B"],"character_chosen":"IRONCLAD","items_purchased":["Bandage Up","HandOfGreed","Dual Wield","Gambling Chip"],"campfire_rested":4,"item_purchase_floors":[19,19,31,31],"current_hp_per_floor":[80,72,68,67,49,42,42,28,28,24,18,11,11,20,20,16,90,85,85,90,90,79,63,90,90,90,86,86,90,90,90,90,26,90,90,90,85,85,85,78,68,56,56,35,42,80,85,77,85,22],"gold":399,"neow_bonus":"TRANSFORM_CARD","is_prod":false,"is_daily":false,"chose_seed":false,"campfire_upgraded":2,"win_rate":0,"timestamp":1537692413,"path_taken":["M","M","?","M","M","E","R","E","T","E","M","E","?","E","R","BOSS","M","$","?","?","M","E","R","?","T","M","?","M","R","?","R","BOSS","M","?","?","M","M","E","M","E","T","E","M","M","M","M","R","BOSS"],"build_version":"2018-09-20","purchased_purges":2,"victory":true,"max_hp_per_floor":[80,80,80,83,83,90,90,90,90,90,90,90,90,90,90,90,90,90,90,90,90,90,90,90,90,90,90,90,90,90,90,90,90,90,90,90,85,85,85,85,85,85,85,85,85,85,85,85,85,85],"card_choices":[{"not_picked":["Clothesline","Thunderclap"],"picked":"Inflame","floor":1.0},{"not_picked":["Havoc","Metallicize"],"picked":"Pummel","floor":2.0},{"not_picked":["Carnage","Battle Trance"],"picked":"Infernal Blade","floor":3.0},{"not_picked":["Clothesline","Searing Blow"],"picked":"Wild Strike","floor":4.0},{"not_picked":["Sentinel","True Grit"],"picked":"Double Tap","floor":5.0},{"not_picked":["Fire Breathing","Clothesline","Twin Strike"],"picked":"SKIP","floor":6.0},{"not_picked":["Bloodletting","Ghostly Armor"],"picked":"Immolate","floor":8.0},{"not_picked":["Metallicize","Cleave"],"picked":"Flex","floor":10.0},{"not_picked":["Iron Wave","Headbutt"],"picked":"Spot Weakness","floor":11.0},{"not_picked":["True Grit","Hemokinesis"],"picked":"Shrug It Off","floor":12.0},{"not_picked":["Pommel Strike","Body Slam","Juggernaut"],"picked":"SKIP","floor":14.0},{"not_picked":["Feed","Brutality"],"picked":"Demon Form","floor":16.0},{"not_picked":["Pommel Strike","Sever Soul"],"picked":"Evolve","floor":18.0},{"not_picked":["Hemokinesis","Wild Strike"],"picked":"Sword Boomerang+1","floor":20},{"not_picked":["Headbutt","Thunderclap"],"picked":"Flex","floor":21},{"not_picked":["Shrug It Off","Iron Wave+1"],"picked":"Shockwave","floor":22},{"not_picked":["Sever Soul","Demon Form","Flex"],"picked":"SKIP","floor":23},{"not_picked":["Sword Boomerang","Clash","Shrug It Off"],"picked":"SKIP","floor":27},{"not_picked":["Flex","Body Slam","Sword Boomerang"],"picked":"SKIP","floor":29},{"not_picked":["Bludgeon","Barricade"],"picked":"Berserk","floor":33},{"not_picked":["Anger+1","Iron Wave"],"picked":"Second Wind+1","floor":35},{"not_picked":["Headbutt","Cleave+1","Corruption+1"],"picked":"SKIP","floor":38},{"not_picked":["Perfected Strike+1","Uppercut+1"],"picked":"Power Through","floor":39},{"not_picked":["Intimidate+1","True Grit+1"],"picked":"Reaper","floor":40},{"not_picked":["Cleave","Pommel Strike+1","Entrench+1"],"picked":"SKIP","floor":41},{"not_picked":["Clash+1","Uppercut","Rampage"],"picked":"SKIP","floor":42},{"not_picked":["Second Wind+1","Wild Strike","Warcry"],"picked":"SKIP","floor":44},{"not_picked":["Anger+1","Body Slam","Flex+1"],"picked":"SKIP","floor":45},{"not_picked":["Cleave","Seeing Red"],"picked":"Whirlwind+1","floor":46},{"not_picked":["Armaments","Clash","Juggernaut"],"picked":"SKIP","floor":47},{"not_picked":["Rupture+1","Searing Blow+1","Whirlwind"],"picked":"SKIP","floor":48}],"player_experience":387772,"relics_obtained":[{"floor":6.0,"key":"Strawberry"},{"floor":8.0,"key":"Centennial Puzzle"},{"floor":9.0,"key":"Blue Candle"},{"floor":10.0,"key":"Bag of Marbles"},{"floor":12.0,"key":"Magic Flower"},{"floor":14.0,"key":"The Courier"},{"floor":20,"key":"Red Mask"},{"floor":23,"key":"Letter Opener"},{"floor":26,"key":"War Paint"},{"floor":40,"key":"Mummified Hand"},{"floor":42,"key":"Dream Catcher"},{"floor":43,"key":"Bag of Preparation"},{"floor":44,"key":"StoneCalendar"}],"event_choices":[{"event_name":"Shining Light","player_choice":"Ignored","floor":13.0,"damage_taken":0.0},{"event_name":"Masked Bandits","player_choice":"Fought Bandits","floor":20,"damage_taken":0},{"event_name":"The Mausoleum","player_choice":"Yes","floor":25,"damage_taken":0},{"event_name":"Vampires","player_choice":"Ignored","floor":28,"damage_taken":0},{"event_name":"Falling","player_choice":"Removed Skill","floor":36,"damage_taken":0},{"event_name":"Winding Halls","player_choice":"Max HP","floor":37,"damage_taken":0}],"is_beta":true,"boss_relics":[{"not_picked":["Lizard Tail","Philosopher\u0027s Stone"],"picked":"Fusion Hammer"},{"not_picked":["Sozu","Empty Cage"],"picked":"Mark of Pain"}],"items_purged_floors":[19,31],"is_endless":false,"potions_floor_spawned":[4,5,8,11,12,14,16,20,21,23,29,33,35,38,42,44,47],"ascension_level":4}