{"gold_per_floor":[117,117,133,58,58,392,392,412,412,412,412,431,431,450,450,524,524,544,231,247,260,260,260,460,460,460,487,506,516,516,546,546,620,620,636,636,636,736,736,763,763,763],"floor_reached":42,"playtime":1730,"items_purged":["Decay","Strike_G"],"score":947,"play_id":"e3f2c2bf-924f-4d05-9814-7e1d762cc04e","local_time":"20181109201955","is_ascension_mode":true,"campfire_choices":[{"floor":7.0,"key":"REST"},{"data":"Neutralize","floor":10.0,"key":"SMITH"},{"data":"Dagger Spray","floor":13.0,"key":"SMITH"},{"data":"1","floor":15.0,"key":"LIFT"},{"floor":23.0,"key":"REST"},{"data":"2","floor":25.0,"key":"LIFT"},{"floor":30.0,"key":"REST"},{"floor":32.0,"key":"REST"},{"floor":41.0,"key":"REST"}],"neow_cost":"NONE","seed_source_timestamp":2527614021590,"circlet_count":0,"master_deck":["AscendersBane","Defend_G","Defend_G+1","Defend_G+1","Strike_G","Strike_G","Survivor","Neutralize+1","Malaise+1","Storm of Steel+1","A Thousand Cuts+1","Backflip","Adrenaline","Parasite","Dagger Spray+1","Corpse Explosion","Dash","Terror","Acrobatics+1","Deadly Poison+1","Calculated Gamble+1","Chrysalis+1","PiercingWail+1","Footwork+1"],"special_seed":0,"relics":["Astrolabe","Old Coin","Girya","Fusion Hammer","OrangePellets","Toxic Egg 2","Potion Belt","Juzu Bracelet","White Beast Statue","Incense Burner","Nunchaku"],"potions_floor_usage":[42,42],"damage_taken":[{"damage":5.0,"enemies":"Small Slimes","floor":1.0,"turns":4.0},{"damage":4.0,"enemies":"Cultist","floor":3.0,"turns":4.0},{"damage":26.0,"enemies":"3 Sentries","floor":6.0,"turns":8.0},{"damage":8.0,"enemies":"2 Louse","floor":8.0,"turns":3.0},{"damage":9.0,"enemies":"Blue Slaver","floor":12.0,"turns":4.0},{"damage":4.0,"enemies":"Large Slime","floor":14.0,"turns":5.0},{"damage":0.0,"enemies":"Slime Boss","floor":16.0,"turns":6.0},{"damage":0.0,"enemies":"Chosen","floor":18.0,"turns":3.0},{"damage":2.0,"enemies":"Shell Parasite","floor":20.0,"turns":5.0},{"damage":6.0,"enemies":"Cultist and Chosen","floor":21.0,"turns":3.0},{"damage":24.0,"enemies":"Gremlin Leader","floor":27.0,"turns":6.0},{"damage":11.0,"enemies":"Centurion and Healer","floor":28.0,"turns":5.0},{"damage":13.0,"enemies":"Snake Plant","floor":29.0,"turns":4.0},{"damage":6.0,"enemies":"Book of Stabbing","floor":31.0,"turns":6.0},{"damage":24.0,"enemies":"Champ","floor":33.0,"turns":12.0},{"damage":12.0,"enemies":"3 Shapes","floor":35.0,"turns":2.0},{"damage":8.0,"enemies":"Mind Bloom Boss Battle","floor":38.0,"turns":7.0},{"damage":36.0,"enemies":"Giant Head","floor":40.0,"turns":8.0},{"damage":38,"enemies":"Nemesis","floor":42,"turns":2}],"seed_played":"-9170366860436806834","potions_obtained":[{"floor":1.0,"key":"Ancient Potion"},{"floor":12.0,"key":"Swift Potion"},{"floor":16.0,"key":"Dexterity Potion"},{"floor":27.0,"key":"Dexterity Potion"},{"floor":29.0,"key":"Fire Potion"},{"floor":31.0,"key":"Dexterity Potion"},{"floor":35.0,"key":"Regen Potion"},{"floor":38.0,"key":"Swift Potion"},{"floor":40.0,"key":"AttackPotion"}],"is_trial":false,"path_per_floor":["M","?","M","$","?","E","R","M","T","R","?","M","R","M","R","B",null,"M","$","M","M","?","R","?","R","T","E","M","M","R","E","R","B",null,"M","?","?","?","?","E","R","E"],"character_chosen":"THE_SILENT","items_purchased":["OrangePellets"],"campfire_rested":5,"item_purchase_floors":[19],"current_hp_per_floor":[54,54,50,50,30,4,23,15,15,15,31,22,22,18,18,18,54,54,54,52,46,28,49,49,49,49,25,14,1,22,16,37,13,57,45,45,45,37,37,16,36,0],"gold":763,"neow_bonus":"BOSS_RELIC","is_prod":false,"is_daily":false,"chose_seed":false,"campfire_upgraded":2,"win_rate":0,"timestamp":1541765995,"path_taken":["M","?","?","$","?","E","R","M","T","R","?","M","R","M","R","BOSS","M","$","M","M","?","R","?","R","T","E","?","M","R","E","R","BOSS","M","?","?","?","?","E","R","E"],"build_version":"2018-11-08","purchased_purges":2,"victory":false,"max_hp_per_floor":[66,66,66,66,66,66,66,66,66,66,66,66,66,66,66,66,66,66,66,66,66,71,71,71,71,71,71,71,71,71,71,71,71,71,71,71,71,71,67,67,67,67],"card_choices":[{"not_picked":["Caltrops","Riddle With Holes","Cloak And Dagger"],"picked":"SKIP","floor":1.0},{"not_picked":["Blade Dance","Flechettes","Endless Agony"],"picked":"SKIP","floor":3.0},{"not_picked":["Outmaneuver","Bane"],"picked":"Backflip","floor":6.0},{"not_picked":["Quick Slash","Acrobatics"],"picked":"Adrenaline","floor":8.0},{"not_picked":["PiercingWail","Cloak And Dagger"],"picked":"Dagger Spray","floor":12.0},{"not_picked":["Acrobatics","Catalyst","Deflect"],"picked":"SKIP","floor":14.0},{"not_picked":["Die Die Die","Wraith Form v2"],"picked":"Corpse Explosion","floor":16.0},{"not_picked":["Prepared","Caltrops+1"],"picked":"Dash","floor":18.0},{"not_picked":["Blade Dance","Backflip"],"picked":"Terror","floor":20.0},{"not_picked":["Poisoned Stab","Backstab+1","Deadly Poison+1"],"picked":"SKIP","floor":21.0},{"not_picked":["Sucker Punch+1","Outmaneuver+1","Night Terror+1"],"picked":"SKIP","floor":27.0},{"not_picked":["Blade Dance+1","Dagger Spray","Endless Agony"],"picked":"SKIP","floor":28.0},{"not_picked":["Dagger Throw","Deflect+1"],"picked":"Acrobatics+1","floor":29.0},{"not_picked":["Dagger Spray","Infinite Blades"],"picked":"Deadly Poison+1","floor":31.0},{"not_picked":["Prepared+1","Deflect+1"],"picked":"Calculated Gamble+1","floor":35.0},{"not_picked":["Panache","Finesse+1"],"picked":"Chrysalis+1","floor":36.0},{"not_picked":["Quick Slash","Acrobatics+1"],"picked":"PiercingWail+1","floor":38.0},{"not_picked":["Dagger Spray+1","PiercingWail+1"],"picked":"Footwork+1","floor":40.0}],"player_experience":520204,"relics_obtained":[{"floor":6.0,"key":"Old Coin"},{"floor":9.0,"key":"Girya"},{"floor":26.0,"key":"Toxic Egg 2"},{"floor":27.0,"key":"Potion Belt"},{"floor":31.0,"key":"Juzu Bracelet"},{"floor":38.0,"key":"Incense Burner"},{"floor":40.0,"key":"Nunchaku"}],"event_choices":[{"damage_healed":0.0,"max_hp_gain":0.0,"max_hp_loss":0.0,"gold_gain":0.0,"event_name":"Wheel of Change","player_choice":"Cursed","floor":2.0,"gold_loss":0.0,"damage_taken":0.0,"cards_obtained":["Decay"]},{"damage_healed":0.0,"max_hp_gain":0.0,"max_hp_loss":0.0,"gold_gain":0.0,"event_name":"Shining Light","player_choice":"Entered Light","floor":5.0,"gold_loss":0.0,"damage_taken":20.0,"cards_upgraded":["Defend_G","Defend_G"]},{"damage_healed":16.0,"max_hp_gain":0.0,"max_hp_loss":0.0,"gold_gain":0.0,"event_name":"Mushrooms","player_choice":"Healed and dodged fight","floor":11.0,"gold_loss":0.0,"damage_taken":0.0,"cards_obtained":["Parasite"]},{"damage_healed":0.0,"max_hp_gain":5.0,"max_hp_loss":0.0,"gold_gain":0.0,"event_name":"Forgotten Altar","player_choice":"Shed Blood","floor":22.0,"gold_loss":0.0,"damage_taken":23.0},{"damage_healed":0.0,"max_hp_gain":0.0,"max_hp_loss":0.0,"gold_gain":250.0,"event_name":"The Joust","player_choice":"Bet on Owner","floor":24.0,"gold_loss":50.0,"damage_taken":0.0},{"damage_healed":0.0,"max_hp_gain":0.0,"max_hp_loss":0.0,"gold_gain":0.0,"event_name":"SensoryStone","player_choice":"Memory 1","floor":36.0,"gold_loss":0.0,"damage_taken":0.0},{"cards_removed":["Defend_G"],"damage_healed":0.0,"max_hp_gain":0.0,"max_hp_loss":0.0,"gold_gain":0.0,"event_name":"Falling","player_choice":"Removed Skill","floor":37.0,"gold_loss":0.0,"damage_taken":0.0},{"damage_healed":0.0,"max_hp_gain":0.0,"max_hp_loss":0.0,"gold_gain":0.0,"event_name":"MindBloom","player_choice":"Fight","floor":38.0,"gold_loss":0.0,"damage_taken":0.0},{"damage_healed":0.0,"max_hp_gain":0.0,"max_hp_loss":4.0,"gold_gain":0.0,"event_name":"Winding Halls","player_choice":"Max HP","floor":39.0,"gold_loss":0.0,"damage_taken":0.0}],"is_beta":true,"boss_relics":[{"not_picked":["Runic Dome","Busted Crown"],"picked":"Fusion Hammer"},{"not_picked":["Sozu","WristBlade"],"picked":"White Beast Statue"}],"items_purged_floors":[4,19],"is_endless":false,"potions_floor_spawned":[1,12,14,16,21,27,29,31,35,38,40],"killed_by":"Nemesis","ascension_level":16}