{"gold_per_floor":[119,119,119,194,45,45,65,65,139,157,66,66,104,180,180,311,311,327,327,346,306,112,146,146,160,160,172,202,235,260,297,309,445,457,492,517,529,561,25,25,40,40,65,65,65,15,15,33,33,33],"floor_reached":51,"playtime":4860,"items_purged":["Pain","Defend_B","Doubt"],"score":740,"play_id":"30c3ddd4-c467-45b3-882a-ca84fb9758a4","local_time":"20190808224812","is_ascension_mode":false,"campfire_choices":[{"floor":6,"key":"REST"},{"data":"White Noise","floor":8,"key":"SMITH"},{"data":"Discovery","floor":12,"key":"SMITH"},{"floor":15,"key":"REST"},{"floor":24,"key":"REST"},{"floor":27,"key":"REST"},{"floor":32,"key":"REST"},{"data":"Thinking Ahead","floor":40,"key":"SMITH"},{"data":"Machine Learning","floor":42,"key":"SMITH"},{"floor":49,"key":"REST"}],"neow_cost":"CURSE","seed_source_timestamp":466711730031454,"circlet_count":0,"master_deck":["Defend_B","Zap","Dualcast","Gash","Machine Learning+1","Gash","White Noise+1","Ball Lightning","Discovery+1","Conserve Battery+1","Force Field","Echo Form","Melter+1","Go for the Eyes+1","Barrage+1","Cold Snap+1","Hologram","Thinking Ahead+1","Chill","Glacier","Force Field+1","Coolheaded","All For One","White Noise+1","Cold Snap+1","Gash+1","Hologram+1","Secret Technique","Madness","Madness","Normality","Gash"],"relics":["Cracked Core","Golden Idol","Mango","Darkstone Periapt","Blood Vial","Smiling Mask","Astrolabe","Gremlin Horn","MawBank","Cursed Key","Toolbox","Incense Burner","Regal Pillow","Thread and Needle"],"potions_floor_usage":[13,16,38,48,50],"damage_taken":[{"damage":8,"enemies":"Jaw Worm","floor":1,"turns":4},{"damage":6,"enemies":"2 Louse","floor":7,"turns":3},{"damage":0,"enemies":"Small Slimes","floor":10,"turns":2},{"damage":21,"enemies":"Lagavulin","floor":13,"turns":4},{"damage":21,"enemies":"Gremlin Nob","floor":14,"turns":4},{"damage":12,"enemies":"Hexaghost","floor":16,"turns":9},{"damage":33,"enemies":"2 Thieves","floor":18,"turns":4},{"damage":2,"enemies":"Chosen","floor":20,"turns":5},{"damage":57,"enemies":"Gremlin Leader","floor":23,"turns":7},{"damage":12,"enemies":"Snecko","floor":25,"turns":7},{"damage":0,"enemies":"Sentry and Sphere","floor":28,"turns":2},{"damage":7,"enemies":"Snake Plant","floor":29,"turns":7},{"damage":2,"enemies":"Centurion and Healer","floor":30,"turns":10},{"damage":0,"enemies":"Snecko","floor":31,"turns":5},{"damage":5,"enemies":"Champ","floor":33,"turns":12},{"damage":0,"enemies":"Orb Walker","floor":35,"turns":4},{"damage":4,"enemies":"3 Shapes","floor":36,"turns":5},{"damage":1,"enemies":"Maw","floor":38,"turns":9},{"damage":22,"enemies":"4 Shapes","floor":41,"turns":4},{"damage":20,"enemies":"Transient","floor":48,"turns":5},{"damage":28,"enemies":"Donu and Deca","floor":50,"turns":10}],"seed_played":"-3001279853662373711","potions_obtained":[{"floor":7,"key":"Fruit Juice"},{"floor":10,"key":"FocusPotion"},{"floor":25,"key":"FocusPotion"},{"floor":29,"key":"SpeedPotion"},{"floor":31,"key":"SpeedPotion"},{"floor":35,"key":"Energy Potion"},{"floor":41,"key":"Dexterity Potion"}],"is_trial":false,"path_per_floor":["M","?","?","?","$","R","M","R","T","M","$","R","E","?","R","B",null,"M","?","M","?","$","E","R","M","T","R","M","M","M","M","R","B",null,"M","M","?","M","$","R","M","R","T","?","?","$","T","M","R","B",null],"character_chosen":"DEFECT","items_purchased":["White Noise","Discovery","Thinking Ahead","Toolbox","Incense Burner"],"campfire_rested":6,"item_purchase_floors":[5,11,22,39,39],"current_hp_per_floor":[67,49,38,27,27,53,47,47,47,47,47,47,31,12,40,30,94,61,61,61,61,61,6,34,24,24,52,54,49,49,51,79,76,94,94,90,90,91,91,91,71,71,77,77,64,64,70,52,98,72],"gold":33,"neow_bonus":"TRANSFORM_TWO_CARDS","is_prod":false,"is_daily":false,"chose_seed":false,"campfire_upgraded":4,"win_rate":0.0,"timestamp":1565297292,"path_taken":["M","?","?","?","?","R","M","R","T","?","?","R","E","?","R","BOSS","M","?","?","?","$","E","R","M","T","R","M","M","?","M","R","BOSS","M","?","?","M","$","R","?","R","T","?","?","$","?","M","R","BOSS"],"build_version":"2019-07-17","purchased_purges":3,"victory":true,"max_hp_per_floor":[75,75,89,89,89,89,89,89,89,89,89,89,94,94,94,94,94,94,94,94,94,94,94,94,94,94,94,94,94,94,94,94,94,94,94,94,94,94,94,94,94,94,100,100,100,100,106,106,106,106],"card_choices":[{"not_picked":["Leap","Beam Cell"],"picked":"Gash","floor":1},{"not_picked":["Genetic Algorithm","Hologram"],"picked":"Ball Lightning","floor":7},{"not_picked":["BootSequence","Stack","Beam Cell"],"picked":"SKIP","floor":10},{"not_picked":["Blizzard","Compile Driver"],"picked":"Conserve Battery","floor":13},{"not_picked":["Double Energy","Storm"],"picked":"Force Field","floor":14},{"not_picked":["Thunder Strike","Rainbow"],"picked":"Echo Form","floor":16},{"not_picked":["Compile Driver","Sweeping Beam"],"picked":"Cold Snap+1","floor":18},{"not_picked":["Rebound","Sweeping Beam"],"picked":"Hologram","floor":20},{"not_picked":["Steam Power","Rebound"],"picked":"Chill","floor":23},{"not_picked":["Beam Cell","Chaos"],"picked":"Glacier","floor":25},{"not_picked":["Lockon","Undo+1"],"picked":"Force Field+1","floor":28},{"not_picked":["Streamline","Go for the Eyes"],"picked":"Coolheaded","floor":29},{"not_picked":["Hologram","Skim+1","Steam"],"picked":"SKIP","floor":30},{"not_picked":["Auto Shields","Storm","Steam"],"picked":"SKIP","floor":31},{"not_picked":["Seek","Creative AI"],"picked":"All For One","floor":33},{"not_picked":["Hologram","Steam+1"],"picked":"White Noise+1","floor":35},{"not_picked":["Hologram","Redo"],"picked":"Cold Snap+1","floor":36},{"not_picked":["Coolheaded+1","Compile Driver"],"picked":"Gash+1","floor":38},{"not_picked":["Double Energy","Melter+1"],"picked":"Hologram+1","floor":41},{"not_picked":["Apotheosis","The Bomb"],"picked":"Secret Technique","floor":44},{"not_picked":["Lockon+1","Conserve Battery+1"],"picked":"Gash","floor":48}],"player_experience":48843,"relics_obtained":[{"floor":9,"key":"Darkstone Periapt"},{"floor":13,"key":"Blood Vial"},{"floor":14,"key":"Smiling Mask"},{"floor":23,"key":"Gremlin Horn"},{"floor":26,"key":"MawBank"},{"floor":43,"key":"Regal Pillow"},{"floor":47,"key":"Thread and Needle"}],"event_choices":[{"damage_healed":0,"gold_gain":0,"player_choice":"Take Damage","damage_taken":18,"relics_obtained":["Golden Idol"],"max_hp_gain":0,"max_hp_loss":0,"event_name":"Golden Idol","floor":2,"gold_loss":0},{"damage_healed":0,"gold_gain":0,"player_choice":"Success","damage_taken":25,"relics_obtained":["Mango"],"max_hp_gain":0,"max_hp_loss":0,"event_name":"Scrap Ooze","floor":3,"gold_loss":0},{"damage_healed":0,"gold_gain":75,"player_choice":"Gather Gold","damage_taken":11,"max_hp_gain":0,"max_hp_loss":0,"event_name":"World of Goop","floor":4,"gold_loss":0},{"damage_healed":0,"gold_gain":0,"player_choice":"Searched \u00272\u0027 times","damage_taken":0,"max_hp_gain":0,"max_hp_loss":0,"event_name":"Dead Adventurer","floor":14,"gold_loss":0},{"cards_removed":["Defend_B"],"damage_healed":0,"gold_gain":0,"player_choice":"Purged","damage_taken":0,"max_hp_gain":0,"max_hp_loss":0,"event_name":"Purifier","floor":19,"gold_loss":0},{"damage_healed":0,"gold_gain":0,"player_choice":"Upgrade","damage_taken":0,"max_hp_gain":0,"max_hp_loss":0,"event_name":"Designer","floor":21,"gold_loss":40,"cards_upgraded":["Conserve Battery"]},{"damage_healed":0,"gold_gain":0,"player_choice":"Ignored","damage_taken":0,"max_hp_gain":0,"max_hp_loss":0,"event_name":"SecretPortal","floor":37,"gold_loss":0},{"damage_healed":0,"gold_gain":0,"player_choice":"Memory 1","damage_taken":0,"max_hp_gain":0,"max_hp_loss":0,"event_name":"SensoryStone","floor":44,"gold_loss":0},{"damage_healed":0,"gold_gain":0,"player_choice":"Embrace Madness","damage_taken":13,"max_hp_gain":0,"max_hp_loss":0,"event_name":"Winding Halls","floor":45,"gold_loss":0,"cards_obtained":["Madness","Madness"]}],"is_beta":false,"boss_relics":[{"not_picked":["Runic Pyramid","Coffee Dripper"],"picked":"Astrolabe"},{"not_picked":["Busted Crown","Snecko Eye"],"picked":"Cursed Key"}],"items_purged_floors":[5,39,46],"is_endless":false,"potions_floor_spawned":[7,10,23,25,29,31,35,41],"ascension_level":0}