{"gold_per_floor":[113,35,51,51,51,77,77,112,112,122,134,29,29,46,46,46],"floor_reached":16,"playtime":646,"items_purged":[],"score":193,"play_id":"404a4af2-ef04-497e-b67d-b7fad136c341","local_time":"20190208211645","is_ascension_mode":true,"campfire_choices":[{"floor":7.0,"key":"REST"},{"data":"Accuracy","floor":15,"key":"SMITH"}],"neow_cost":"NONE","seed_source_timestamp":7268930543748,"circlet_count":0,"master_deck":["AscendersBane","Defend_G","Defend_G","Defend_G+1","Defend_G","Defend_G","Strike_G","Strike_G","Strike_G","Strike_G","Survivor","Neutralize+1","Predator","Grand Finale","Reflex+1","Storm of Steel","Backflip","Escape Plan","Acrobatics","Accuracy+1"],"special_seed":0,"relics":["Ring of the Snake","Mercury Hourglass","Vajra","Juzu Bracelet"],"potions_floor_usage":[16],"damage_taken":[{"damage":1.0,"enemies":"Small Slimes","floor":1.0,"turns":5.0},{"damage":2.0,"enemies":"2 Louse","floor":3.0,"turns":3.0},{"damage":33.0,"enemies":"3 Sentries","floor":6.0,"turns":10.0},{"damage":17.0,"enemies":"Gremlin Nob","floor":8.0,"turns":5.0},{"damage":0.0,"enemies":"Cultist","floor":10.0,"turns":3.0},{"damage":0.0,"enemies":"Exordium Wildlife","floor":11.0,"turns":3.0},{"damage":0,"enemies":"Large Slime","floor":14,"turns":4},{"damage":5,"enemies":"Hexaghost","floor":16,"turns":9}],"seed_played":"-1674245944763039254","potions_obtained":[{"floor":3.0,"key":"AttackPotion"},{"floor":10.0,"key":"EssenceOfSteel"},{"floor":11.0,"key":"EssenceOfSteel"}],"is_trial":false,"path_per_floor":["M","$","M","?","?","E","R","E","T","M","M","$","?","M","R","B"],"character_chosen":"THE_SILENT","items_purchased":["Grand Finale","SmokeBomb"],"campfire_rested":1,"item_purchase_floors":[2,12],"current_hp_per_floor":[58,58,56,36,36,3,22,5,5,5,5,5,5,5,5,0],"gold":46,"neow_bonus":"UPGRADE_CARD","is_prod":false,"is_daily":false,"chose_seed":false,"campfire_upgraded":1,"win_rate":0,"timestamp":1549631805,"path_taken":["M","$","M","?","?","E","R","E","T","M","M","$","?","M","R","BOSS"],"build_version":"2019-02-06","purchased_purges":0,"victory":false,"max_hp_per_floor":[66,66,66,66,66,66,66,66,66,66,66,66,66,66,66,66],"card_choices":[{"not_picked":["Deadly Poison","Masterful Stab"],"picked":"Predator","floor":1.0},{"not_picked":["Dagger Spray","PiercingWail"],"picked":"Reflex","floor":3.0},{"not_picked":["Blade Dance","Dagger Spray"],"picked":"Backflip","floor":6.0},{"not_picked":["A Thousand Cuts","Bullet Time","Sucker Punch"],"picked":"SKIP","floor":8.0},{"not_picked":["Outmaneuver","Prepared"],"picked":"Escape Plan","floor":10.0},{"not_picked":["Terror","Caltrops"],"picked":"Acrobatics","floor":11.0},{"not_picked":["Calculated Gamble","Blade Dance"],"picked":"Accuracy","floor":14}],"player_experience":759076,"relics_obtained":[{"floor":6.0,"key":"Mercury Hourglass"},{"floor":8.0,"key":"Vajra"},{"floor":9.0,"key":"Juzu Bracelet"}],"event_choices":[{"damage_healed":0.0,"max_hp_gain":0.0,"max_hp_loss":0.0,"gold_gain":0.0,"event_name":"Shining Light","player_choice":"Entered Light","floor":4.0,"gold_loss":0.0,"damage_taken":20.0,"cards_upgraded":["Reflex","Defend_G"]},{"damage_healed":0.0,"max_hp_gain":0.0,"max_hp_loss":0.0,"gold_gain":0.0,"cards_transformed":["Strike_G"],"event_name":"Living Wall","player_choice":"Change","floor":5.0,"gold_loss":0.0,"damage_taken":0.0,"cards_obtained":["Storm of Steel"]},{"damage_healed":0,"gold_gain":0,"player_choice":"Fled","damage_taken":0,"max_hp_gain":0,"max_hp_loss":0,"event_name":"Scrap Ooze","floor":13,"gold_loss":0}],"is_beta":true,"boss_relics":[],"items_purged_floors":[],"is_endless":false,"potions_floor_spawned":[3,10,11,14],"killed_by":"Hexaghost","ascension_level":15}