{"gold_per_floor":[110,123,48,48,65,65,92,92,118,149,149,66,84,101,101,178,178,198,218,218,233,233,233,333,333,407,407,419,419,68,102,102,174,174,194,94,94,494,91,121,121,133,180,180,180,210,210,222,222,222,222,222,222,18,52,52],"floor_reached":56,"playtime":2987,"items_purged":["Normality","Defend_B","Defend_B"],"score":1997,"play_id":"6691ab4c-7526-4bc9-9e08-87ba23946796","local_time":"20181216130559","is_ascension_mode":true,"campfire_choices":[{"data":"Darkness","floor":6.0,"key":"SMITH"},{"data":"Darkness","floor":8.0,"key":"SMITH"},{"data":"Redo","floor":11.0,"key":"SMITH"},{"data":"Dualcast","floor":15.0,"key":"SMITH"},{"data":"Multi-Cast","floor":23.0,"key":"SMITH"},{"floor":25.0,"key":"REST"},{"data":"Skim","floor":27.0,"key":"SMITH"},{"data":"Reinforced Body","floor":32.0,"key":"SMITH"},{"data":"Hologram","floor":41.0,"key":"SMITH"},{"data":"Turbo","floor":45.0,"key":"SMITH"},{"floor":49.0,"key":"RECALL"},{"data":"Coolheaded","floor":53.0,"key":"SMITH"}],"neow_cost":"NONE","seed_source_timestamp":342123460560,"circlet_count":0,"master_deck":["AscendersBane","Defend_B","Zap+1","Dualcast+1","Darkness+1","Skim+1","Coolheaded+1","Redo+1","Darkness+1","Undo","Multi-Cast+1","Turbo+1","Leap+1","Reinforced Body+1","Electrodynamics","Reprogram","Biased Cognition","Core Surge","Self Repair","Hologram+1","Redo+1","Injury","Recycle+1","Dark Shackles","Reinforced Body"],"special_seed":0,"relics":["Cracked Core","NeowsBlessing","Strawberry","Blood Vial","Calipers","Cursed Key","Thread and Needle","Question Card","Symbiotic Virus","War Paint","Lantern","Runic Pyramid","Old Coin","DollysMirror","Ginger","Centennial Puzzle","Ice Cream"],"potions_floor_usage":[56,56],"damage_taken":[{"damage":0.0,"enemies":"2 Louse","floor":1.0,"turns":1.0},{"damage":0.0,"enemies":"Cultist","floor":2.0,"turns":1.0},{"damage":0.0,"enemies":"Jaw Worm","floor":5.0,"turns":1.0},{"damage":25.0,"enemies":"3 Sentries","floor":7.0,"turns":8.0},{"damage":34.0,"enemies":"Gremlin Nob","floor":10.0,"turns":4.0},{"damage":1.0,"enemies":"Looter","floor":13.0,"turns":4.0},{"damage":0.0,"enemies":"Large Slime","floor":14.0,"turns":4.0},{"damage":1.0,"enemies":"Hexaghost","floor":16.0,"turns":7.0},{"damage":16.0,"enemies":"2 Thieves","floor":18.0,"turns":3.0},{"damage":14.0,"enemies":"Spheric Guardian","floor":19.0,"turns":5.0},{"damage":18.0,"enemies":"Snake Plant","floor":21.0,"turns":3.0},{"damage":0.0,"enemies":"Chosen and Byrds","floor":22.0,"turns":1.0},{"damage":14.0,"enemies":"Colosseum Slavers","floor":24.0,"turns":3.0},{"damage":22.0,"enemies":"Colosseum Nobs","floor":24.0,"turns":3.0},{"damage":10.0,"enemies":"Cultist and Chosen","floor":28.0,"turns":4.0},{"damage":0.0,"enemies":"Book of Stabbing","floor":31.0,"turns":2.0},{"damage":6.0,"enemies":"Automaton","floor":33.0,"turns":9.0},{"damage":2.0,"enemies":"Orb Walker","floor":35.0,"turns":2.0},{"damage":0.0,"enemies":"Mind Bloom Boss Battle","floor":38.0,"turns":4.0},{"damage":30.0,"enemies":"Giant Head","floor":40.0,"turns":7.0},{"damage":13.0,"enemies":"3 Darklings","floor":42.0,"turns":3.0},{"damage":0.0,"enemies":"Nemesis","floor":46.0,"turns":5.0},{"damage":0.0,"enemies":"Sphere and 2 Shapes","floor":48.0,"turns":3.0},{"damage":22.0,"enemies":"Donu and Deca","floor":50.0,"turns":5.0},{"damage":28.0,"enemies":"Time Eater","floor":51.0,"turns":4.0},{"damage":38.0,"enemies":"Shield and Spear","floor":55.0,"turns":3.0},{"damage":73,"enemies":"The Heart","floor":56,"turns":6}],"seed_played":"-5846756518158779808","potions_obtained":[{"floor":2.0,"key":"Poison Potion"},{"floor":7.0,"key":"SpeedPotion"},{"floor":10.0,"key":"SmokeBomb"},{"floor":24.0,"key":"SteroidPotion"},{"floor":28.0,"key":"SteroidPotion"}],"is_trial":false,"path_per_floor":["M","M","?","?","M","R","E","R","T","E","R","$","M","M","R","B",null,"M","M","?","M","M","R","?","R","T","R","M","?","$","E","R","B",null,"M","$","?","?","$","E","R","M","T","?","R","E","?","M","R","B","B",null,"R","$","E","B"],"character_chosen":"DEFECT","items_purchased":["Undo","SkillPotion","Energy Potion","War Paint","Hologram","DollysMirror","Dexterity Potion","Dark Shackles","Strength Potion"],"campfire_rested":1,"item_purchase_floors":[12,30,30,30,39,39,54,54,54],"current_hp_per_floor":[64,64,64,64,64,64,46,46,46,14,14,14,15,17,17,18,63,49,37,78,60,62,62,30,53,53,53,45,45,45,47,47,43,69,69,69,69,71,71,50,50,39,39,39,39,48,48,50,50,37,18,63,63,63,34,0],"gold":52,"neow_bonus":"THREE_ENEMY_KILL","is_prod":false,"is_daily":false,"chose_seed":false,"campfire_upgraded":10,"win_rate":0,"timestamp":1544936759,"path_taken":["M","M","?","?","?","R","E","R","T","E","R","$","M","M","R","BOSS","M","M","?","?","M","R","?","R","T","R","M","?","$","E","R","BOSS","M","$","?","?","$","E","R","M","T","?","R","E","?","?","R","BOSS","BOSS","R","$","E","BOSS"],"build_version":"2018-12-13","purchased_purges":3,"victory":false,"max_hp_per_floor":[71,71,71,71,71,71,78,78,78,78,78,78,78,78,78,78,78,78,78,78,78,78,78,78,78,78,78,78,78,78,78,78,78,78,78,78,78,78,78,78,78,78,78,78,78,78,78,78,78,78,78,78,78,78,78,78],"card_choices":[{"not_picked":["Ball Lightning","Streamline"],"picked":"Darkness","floor":1.0},{"not_picked":["Tempest","Conserve Battery"],"picked":"Skim","floor":2.0},{"not_picked":["Reinforced Body","Rebound"],"picked":"Redo","floor":5.0},{"not_picked":["Tempest","Reprogram"],"picked":"Darkness","floor":7.0},{"not_picked":["Rip and Tear","Creative AI","Chaos"],"picked":"SKIP","floor":10.0},{"not_picked":["Turbo","Barrage","Streamline"],"picked":"SKIP","floor":13.0},{"not_picked":["Cold Snap","Steam Power","Compile Driver"],"picked":"SKIP","floor":14.0},{"not_picked":["Fission","Biased Cognition"],"picked":"Multi-Cast","floor":16.0},{"not_picked":["Hologram","Go for the Eyes"],"picked":"Turbo","floor":18.0},{"not_picked":["Fusion","Compile Driver"],"picked":"Defragment","floor":19.0},{"not_picked":["Cold Snap","Streamline","Meteor Strike"],"picked":"SKIP","floor":21.0},{"not_picked":["Barrage","Turbo"],"picked":"Leap","floor":24.0},{"not_picked":["Skim","Beam Cell","Ball Lightning"],"picked":"Reinforced Body","floor":28.0},{"not_picked":["Rainbow","Gash","Tempest"],"picked":"Biased Cognition","floor":31.0},{"not_picked":["Echo Form","Fission","Amplify"],"picked":"Core Surge","floor":33.0},{"not_picked":["Reprogram","Stack+1","Cold Snap","Sunder"],"picked":"SKIP","floor":35.0},{"not_picked":["Hello World","Go for the Eyes","Recycle"],"picked":"Self Repair","floor":38.0},{"not_picked":["Hello World+1","Go for the Eyes","Barrage","Steam"],"picked":"SKIP","floor":40.0},{"not_picked":["FTL","Streamline","Coolheaded","Go for the Eyes"],"picked":"SKIP","floor":42.0},{"not_picked":["Streamline+1","Static Discharge","Ball Lightning+1"],"picked":"Recycle+1","floor":46.0},{"not_picked":["Turbo","Thunder Strike","FTL+1","Tempest"],"picked":"SKIP","floor":48.0},{"not_picked":["Reinforced Body","FTL","Coolheaded","Turbo"],"picked":"SKIP","floor":55.0},{"not_picked":["FTL","Coolheaded","Turbo"],"picked":"Reinforced Body","floor":55.0}],"player_experience":623296,"relics_obtained":[{"floor":7.0,"key":"Strawberry"},{"floor":9.0,"key":"Blood Vial"},{"floor":10.0,"key":"Calipers"},{"floor":24.0,"key":"Thread and Needle"},{"floor":24.0,"key":"Question Card"},{"floor":26.0,"key":"Symbiotic Virus"},{"floor":31.0,"key":"Lantern"},{"floor":38.0,"key":"Old Coin"},{"floor":40.0,"key":"Ginger"},{"floor":46.0,"key":"Centennial Puzzle"},{"floor":55.0,"key":"Ice Cream"}],"event_choices":[{"cards_removed":["Strike_B"],"damage_healed":0.0,"max_hp_gain":0.0,"max_hp_loss":0.0,"gold_gain":0.0,"event_name":"The Cleric","player_choice":"Card Removal","floor":3.0,"gold_loss":75.0,"damage_taken":0.0},{"damage_healed":0.0,"max_hp_gain":0.0,"max_hp_loss":0.0,"gold_gain":0.0,"cards_transformed":["Strike_B"],"event_name":"Transmorgrifier","player_choice":"Transformed","floor":4.0,"gold_loss":0.0,"damage_taken":0.0,"cards_obtained":["Coolheaded"]},{"cards_removed":["Defragment"],"damage_healed":41.0,"max_hp_gain":0.0,"max_hp_loss":0.0,"gold_gain":0.0,"event_name":"Bonfire Elementals","player_choice":"Offered Uncommon","floor":20.0,"gold_loss":0.0,"damage_taken":0.0},{"damage_healed":0.0,"max_hp_gain":0.0,"max_hp_loss":0.0,"gold_gain":0.0,"event_name":"Colosseum","player_choice":"Fight","floor":24.0,"gold_loss":0.0,"damage_taken":0.0},{"damage_healed":0.0,"max_hp_gain":0.0,"max_hp_loss":0.0,"gold_gain":0.0,"event_name":"Colosseum","player_choice":"Fought Nobs","floor":24.0,"gold_loss":0.0,"damage_taken":0.0},{"damage_healed":0.0,"max_hp_gain":0.0,"max_hp_loss":0.0,"gold_gain":0.0,"cards_transformed":["Strike_B","Strike_B"],"event_name":"Drug Dealer","player_choice":"Became Test Subject","floor":29.0,"gold_loss":0.0,"damage_taken":0.0,"cards_obtained":["Electrodynamics","Reprogram"]},{"cards_removed":["Defend_B"],"damage_healed":0.0,"max_hp_gain":0.0,"max_hp_loss":0.0,"gold_gain":0.0,"event_name":"Falling","player_choice":"Removed Skill","floor":37.0,"gold_loss":0.0,"damage_taken":0.0},{"damage_healed":0.0,"max_hp_gain":0.0,"max_hp_loss":0.0,"gold_gain":0.0,"event_name":"MindBloom","player_choice":"Fight","floor":38.0,"gold_loss":0.0,"damage_taken":0.0},{"damage_healed":0.0,"max_hp_gain":0.0,"max_hp_loss":0.0,"gold_gain":0.0,"event_name":"Mysterious Sphere","player_choice":"Ignored","floor":44.0,"gold_loss":0.0,"damage_taken":0.0},{"damage_healed":0.0,"max_hp_gain":0.0,"max_hp_loss":0.0,"gold_gain":0.0,"event_name":"SensoryStone","player_choice":"Memory 1","floor":47.0,"gold_loss":0.0,"damage_taken":0.0}],"is_beta":true,"boss_relics":[{"not_picked":["FrozenCore","White Beast Statue"],"picked":"Cursed Key"},{"not_picked":["Busted Crown","Tiny House"],"picked":"Runic Pyramid"}],"items_purged_floors":[30,36,39],"is_endless":false,"potions_floor_spawned":[2,7,10,13,16,22,24,28,42,46],"killed_by":"The Heart","ascension_level":20}