{"gold_per_floor":[360,372,384,396,415,415,447,447,470,480,337,337,369,423,423,423],"floor_reached":16,"playtime":584,"items_purged":[],"score":179,"play_id":"57f3a7df-18b4-4d09-92c1-c4df9c6a13cc","local_time":"20180823123233","is_ascension_mode":true,"campfire_choices":[{"data":"Darkness","floor":6.0,"key":"SMITH"},{"floor":8.0,"key":"REST"},{"floor":15.0,"key":"REST"}],"neow_cost":"TEN_PERCENT_HP_LOSS","seed_source_timestamp":0,"circlet_count":0,"master_deck":["Strike_B","Strike_B","Strike_B","Strike_B","Defend_B","Defend_B","Defend_B","Defend_B","Zap","Dualcast","AscendersBane","Go for the Eyes","Darkness+1","Leap","Sunder","Glacier","Streamline","Turbo","Melter","Machine Learning","Electrodynamics"],"special_seed":0,"relics":["Cracked Core","Kunai","Omamori","Bronze Scales","Potion Belt"],"potions_floor_usage":[],"damage_taken":[{"damage":1.0,"enemies":"Cultist","floor":1.0,"turns":3.0},{"damage":2.0,"enemies":"2 Louse","floor":2.0,"turns":3.0},{"damage":13.0,"enemies":"Small Slimes","floor":3.0,"turns":3.0},{"damage":6.0,"enemies":"Looter","floor":4.0,"turns":3.0},{"damage":6.0,"enemies":"2 Fungi Beasts","floor":5.0,"turns":2.0},{"damage":21.0,"enemies":"Lagavulin","floor":7.0,"turns":6.0},{"damage":0.0,"enemies":"3 Louse","floor":10.0,"turns":4.0},{"damage":11.0,"enemies":"Gremlin Nob","floor":13.0,"turns":3.0},{"damage":31,"enemies":"Slime Boss","floor":16,"turns":3}],"seed_played":"4044160991514008273","potions_obtained":[{"floor":2.0,"key":"Poison Potion"},{"floor":3.0,"key":"FearPotion"}],"is_trial":false,"path_per_floor":["M","M","M","M","M","R","E","R","T","M","$","?","E","?","R"],"character_chosen":"DEFECT","items_purchased":["Melter","Machine Learning"],"campfire_rested":2,"item_purchase_floors":[11,11],"current_hp_per_floor":[67,65,52,46,40,40,19,39,39,39,39,21,10,10,30,0],"gold":423,"neow_bonus":"TWO_FIFTY_GOLD","is_prod":false,"is_daily":false,"chose_seed":false,"campfire_upgraded":1,"win_rate":0,"timestamp":1534998753,"path_taken":["M","M","?","M","M","R","E","R","T","?","$","?","E","?","R","BOSS"],"build_version":"2018-08-16","purchased_purges":0,"victory":false,"max_hp_per_floor":[68,68,68,68,68,68,68,68,68,68,68,68,68,68,68,68],"card_choices":[{"not_picked":["Coolheaded","Self Repair"],"picked":"Go for the Eyes","floor":1.0},{"not_picked":["Barrage","Conserve Battery"],"picked":"Darkness","floor":2.0},{"not_picked":["Barrage","FTL"],"picked":"Leap","floor":3.0},{"not_picked":["Ball Lightning","Genetic Algorithm"],"picked":"Sunder","floor":4.0},{"not_picked":["Go for the Eyes","Compile Driver"],"picked":"Glacier","floor":5.0},{"not_picked":["Gash","Hello World"],"picked":"Streamline","floor":7.0},{"not_picked":["Sunder","Steam"],"picked":"Turbo","floor":10.0},{"not_picked":["Redo","Aggregate"],"picked":"Electrodynamics","floor":13.0}],"player_experience":259531,"relics_obtained":[{"floor":7.0,"key":"Kunai"},{"floor":9.0,"key":"Omamori"},{"floor":13.0,"key":"Potion Belt"}],"event_choices":[{"event_name":"Scrap Ooze","player_choice":"success","floor":12.0,"damage_taken":18.0},{"event_name":"Golden Wing","player_choice":"Gained Gold","floor":14.0,"damage_taken":0.0}],"is_beta":false,"boss_relics":[],"items_purged_floors":[],"is_endless":false,"potions_floor_spawned":[2,3,4,10],"killed_by":"Slime Boss","ascension_level":12}