{"gold_per_floor":[119,294,369,380,73,104,116,21,66,79,91,91,111,137,137,240,240,259,279,379,391,391,391],"floor_reached":23,"playtime":1028,"items_purged":["Doubt"],"score":251,"play_id":"39d5d749-ab51-430d-9850-2ae11a304a3e","local_time":"20180726143618","is_ascension_mode":true,"campfire_choices":[{"data":"Neutralize","floor":12,"key":"SMITH"},{"floor":15,"key":"REST"}],"neow_cost":"NONE","seed_source_timestamp":0,"circlet_count":0,"master_deck":["Defend_G","Defend_G","Defend_G","Defend_G","Defend_G","Strike_G+1","Strike_G","Strike_G","Strike_G","Strike_G","Survivor","Neutralize+1","Heel Hook+1","Noxious Fumes","Prepared","Dagger Throw","Night Terror","Sucker Punch","Noxious Fumes","Cloak And Dagger","Backflip","Deadly Poison","Caltrops","Phantasmal Killer","Backflip","Deadly Poison","Bane+1"],"special_seed":0,"relics":["Ring of the Snake","NeowsBlessing","Orichalcum","Whetstone","Bag of Marbles","Art of War","White Beast Statue"],"potions_floor_usage":[],"damage_taken":[{"damage":0.0,"enemies":"2 Louse","floor":1.0,"turns":1.0},{"damage":0.0,"enemies":"Jaw Worm","floor":4.0,"turns":1.0},{"damage":0.0,"enemies":"Gremlin Nob","floor":6.0,"turns":1.0},{"damage":5.0,"enemies":"Small Slimes","floor":7.0,"turns":4.0},{"damage":0,"enemies":"2 Fungi Beasts","floor":10,"turns":2},{"damage":4,"enemies":"Gremlin Gang","floor":11,"turns":5},{"damage":14,"enemies":"Exordium Thugs","floor":13,"turns":4},{"damage":12,"enemies":"Lagavulin","floor":14,"turns":6},{"damage":39,"enemies":"Slime Boss","floor":16,"turns":9},{"damage":11,"enemies":"Shell Parasite","floor":18,"turns":5},{"damage":12,"enemies":"Spheric Guardian","floor":19,"turns":5},{"damage":32,"enemies":"Snake Plant","floor":21,"turns":6},{"damage":15,"enemies":"Slavers","floor":23,"turns":1}],"seed_played":"4288339020779802257","potions_obtained":[{"floor":1.0,"key":"Dexterity Potion"},{"floor":6.0,"key":"Dexterity Potion"},{"floor":11,"key":"EssenceOfSteel"}],"is_trial":false,"path_per_floor":["M","?","?","M","$","E","M","$","T","M","M","R","M","E","R","B",null,"M","M","?","M","?"],"character_chosen":"THE_SILENT","items_purchased":["Prepared","Dagger Throw","Orichalcum","Noxious Fumes","Cloak And Dagger"],"campfire_rested":1,"item_purchase_floors":[5,5,5,8,8],"current_hp_per_floor":[70,70,59,59,59,59,54,54,54,54,50,50,36,24,45,6,70,59,47,47,15,15,0],"gold":391,"neow_bonus":"THREE_ENEMY_KILL","is_prod":false,"is_daily":false,"chose_seed":false,"campfire_upgraded":1,"win_rate":0,"timestamp":1532586978,"path_taken":["M","?","?","M","$","E","M","$","T","M","M","R","M","E","R","BOSS","M","?","?","?","?","E"],"build_version":"2018-07-19v2","purchased_purges":1,"victory":false,"max_hp_per_floor":[70,70,70,70,70,70,70,70,70,70,70,70,70,70,70,70,70,70,70,70,70,70,70],"card_choices":[{"not_picked":["Dash","Acrobatics"],"picked":"Heel Hook","floor":1.0},{"not_picked":["Acrobatics","Finisher"],"picked":"Noxious Fumes","floor":4.0},{"not_picked":["Dagger Throw","Infinite Blades"],"picked":"Night Terror","floor":6.0},{"not_picked":["Quick Slash","Blur"],"picked":"Sucker Punch","floor":7.0},{"not_picked":["Acrobatics","Calculated Gamble"],"picked":"Backflip","floor":10},{"not_picked":["Sucker Punch","Flying Knee"],"picked":"Deadly Poison","floor":11},{"not_picked":["Noxious Fumes","Dodge and Roll"],"picked":"Caltrops","floor":13},{"not_picked":["Endless Agony","Choke","Skewer"],"picked":"SKIP","floor":14},{"not_picked":["A Thousand Cuts","Storm of Steel"],"picked":"Phantasmal Killer","floor":16},{"not_picked":["Eviscerate","Choke+1"],"picked":"Backflip","floor":18},{"not_picked":["Underhanded Strike+1","Quick Slash"],"picked":"Deadly Poison","floor":19},{"not_picked":["Dagger Spray","Dodge and Roll"],"picked":"Bane+1","floor":21}],"player_experience":178336,"relics_obtained":[{"floor":6.0,"key":"Whetstone"},{"floor":9,"key":"Bag of Marbles"},{"floor":14,"key":"Art of War"}],"event_choices":[{"event_name":"Liars Game","player_choice":"agreed","floor":2.0,"damage_taken":0.0},{"event_name":"World of Goop","player_choice":"Gather Gold","floor":3.0,"damage_taken":0.0},{"event_name":"Golden Shrine","player_choice":"Pray","floor":20,"damage_taken":0},{"event_name":"Vampires","player_choice":"Ignored","floor":22,"damage_taken":0}],"is_beta":false,"boss_relics":[{"not_picked":["Philosopher\u0027s Stone","Runic Pyramid"],"picked":"White Beast Statue"}],"items_purged_floors":[5],"is_endless":false,"potions_floor_spawned":[1,6,11,14,18,19,21],"killed_by":"Slavers","ascension_level":2}