{"gold_per_floor":[113,169,169,188,110,110,110,127,127,159,170,181,216,216,216,315,315,284,384,34,54,54],"floor_reached":22,"playtime":3586,"items_purged":[],"score":194,"play_id":"de4a7b89-c638-4619-afb3-27ccf1abab83","local_time":"20190810055708","is_ascension_mode":false,"campfire_choices":[{"data":"Armaments","floor":6.0,"key":"SMITH"},{"floor":15.0,"key":"REST"}],"neow_cost":"NONE","seed_source_timestamp":0,"circlet_count":0,"master_deck":["Strike_R+1","Strike_R","Strike_R","Strike_R","Strike_R","Defend_R","Defend_R","Defend_R+1","Defend_R","Bash+1","Headbutt","Armaments+1","Searing Blow","Flame Barrier","Armaments","Twin Strike","Battle Trance","Heavy Blade","Perfected Strike"],"special_seed":0,"relics":["Burning Blood","Pantograph","Frozen Egg 2","Kunai","Dream Catcher","Runic Pyramid","Lantern","Potion Belt"],"potions_floor_usage":[21,22],"damage_taken":[{"damage":3.0,"enemies":"Jaw Worm","floor":1.0,"turns":4.0},{"damage":4.0,"enemies":"Small Slimes","floor":4.0,"turns":3.0},{"damage":1.0,"enemies":"2 Louse","floor":8.0,"turns":3.0},{"damage":46.0,"enemies":"Gremlin Nob","floor":10.0,"turns":5.0},{"damage":8.0,"enemies":"Large Slime","floor":11.0,"turns":6.0},{"damage":11.0,"enemies":"Exordium Thugs","floor":12.0,"turns":5.0},{"damage":14.0,"enemies":"3 Sentries","floor":13.0,"turns":8.0},{"damage":47.0,"enemies":"Hexaghost","floor":16.0,"turns":11.0},{"damage":40,"enemies":"2 Thieves","floor":18,"turns":5},{"damage":25,"enemies":"Spheric Guardian","floor":21,"turns":6},{"damage":35,"enemies":"Cultist and Chosen","floor":22,"turns":4}],"seed_played":"6166206416888844901","potions_obtained":[{"floor":4.0,"key":"Swift Potion"},{"floor":12.0,"key":"FearPotion"},{"floor":13.0,"key":"FearPotion"},{"floor":16.0,"key":"Fruit Juice"},{"floor":18,"key":"Energy Potion"}],"is_trial":false,"path_per_floor":["M","?","?","M","$","R","?","M","T","E","M","M","E","?","R","B",null,"M","?","$","M","M"],"character_chosen":"IRONCLAD","items_purchased":["BloodPotion","Lantern","Potion Belt","Block Potion"],"campfire_rested":1,"item_purchase_floors":[5,20,20,20],"current_hp_per_floor":[80,80,64,66,66,66,66,71,71,31,29,24,36,18,42,31,85,51,51,51,32,0],"gold":54,"neow_bonus":"UPGRADE_CARD","is_prod":false,"is_daily":false,"chose_seed":false,"campfire_upgraded":1,"win_rate":0.0,"timestamp":1565431028,"path_taken":["M","?","?","M","?","R","?","M","T","E","M","?","E","?","R","BOSS","M","?","?","M","?"],"build_version":"2019-07-17","purchased_purges":0,"victory":false,"max_hp_per_floor":[80,80,80,80,80,80,80,80,80,80,80,80,80,80,80,85,85,85,85,85,85,85],"card_choices":[{"not_picked":["Thunderclap","Twin Strike"],"picked":"Headbutt","floor":1.0},{"not_picked":["Iron Wave","Clash"],"picked":"Armaments","floor":4.0},{"not_picked":["Spot Weakness","Armaments"],"picked":"Searing Blow","floor":8.0},{"not_picked":["True Grit","Reaper"],"picked":"Flame Barrier","floor":10.0},{"not_picked":["Dropkick","Intimidate"],"picked":"Armaments","floor":11.0},{"not_picked":["Clothesline","Corruption+1"],"picked":"Twin Strike","floor":12.0},{"not_picked":["Feel No Pain+1","Pummel","True Grit"],"picked":"SKIP","floor":13.0},{"not_picked":["Power Through","Fire Breathing+1"],"picked":"Battle Trance","floor":15.0},{"not_picked":["Ghostly Armor+1","Pommel Strike"],"picked":"Heavy Blade","floor":18},{"not_picked":["Armaments","Battle Trance"],"picked":"Perfected Strike","floor":21}],"player_experience":39548,"relics_obtained":[{"floor":9.0,"key":"Pantograph"},{"floor":10.0,"key":"Frozen Egg 2"},{"floor":13.0,"key":"Kunai"}],"event_choices":[{"damage_healed":0.0,"max_hp_gain":0.0,"max_hp_loss":0.0,"gold_gain":56.0,"event_name":"Golden Wing","player_choice":"Gained Gold","floor":2.0,"gold_loss":0.0,"damage_taken":0.0},{"damage_healed":0.0,"max_hp_gain":0.0,"max_hp_loss":0.0,"gold_gain":0.0,"event_name":"Shining Light","player_choice":"Entered Light","floor":3.0,"gold_loss":0.0,"damage_taken":16.0,"cards_upgraded":["Strike_R","Defend_R"]},{"damage_healed":0.0,"max_hp_gain":0.0,"max_hp_loss":0.0,"gold_gain":0.0,"event_name":"Liars Game","player_choice":"Ignored","floor":7.0,"gold_loss":0.0,"damage_taken":0.0},{"damage_healed":0.0,"max_hp_gain":0.0,"max_hp_loss":0.0,"gold_gain":0.0,"event_name":"Scrap Ooze","player_choice":"Success","floor":14.0,"gold_loss":0.0,"damage_taken":18.0,"relics_obtained":["Dream Catcher"]},{"damage_healed":0,"gold_gain":100,"player_choice":"Pray","damage_taken":0,"max_hp_gain":0,"max_hp_loss":0,"event_name":"Golden Shrine","floor":19,"gold_loss":0}],"is_beta":false,"boss_relics":[{"not_picked":["Tiny House","Eternal Feather"],"picked":"Runic Pyramid"}],"items_purged_floors":[],"is_endless":false,"potions_floor_spawned":[4,12,13,16,18],"killed_by":"Cultist and Chosen","ascension_level":0}