{"gold_per_floor":[117,130,130,130,140,140,172,172,172,60,80,112,132,152,152,257,257,273,290,310,329,339,367,367,378,401,401,421,421,421,456,456,558,558,572,207,207,221,235,235],"floor_reached":40,"playtime":3001,"items_purged":[],"score":467,"play_id":"b0ad537b-8247-4a1b-991f-061a3f71a2e5","local_time":"20180705101525","is_ascension_mode":false,"campfire_choices":[{"data":"Recycle","floor":6.0,"key":"SMITH"},{"floor":8.0,"key":"REST"},{"floor":15.0,"key":"REST"},{"data":"Double Energy","floor":24.0,"key":"SMITH"},{"data":"Turbo","floor":27.0,"key":"SMITH"},{"data":"Double Energy","floor":29.0,"key":"SMITH"},{"floor":32.0,"key":"REST"}],"neow_cost":"","seed_source_timestamp":0,"circlet_count":0,"master_deck":["Strike_B","Strike_B","Strike_B","Defend_B","Defend_B","Defend_B","Zap","Dualcast","Beam Cell","Coolheaded","Tempest+1","Recycle+1","Turbo","Mind Blast+1","Turbo+1","Loop","Double Energy+1","Ball Lightning+1","Sweeping Beam+1","Electrodynamics","Double Energy+1","Auto Shields","Doom and Gloom+1","Rebound+1","Aggregate","Sweeping Beam+1","Static Discharge+1","BootSequence","Go for the Eyes+1","Thunder Strike+1","White Noise+1","Defragment","Steam Power+1","Turbo"],"special_seed":0,"relics":["Cracked Core","Molten Egg 2","Gambling Chip","Juzu Bracelet","Nuclear Battery","Anchor","Dream Catcher","Darkstone Periapt","Philosopher\u0027s Stone","Thread and Needle"],"potions_floor_usage":[],"damage_taken":[{"damage":6.0,"enemies":"Jaw Worm","floor":1.0,"turns":2.0},{"damage":3.0,"enemies":"2 Louse","floor":2.0,"turns":3.0},{"damage":0.0,"enemies":"Small Slimes","floor":5.0,"turns":2.0},{"damage":34.0,"enemies":"3 Sentries","floor":7.0,"turns":6.0},{"damage":5.0,"enemies":"Looter","floor":11.0,"turns":2.0},{"damage":19.0,"enemies":"Gremlin Nob","floor":12.0,"turns":4.0},{"damage":0.0,"enemies":"Large Slime","floor":13.0,"turns":3.0},{"damage":10.0,"enemies":"Gremlin Gang","floor":14.0,"turns":3.0},{"damage":3.0,"enemies":"Slime Boss","floor":16.0,"turns":8.0},{"damage":0.0,"enemies":"Spheric Guardian","floor":18.0,"turns":2.0},{"damage":0.0,"enemies":"Chosen","floor":19.0,"turns":3.0},{"damage":0.0,"enemies":"Snecko","floor":20.0,"turns":2.0},{"damage":19.0,"enemies":"Snake Plant","floor":21.0,"turns":2.0},{"damage":0.0,"enemies":"3 Cultists","floor":22.0,"turns":2.0},{"damage":0.0,"enemies":"Gremlin Leader","floor":23.0,"turns":5.0},{"damage":0.0,"enemies":"Centurion and Healer","floor":25.0,"turns":1.0},{"damage":0.0,"enemies":"Sentry and Sphere","floor":28.0,"turns":2.0},{"damage":15.0,"enemies":"Slavers","floor":31.0,"turns":2.0},{"damage":71.0,"enemies":"Champ","floor":33.0,"turns":11.0},{"damage":17,"enemies":"Orb Walker","floor":35,"turns":3},{"damage":0,"enemies":"3 Shapes","floor":38,"turns":3},{"damage":52,"enemies":"Maw","floor":39,"turns":7},{"damage":6,"floor":40,"turns":2}],"seed_played":"-9080345460473928202","potions_obtained":[{"floor":2.0,"key":"Regen Potion"},{"floor":11.0,"key":"Energy Potion"},{"floor":12.0,"key":"FearPotion"},{"floor":16.0,"key":"Fire Potion"},{"floor":22.0,"key":"Fire Potion"},{"floor":31.0,"key":"Explosive Potion"}],"is_trial":false,"path_per_floor":["M","M","?","?","M","R","E","R","T","$","M","E","M","M","R","B",null,"M","M","M","M","M","E","R","M","T","R","M","R","?","E","R","B",null,"M","$","?","M","M"],"character_chosen":"DEFECT","items_purchased":["Mind Blast+1","Turbo","Defragment","Thread and Needle"],"campfire_rested":3,"item_purchase_floors":[],"current_hp_per_floor":[69,66,66,66,66,66,32,54,54,54,49,30,30,20,42,39,75,75,75,75,56,56,56,56,56,56,56,56,56,56,41,63,7,75,58,58,58,58,6,0],"gold":235,"neow_bonus":"","is_prod":false,"is_daily":false,"chose_seed":false,"campfire_upgraded":4,"win_rate":0.0,"timestamp":1530756925,"path_taken":["M","M","?","?","?","R","E","R","T","$","M","E","M","M","R","BOSS","M","M","M","M","M","E","R","M","T","R","M","R","?","E","R","BOSS","M","$","?","M","M","?"],"build_version":"2018-06-28","purchased_purges":0,"victory":false,"max_hp_per_floor":[75,75,75,75,75,75,75,75,75,75,75,75,75,75,75,75,75,75,75,75,75,75,75,75,75,75,75,75,75,75,75,75,75,75,75,75,75,75,75,75],"card_choices":[{"not_picked":["Conserve Battery","Compile Driver"],"picked":"Coolheaded","floor":1.0},{"not_picked":["White Noise","Cold Snap"],"picked":"Tempest","floor":2.0},{"not_picked":["Scrape","Streamline"],"picked":"Recycle","floor":5.0},{"not_picked":["Recycle","Darkness"],"picked":"Turbo","floor":7.0},{"not_picked":["Compile Driver+1","Redo"],"picked":"Loop","floor":11.0},{"not_picked":["Fission","Cold Snap+1"],"picked":"Double Energy","floor":12.0},{"not_picked":["Hologram","Conserve Battery"],"picked":"Ball Lightning+1","floor":13.0},{"not_picked":["Storm","Consume"],"picked":"Sweeping Beam+1","floor":14.0},{"not_picked":["All For One+1","Amplify"],"picked":"Electrodynamics","floor":16.0},{"not_picked":["Glacier","Beam Cell+1"],"picked":"Double Energy","floor":18.0},{"not_picked":["BootSequence+1","Conserve Battery"],"picked":"Auto Shields","floor":19.0},{"not_picked":["Lockon+1","Go for the Eyes+1"],"picked":"Doom and Gloom+1","floor":20.0},{"not_picked":["Redo","Coolheaded","Beam Cell+1"],"picked":"SKIP","floor":21.0},{"not_picked":["Loop","Tempest"],"picked":"Rebound+1","floor":22.0},{"not_picked":["Reprogram","Turbo"],"picked":"Aggregate","floor":23.0},{"not_picked":["Tempest","Steam"],"picked":"Sweeping Beam+1","floor":25.0},{"not_picked":["Echo Form","Fusion"],"picked":"Static Discharge+1","floor":28.0},{"not_picked":["Consume","Chill"],"picked":"BootSequence","floor":31.0},{"not_picked":["Hologram","Hello World"],"picked":"Go for the Eyes+1","floor":32.0},{"not_picked":["Echo Form","All For One+1"],"picked":"Thunder Strike+1","floor":33.0},{"not_picked":["Beam Cell+1","Gash+1"],"picked":"White Noise+1","floor":35},{"not_picked":["Redo+1","Conserve Battery"],"picked":"Steam Power+1","floor":38},{"not_picked":["Steam+1","Cold Snap+1"],"picked":"Turbo","floor":39}],"player_experience":31828,"relics_obtained":[{"floor":7.0,"key":"Molten Egg 2"},{"floor":9.0,"key":"Gambling Chip"},{"floor":12.0,"key":"Juzu Bracelet"},{"floor":23.0,"key":"Anchor"},{"floor":26.0,"key":"Dream Catcher"},{"floor":31.0,"key":"Darkstone Periapt"}],"event_choices":[{"event_name":"Liars Game","player_choice":"disagreed","floor":3.0,"damage_taken":0.0},{"event_name":"Living Wall","player_choice":"Grow","floor":4.0,"damage_taken":0.0},{"event_name":"Vampires","player_choice":"Ignored","floor":30.0,"damage_taken":0.0},{"event_name":"Falling","player_choice":"Removed Attack","floor":37,"damage_taken":0},{"event_name":"MindBloom","player_choice":"Fight","floor":40,"damage_taken":0}],"boss_relics":[{"not_picked":["White Beast Statue","Calling Bell"],"picked":"Nuclear Battery"},{"not_picked":["Empty Cage","Inserter"],"picked":"Philosopher\u0027s Stone"}],"items_purged_floors":[],"is_endless":false,"potions_floor_spawned":[2,11,12,13,16,18,19,20,22,31],"ascension_level":0}