{"gold_per_floor":[218,218,230,47,85,85,130,130,130,217,217,273,317,124,124,201,201,211,111,111,186,61,61,97,142,167,183,183,183,183,218,218,297,297,335,376,476,545,584,584,599,599,599,632,695,695,695,710,710,710],"floor_reached":51,"playtime":2558,"items_purged":["Strike_G","Strike_G","Strike_G"],"score":1223,"play_id":"ca42d213-ce72-4d05-b379-f7c93d904037","local_time":"20190322223350","is_ascension_mode":true,"campfire_choices":[{"data":"HandOfGreed","floor":6,"key":"SMITH"},{"data":"Neutralize","floor":11,"key":"SMITH"},{"data":"Bane","floor":15,"key":"SMITH"},{"floor":23,"key":"REST"},{"data":"Burst","floor":28,"key":"SMITH"},{"data":"Calculated Gamble","floor":30,"key":"SMITH"},{"data":"Deadly Poison","floor":32,"key":"SMITH"},{"data":"Ghostly","floor":40,"key":"SMITH"},{"data":"Leg Sweep","floor":42,"key":"SMITH"},{"data":"Ghostly","floor":46,"key":"SMITH"},{"data":"Malaise","floor":49,"key":"SMITH"}],"neow_cost":"NONE","seed_source_timestamp":12841684510636,"circlet_count":0,"master_deck":["AscendersBane","Defend_G","Defend_G","Defend_G","Defend_G","Defend_G+1","Survivor","Neutralize+1","Calculated Gamble+1","HandOfGreed+1","Noxious Fumes+1","Footwork+1","Bane+1","Burst+1","Necronomicurse","Leg Sweep+1","Venomology","Backflip+1","Ghostly+1","Ghostly+1","Ghostly+1","Deadly Poison+1","Malaise+1","PiercingWail","Corpse Explosion"],"relics":["Ring of the Snake","Frozen Egg 2","Question Card","White Beast Statue","Necronomicon","Red Mask","Coffee Dripper","Ice Cream","Pantograph","War Paint"],"potions_floor_usage":[12,31,33,33,33,36,37,39,39,41,44,44,44,44,45],"damage_taken":[{"damage":7,"enemies":"2 Louse","floor":1,"turns":4},{"damage":4,"enemies":"Cultist","floor":3,"turns":6},{"damage":4,"enemies":"Jaw Worm","floor":5,"turns":2},{"damage":5,"enemies":"Blue Slaver","floor":7,"turns":4},{"damage":1,"enemies":"3 Louse","floor":10,"turns":5},{"damage":7,"enemies":"Gremlin Nob","floor":12,"turns":4},{"damage":6,"enemies":"Looter","floor":13,"turns":4},{"damage":20,"enemies":"Hexaghost","floor":16,"turns":10},{"damage":5,"enemies":"Chosen","floor":18,"turns":5},{"damage":21,"enemies":"Masked Bandits","floor":21,"turns":5},{"damage":1,"enemies":"Shell Parasite","floor":24,"turns":5},{"damage":5,"enemies":"Snecko","floor":25,"turns":8},{"damage":4,"enemies":"Snake Plant","floor":27,"turns":3},{"damage":4,"enemies":"Shelled Parasite and Fungi","floor":31,"turns":7},{"damage":7,"enemies":"Champ","floor":33,"turns":14},{"damage":2,"enemies":"Orb Walker","floor":35,"turns":6},{"damage":1,"enemies":"3 Shapes","floor":36,"turns":8},{"damage":2,"enemies":"Mind Bloom Boss Battle","floor":37,"turns":9},{"damage":1,"enemies":"Jaw Worm Horde","floor":38,"turns":6},{"damage":14,"enemies":"Spire Growth","floor":39,"turns":8},{"damage":6,"enemies":"Sphere and 2 Shapes","floor":41,"turns":6},{"damage":10,"enemies":"Giant Head","floor":44,"turns":12},{"damage":0,"enemies":"4 Shapes","floor":45,"turns":5},{"damage":0,"enemies":"3 Darklings","floor":48,"turns":4},{"damage":19,"enemies":"Time Eater","floor":50,"turns":17}],"seed_played":"3477162864299290826","potions_obtained":[{"floor":3,"key":"Energy Potion"},{"floor":7,"key":"Fire Potion"},{"floor":13,"key":"Weak Potion"},{"floor":25,"key":"SkillPotion"},{"floor":27,"key":"GamblersBrew"},{"floor":33,"key":"GamblersBrew"},{"floor":39,"key":"SteroidPotion"},{"floor":44,"key":"EssenceOfSteel"},{"floor":45,"key":"Swift Potion"}],"is_trial":false,"path_per_floor":["M","?","M","$","M","R","M","?","T","M","R","E","M","$","R","B",null,"M","$","?","?","$","R","M","M","T","M","R","?","R","M","R","B",null,"M","M","?","M","M","R","M","R","T","E","M","R","?","M","R","B",null],"character_chosen":"THE_SILENT","items_purchased":["HandOfGreed","Footwork+1","Bane"],"campfire_rested":1,"item_purchase_floors":[4,14,14],"current_hp_per_floor":[52,52,48,48,44,44,39,44,44,43,43,36,30,30,30,10,56,51,51,30,9,9,30,29,24,24,20,20,20,20,16,16,24,32,30,29,27,26,12,12,6,6,6,11,11,11,11,11,11,16],"gold":710,"neow_bonus":"HUNDRED_GOLD","is_prod":false,"is_daily":false,"chose_seed":false,"campfire_upgraded":10,"win_rate":0,"timestamp":1553265230,"path_taken":["M","?","?","$","M","R","M","?","T","M","R","E","M","$","R","BOSS","M","$","?","?","$","R","M","M","T","M","R","?","R","M","R","BOSS","M","M","?","M","M","R","M","R","T","E","M","R","?","?","R","BOSS"],"build_version":"2019-01-23","purchased_purges":3,"victory":true,"max_hp_per_floor":[66,66,66,66,66,66,66,71,71,71,71,71,71,71,71,71,71,71,71,71,71,71,71,71,71,71,71,71,35,35,35,35,35,35,35,35,35,35,35,35,35,35,35,35,35,35,35,35,35,35],"card_choices":[{"not_picked":["Dagger Throw","Riddle With Holes","Slice"],"picked":"SKIP","floor":1},{"not_picked":["PiercingWail","Poisoned Stab"],"picked":"Calculated Gamble","floor":3},{"not_picked":["Underhanded Strike","Sucker Punch","Eviscerate"],"picked":"SKIP","floor":5},{"not_picked":["Wraith Form v2","Outmaneuver","Caltrops"],"picked":"SKIP","floor":7},{"not_picked":["Quick Slash","Sucker Punch"],"picked":"Noxious Fumes+1","floor":10},{"not_picked":["Cloak And Dagger","Riddle With Holes","Concentrate"],"picked":"SKIP","floor":12},{"not_picked":["Slice","Acrobatics","Underhanded Strike","Setup"],"picked":"SKIP","floor":13},{"not_picked":["Venomology","Storm of Steel","After Image+1"],"picked":"Burst","floor":16},{"not_picked":["Dagger Spray","Masterful Stab","Cloak And Dagger","Acrobatics+1"],"picked":"SKIP","floor":18},{"not_picked":["Blade Dance","Calculated Gamble","Finisher"],"picked":"Leg Sweep","floor":21},{"not_picked":["Riddle With Holes","Poisoned Stab","Flechettes"],"picked":"Venomology","floor":24},{"not_picked":["Noxious Fumes+1","Acrobatics","Deadly Poison"],"picked":"Backflip+1","floor":25},{"not_picked":["Expertise","Sucker Punch","Heel Hook","Unload"],"picked":"SKIP","floor":27},{"not_picked":["Blade Dance+1","Slice","Backflip"],"picked":"Deadly Poison","floor":31},{"not_picked":["Envenom+1","Tools of the Trade+1","Die Die Die"],"picked":"Malaise","floor":33},{"not_picked":["PiercingWail","Deflect","Backstab","Poisoned Stab+1"],"picked":"SKIP","floor":35},{"not_picked":["Deflect","Backstab","Poisoned Stab+1"],"picked":"PiercingWail","floor":35},{"not_picked":["Dodge and Roll","Outmaneuver","Prepared","Flying Knee+1"],"picked":"SKIP","floor":36},{"not_picked":["Reflex","Poisoned Stab","Quick Slash","Cloak And Dagger"],"picked":"SKIP","floor":38},{"not_picked":["Cloak And Dagger","Finisher","Dodge and Roll","Bane"],"picked":"SKIP","floor":39},{"not_picked":["Prepared","Dagger Spray","Leg Sweep","Deflect+1"],"picked":"SKIP","floor":41},{"not_picked":["Skewer","Dagger Throw+1","Bane+1"],"picked":"Corpse Explosion","floor":44},{"not_picked":["Slice+1","Deadly Poison","Prepared","Dodge and Roll"],"picked":"SKIP","floor":45},{"not_picked":["Slice+1","Deadly Poison","Prepared","Dodge and Roll"],"picked":"SKIP","floor":45},{"not_picked":["Slice+1","Deadly Poison","Prepared","Dodge and Roll"],"picked":"SKIP","floor":45},{"not_picked":["Crippling Poison","Underhanded Strike","Acrobatics+1","Malaise"],"picked":"SKIP","floor":48}],"player_experience":869666,"relics_obtained":[{"floor":9,"key":"Frozen Egg 2"},{"floor":12,"key":"Question Card"},{"floor":20,"key":"Necronomicon"},{"floor":21,"key":"Red Mask"},{"floor":37,"key":"Ice Cream"},{"floor":43,"key":"Pantograph"},{"floor":44,"key":"War Paint"}],"event_choices":[{"cards_removed":["Strike_G"],"damage_healed":0,"gold_gain":0,"player_choice":"Offered Basic","damage_taken":0,"max_hp_gain":0,"max_hp_loss":0,"event_name":"Bonfire Elementals","floor":2,"gold_loss":0},{"damage_healed":0,"gold_gain":0,"player_choice":"Donut","damage_taken":0,"max_hp_gain":5,"max_hp_loss":0,"event_name":"Big Fish","floor":8,"gold_loss":0},{"damage_healed":0,"gold_gain":0,"player_choice":"Obtained Book","damage_taken":21,"max_hp_gain":0,"max_hp_loss":0,"event_name":"Cursed Tome","floor":20,"gold_loss":0},{"damage_healed":0,"gold_gain":0,"player_choice":"Fought Bandits","damage_taken":0,"max_hp_gain":0,"max_hp_loss":0,"event_name":"Masked Bandits","floor":21,"gold_loss":0},{"damage_healed":0,"gold_gain":0,"player_choice":"Became a Ghost","damage_taken":0,"max_hp_gain":0,"max_hp_loss":36,"event_name":"Ghosts","floor":29,"gold_loss":0,"cards_obtained":["Ghostly","Ghostly","Ghostly"]},{"damage_healed":0,"gold_gain":0,"player_choice":"Fight","damage_taken":0,"max_hp_gain":0,"max_hp_loss":0,"event_name":"MindBloom","floor":37,"gold_loss":0},{"cards_removed":["Strike_G"],"damage_healed":0,"gold_gain":0,"player_choice":"Purged","damage_taken":0,"max_hp_gain":0,"max_hp_loss":0,"event_name":"Purifier","floor":47,"gold_loss":0}],"is_beta":false,"boss_relics":[{"not_picked":["Busted Crown","Ring of the Serpent"],"picked":"White Beast Statue"},{"not_picked":["Black Star","Calling Bell"],"picked":"Coffee Dripper"}],"items_purged_floors":[14,19,22],"is_endless":false,"potions_floor_spawned":[3,7,13,18,21,24,25,27,31,33,35,36,37,38,39,41,44,45,48],"ascension_level":15}