{"gold_per_floor":[116,129,142,142,155,155,182,200,200,173,173,190,201,101,101,198,198,211,231,47,47,61,96,96,106,106,72,72,91,124,139,139,240,240,259,189,189,189,200,217,236,236,236,236,163,163,180,142,142,142],"floor_reached":50,"playtime":3667,"items_purged":[],"score":686,"play_id":"2c957e07-dd3d-4835-8a09-481b8157ae9b","local_time":"20180707131120","is_ascension_mode":false,"campfire_choices":[{"data":"Thunder Strike","floor":6.0,"key":"SMITH"},{"floor":11.0,"key":"REST"},{"floor":15.0,"key":"REST"},{"floor":24.0,"key":"REST"},{"floor":28.0,"key":"REST"},{"floor":32.0,"key":"REST"},{"floor":44,"key":"REST"},{"floor":46,"key":"REST"},{"floor":49,"key":"REST"}],"neow_cost":"CURSE","seed_source_timestamp":13283480524521,"circlet_count":0,"master_deck":["Defend_B","Defend_B","Defend_B","Defend_B","Zap","Dualcast","Thunder Strike+1","Stack","Ball Lightning","Rebound","Redo","Thunder Strike","Turbo","Conserve Battery","Glacier","Mind Blast+1","Multi-Cast","Static Discharge","Storm","Apotheosis","Bite+1","Bite+1","Bite+1","Bite+1","Bite+1","Capacitor","Conserve Battery+1","Streamline+1","Genetic Algorithm","Turbo","Electrodynamics","Fission","Leap+1","Turbo","Conserve Battery","Storm+1","Leap","Defragment","Hologram","Tempest+1","Reinforced Body","Storm+1","Flash of Steel+1","Leap+1","Gash+1","Force Field"],"special_seed":0,"relics":["Cracked Core","Mercury Hourglass","Molten Egg 2","Lizard Tail","Oddly Smooth Stone","Pen Nib","Calipers","Orrery","Torii","Prayer Wheel"],"potions_floor_usage":[50,50],"damage_taken":[{"damage":2.0,"enemies":"2 Louse","floor":1.0,"turns":2.0},{"damage":2.0,"enemies":"Small Slimes","floor":2.0,"turns":3.0},{"damage":8.0,"enemies":"Jaw Worm","floor":3.0,"turns":3.0},{"damage":9.0,"enemies":"2 Fungi Beasts","floor":5.0,"turns":3.0},{"damage":35.0,"enemies":"Lagavulin","floor":7.0,"turns":6.0},{"damage":10.0,"enemies":"Looter","floor":8.0,"turns":3.0},{"damage":11.0,"enemies":"Large Slime","floor":12.0,"turns":4.0},{"damage":0.0,"enemies":"3 Louse","floor":13.0,"turns":2.0},{"damage":48.0,"enemies":"The Guardian","floor":16.0,"turns":7.0},{"damage":15.0,"enemies":"Spheric Guardian","floor":18.0,"turns":4.0},{"damage":3.0,"enemies":"Chosen","floor":19.0,"turns":4.0},{"damage":15.0,"enemies":"Centurion and Healer","floor":22.0,"turns":6.0},{"damage":43.0,"enemies":"Gremlin Leader","floor":23.0,"turns":5.0},{"damage":16.0,"enemies":"Chosen and Byrds","floor":25.0,"turns":6.0},{"damage":26.0,"enemies":"Snake Plant","floor":29.0,"turns":4.0},{"damage":16.0,"enemies":"Book of Stabbing","floor":30.0,"turns":6.0},{"damage":12.0,"enemies":"3 Cultists","floor":31.0,"turns":5.0},{"damage":24.0,"enemies":"Automaton","floor":33.0,"turns":10.0},{"damage":19.0,"enemies":"Orb Walker","floor":35.0,"turns":3.0},{"damage":8.0,"floor":37.0,"turns":7.0},{"damage":19.0,"enemies":"3 Darklings","floor":39.0,"turns":6.0},{"damage":28.0,"enemies":"Maw","floor":40.0,"turns":9.0},{"damage":16,"enemies":"4 Shapes","floor":41,"turns":5},{"damage":41,"enemies":"3 Darklings","floor":47,"turns":7},{"damage":63,"enemies":"Time Eater","floor":50,"turns":8}],"seed_played":"4302763585541169645","potions_obtained":[{"floor":3.0,"key":"Explosive Potion"},{"floor":7.0,"key":"Regen Potion"},{"floor":8.0,"key":"Block Potion"},{"floor":13.0,"key":"Ancient Potion"},{"floor":18.0,"key":"Explosive Potion"},{"floor":22.0,"key":"Swift Potion"},{"floor":29.0,"key":"FearPotion"},{"floor":37.0,"key":"Swift Potion"},{"floor":41,"key":"Swift Potion"}],"is_trial":false,"path_per_floor":["M","M","M","?","M","R","E","M","T","?","R","M","M","$","R","B",null,"M","M","$","?","M","E","R","M","T","$","R","M","E","M","R","B",null,"M","$","?","?","M","M","M","?","T","R","$","R","M","$","R"],"character_chosen":"DEFECT","items_purchased":["Mind Blast+1","Apotheosis","Genetic Algorithm","Defragment","EssenceOfSteel","Force Field"],"campfire_rested":8,"item_purchase_floors":[14,20,27,36,45,48],"current_hp_per_floor":[73,71,63,63,54,54,19,9,9,9,31,20,20,20,42,6,75,60,57,57,52,43,9,24,20,20,20,35,18,8,8,23,17,52,36,36,43,43,36,17,4,4,4,19,19,34,2,2,17,0],"gold":142,"neow_bonus":"THREE_RARE_CARDS","is_prod":false,"is_daily":false,"chose_seed":false,"campfire_upgraded":1,"win_rate":0.0,"timestamp":1530940280,"path_taken":["M","M","M","?","M","R","E","M","T","?","R","M","M","?","R","BOSS","M","M","$","?","M","E","R","M","T","$","R","M","E","M","R","BOSS","M","$","?","?","M","M","M","?","T","R","$","R","M","$","R","BOSS"],"build_version":"2018-07-05","purchased_purges":0,"victory":false,"max_hp_per_floor":[75,75,75,75,75,75,75,75,75,75,75,75,75,75,75,75,75,75,75,75,52,52,52,52,52,52,52,52,52,52,52,52,52,52,52,52,52,52,52,52,52,52,52,52,52,52,52,52,52,52],"card_choices":[{"not_picked":["Core Surge","Echo Form"],"picked":"Thunder Strike","floor":0.0},{"not_picked":["Rip and Tear","Chill"],"picked":"Stack","floor":1.0},{"not_picked":["Cold Snap","Steam Power"],"picked":"Ball Lightning","floor":2.0},{"not_picked":["Reprogram","Gash"],"picked":"Rebound","floor":3.0},{"not_picked":["Hologram","Chaos"],"picked":"Redo","floor":5.0},{"not_picked":["Gash","Recycle"],"picked":"Thunder Strike","floor":7.0},{"not_picked":["Compile Driver","Rebound"],"picked":"Turbo","floor":8.0},{"not_picked":["Barrage+1","Doom and Gloom+1"],"picked":"Conserve Battery","floor":12.0},{"not_picked":["Cold Snap+1","Rebound+1"],"picked":"Glacier","floor":13.0},{"not_picked":["Fission","Creative AI"],"picked":"Multi-Cast","floor":16.0},{"not_picked":["Reinforced Body+1","Gash+1"],"picked":"Static Discharge","floor":18.0},{"not_picked":["Hello World+1","Coolheaded+1"],"picked":"Storm","floor":19.0},{"not_picked":["Steam Power+1","Go for the Eyes+1"],"picked":"Capacitor","floor":22.0},{"not_picked":["Gash+1","Reprogram"],"picked":"Conserve Battery+1","floor":23.0},{"not_picked":["Coolheaded","Steam+1"],"picked":"Streamline+1","floor":25.0},{"not_picked":["Consume+1","Buffer"],"picked":"Turbo","floor":29.0},{"not_picked":["Beam Cell+1","Tempest"],"picked":"Electrodynamics","floor":30.0},{"not_picked":["Compile Driver+1","Steam Power+1","Rebound+1"],"picked":"SKIP","floor":31.0},{"not_picked":["Electrodynamics","Echo Form"],"picked":"Fission","floor":33.0},{"not_picked":["Ball Lightning+1","Cold Snap+1"],"picked":"Leap+1","floor":34.0},{"not_picked":["Force Field","Barrage+1"],"picked":"Turbo","floor":34.0},{"not_picked":["Hello World","Redo+1"],"picked":"Conserve Battery","floor":34.0},{"not_picked":["Hologram","Cold Snap+1"],"picked":"Storm+1","floor":34.0},{"not_picked":["Barrage+1","Steam Power"],"picked":"Leap","floor":34.0},{"not_picked":["Multi-Cast","Redo","Recycle+1"],"picked":"SKIP","floor":35.0},{"not_picked":["Cold Snap+1","Compile Driver+1"],"picked":"Hologram","floor":37.0},{"not_picked":["Hologram","Go for the Eyes+1"],"picked":"Tempest+1","floor":39.0},{"not_picked":["Streamline+1","Gash+1"],"picked":"Reinforced Body","floor":40.0},{"not_picked":["Scrape+1","Hologram"],"picked":"Storm+1","floor":41},{"not_picked":["Trip","Deep Breath"],"picked":"Flash of Steel+1","floor":42},{"not_picked":["Redo+1","Multi-Cast"],"picked":"Leap+1","floor":47},{"not_picked":["Coolheaded","Streamline+1"],"picked":"Gash+1","floor":47}],"player_experience":56210,"relics_obtained":[{"floor":7.0,"key":"Mercury Hourglass"},{"floor":9.0,"key":"Molten Egg 2"},{"floor":23.0,"key":"Oddly Smooth Stone"},{"floor":26.0,"key":"Pen Nib"},{"floor":30.0,"key":"Calipers"},{"floor":37.0,"key":"Torii"},{"floor":43,"key":"Prayer Wheel"}],"event_choices":[{"event_name":"The Cleric","player_choice":"Leave","floor":4.0,"damage_taken":0.0},{"event_name":"World of Goop","player_choice":"Left","floor":10.0,"damage_taken":0.0},{"event_name":"Vampires","player_choice":"Became a vampire","floor":21.0,"damage_taken":0.0},{"event_name":"MindBloom","player_choice":"Fight","floor":37.0,"damage_taken":0.0},{"event_name":"Wheel of Change","player_choice":"Card Removal","floor":38.0,"damage_taken":0.0},{"event_name":"SensoryStone","player_choice":"Memory 1","floor":42,"damage_taken":0}],"boss_relics":[{"not_picked":["Nuclear Battery","Eternal Feather"],"picked":"Lizard Tail"},{"not_picked":["Black Star","Runic Pyramid"],"picked":"Orrery"}],"items_purged_floors":[],"is_endless":false,"potions_floor_spawned":[3,7,8,13,18,22,29,30,37,41],"killed_by":"Time Eater","ascension_level":0}