{"gold_per_floor":[109,120,120,120,120,120,31,47,47,47,66,66,124,142,142,216,216,236,161,176,194,294,294,322,322,322,322,335,335,335,335],"floor_reached":31,"playtime":1793,"items_purged":[],"score":506,"play_id":"8c0af0b6-0d65-48b7-bb97-6c9daca44dce","local_time":"20181208184835","is_ascension_mode":true,"campfire_choices":[{"data":"Zap","floor":6.0,"key":"SMITH"},{"data":"Sunder","floor":10.0,"key":"SMITH"},{"data":"Go for the Eyes","floor":12.0,"key":"SMITH"},{"data":"Darkness","floor":15.0,"key":"SMITH"},{"data":"Skim","floor":23.0,"key":"SMITH"},{"floor":25.0,"key":"REST"},{"data":"Dualcast","floor":27.0,"key":"SMITH"},{"data":"Deep Breath","floor":29.0,"key":"SMITH"}],"neow_cost":"TEN_PERCENT_HP_LOSS","seed_source_timestamp":35801203455598,"circlet_count":0,"master_deck":["AscendersBane","Strike_B","Defend_B","Defend_B","Defend_B","Defend_B","Zap+1","Dualcast+1","Dramatic Entrance","Deep Breath+1","Self Repair","Go for the Eyes+1","Sunder+1","Leap","Darkness+1","Electrodynamics","Skim+1","Glacier","Lockon+1","Steam","Tempest+1"],"special_seed":0,"relics":["Cracked Core","Vajra","Meat on the Bone","Tiny Chest","Nuclear Battery","Nunchaku","Question Card","Toxic Egg 2","Pear"],"potions_floor_usage":[],"damage_taken":[{"damage":7.0,"enemies":"Small Slimes","floor":1.0,"turns":2.0},{"damage":4.0,"enemies":"Jaw Worm","floor":2.0,"turns":4.0},{"damage":1.0,"enemies":"Cultist","floor":8.0,"turns":3.0},{"damage":8.0,"enemies":"Blue Slaver","floor":11.0,"turns":2.0},{"damage":6.0,"enemies":"3 Sentries","floor":13.0,"turns":6.0},{"damage":6.0,"enemies":"Looter","floor":14.0,"turns":3.0},{"damage":15.0,"enemies":"The Guardian","floor":16.0,"turns":9.0},{"damage":22.0,"enemies":"Shell Parasite","floor":18.0,"turns":5.0},{"damage":0.0,"enemies":"2 Thieves","floor":20.0,"turns":3.0},{"damage":19.0,"enemies":"Centurion and Healer","floor":21.0,"turns":9.0},{"damage":27.0,"enemies":"Colosseum Slavers","floor":22.0,"turns":2.0},{"damage":8.0,"enemies":"Colosseum Nobs","floor":22.0,"turns":3.0},{"damage":35.0,"enemies":"Slavers","floor":24.0,"turns":7.0},{"damage":22.0,"enemies":"Shelled Parasite and Fungi","floor":28.0,"turns":4.0},{"damage":48,"enemies":"Book of Stabbing","floor":31,"turns":3}],"seed_played":"-7500198021550138316","potions_obtained":[{"floor":1.0,"key":"SteroidPotion"},{"floor":11.0,"key":"SteroidPotion"},{"floor":14.0,"key":"FearPotion"},{"floor":21.0,"key":"SteroidPotion"},{"floor":22.0,"key":"FearPotion"},{"floor":24.0,"key":"Swift Potion"}],"is_trial":false,"path_per_floor":["M","M","?","?","?","R","$","M","T","R","M","R","E","M","R","B",null,"M","?","M","M","?","R","E","R","T","R","M","R","?","E"],"character_chosen":"DEFECT","items_purchased":["Sunder"],"campfire_rested":1,"item_purchase_floors":[7],"current_hp_per_floor":[57,60,49,42,42,42,42,48,48,48,47,47,48,49,49,41,58,43,43,50,50,41,41,25,44,54,54,44,44,44,0],"gold":335,"neow_bonus":"RANDOM_COLORLESS_2","is_prod":false,"is_daily":false,"chose_seed":false,"campfire_upgraded":7,"win_rate":0,"timestamp":1544266115,"path_taken":["M","M","?","?","?","R","$","?","T","R","M","R","E","M","R","BOSS","M","?","M","M","?","R","E","R","T","R","M","R","?","E"],"build_version":"2018-12-06","purchased_purges":0,"victory":false,"max_hp_per_floor":[64,64,64,64,64,64,64,64,64,64,64,64,64,64,64,64,64,64,64,64,64,64,64,64,64,74,74,74,74,74,74],"card_choices":[{"not_picked":["Rebound","Steam Power"],"picked":"Self Repair","floor":1.0},{"not_picked":["BootSequence","Gash"],"picked":"Go for the Eyes","floor":2.0},{"not_picked":["Redo","Creative AI"],"picked":"Leap","floor":8.0},{"not_picked":["Redo","Static Discharge","Turbo"],"picked":"SKIP","floor":11.0},{"not_picked":["Rip and Tear","Fusion"],"picked":"Darkness","floor":13.0},{"not_picked":["Sweeping Beam","Steam","Heatsinks"],"picked":"SKIP","floor":14.0},{"not_picked":["Core Surge","Fission"],"picked":"Electrodynamics","floor":16.0},{"not_picked":["Cold Snap","Conserve Battery"],"picked":"Skim","floor":18.0},{"not_picked":["Coolheaded","Sunder+1"],"picked":"Glacier","floor":20.0},{"not_picked":["Leap","Sweeping Beam"],"picked":"Lockon+1","floor":21.0},{"not_picked":["Stack","Barrage"],"picked":"Steam","floor":22.0},{"not_picked":["Streamline","Steam","Sweeping Beam","Blizzard"],"picked":"SKIP","floor":24.0},{"not_picked":["Steam+1","Stack+1","Genetic Algorithm+1"],"picked":"Tempest+1","floor":28.0}],"player_experience":597501,"relics_obtained":[{"floor":9.0,"key":"Meat on the Bone"},{"floor":13.0,"key":"Tiny Chest"},{"floor":22.0,"key":"Nunchaku"},{"floor":22.0,"key":"Question Card"},{"floor":24.0,"key":"Toxic Egg 2"},{"floor":26.0,"key":"Pear"}],"event_choices":[{"damage_healed":0.0,"max_hp_gain":0.0,"max_hp_loss":0.0,"gold_gain":0.0,"event_name":"Scrap Ooze","player_choice":"Success","floor":3.0,"gold_loss":0.0,"damage_taken":11.0,"relics_obtained":["Vajra"]},{"cards_removed":["Strike_B"],"damage_healed":0.0,"max_hp_gain":0.0,"max_hp_loss":0.0,"gold_gain":0.0,"event_name":"Golden Wing","player_choice":"Card Removal","floor":4.0,"gold_loss":0.0,"damage_taken":7.0},{"cards_removed":["Strike_B"],"damage_healed":0.0,"max_hp_gain":0.0,"max_hp_loss":0.0,"gold_gain":0.0,"event_name":"Purifier","player_choice":"Purged","floor":5.0,"gold_loss":0.0,"damage_taken":0.0},{"cards_removed":["Strike_B"],"damage_healed":0.0,"max_hp_gain":0.0,"max_hp_loss":0.0,"gold_gain":0.0,"event_name":"Beggar","player_choice":"Gave Gold","floor":19.0,"gold_loss":75.0,"damage_taken":0.0},{"damage_healed":0.0,"max_hp_gain":0.0,"max_hp_loss":0.0,"gold_gain":0.0,"event_name":"Colosseum","player_choice":"Fight","floor":22.0,"gold_loss":0.0,"damage_taken":0.0},{"damage_healed":0.0,"max_hp_gain":0.0,"max_hp_loss":0.0,"gold_gain":0.0,"event_name":"Colosseum","player_choice":"Fought Nobs","floor":22.0,"gold_loss":0.0,"damage_taken":0.0},{"damage_healed":0.0,"max_hp_gain":0.0,"max_hp_loss":0.0,"gold_gain":0.0,"event_name":"Vampires","player_choice":"Ignored","floor":30.0,"gold_loss":0.0,"damage_taken":0.0}],"is_beta":true,"boss_relics":[{"not_picked":["Fusion Hammer","Tiny House"],"picked":"Nuclear Battery"}],"items_purged_floors":[],"is_endless":false,"potions_floor_spawned":[1,11,14,21,22,24],"killed_by":"Book of Stabbing","ascension_level":20}