{"gold_per_floor":[114,114,64,44,56,89,89,108,108,33,47,47,47,81,81,81],"floor_reached":16,"playtime":410,"items_purged":["Strike_R"],"score":206,"play_id":"5bf59508-f4bb-49d8-81b3-73e2c6b012bd","local_time":"20181112180001","is_ascension_mode":true,"campfire_choices":[{"data":"Searing Blow","floor":7,"key":"SMITH"},{"data":"Searing Blow+1","floor":13,"key":"SMITH"},{"data":"Searing Blow+2","floor":15,"key":"SMITH"}],"neow_cost":"NONE","seed_source_timestamp":3926950010119,"circlet_count":0,"master_deck":["AscendersBane","Strike_R","Strike_R+1","Strike_R+1","Defend_R","Defend_R","Defend_R","Defend_R","Bash","Fiend Fire","Cleave","Searing Blow+3","Double Tap","Shockwave"],"relics":["Burning Blood","Pocketwatch","Shuriken","The Courier"],"potions_floor_usage":[14,16],"damage_taken":[{"damage":8,"enemies":"2 Louse","floor":1,"turns":3},{"damage":0,"enemies":"Cultist","floor":5,"turns":2},{"damage":45,"enemies":"3 Sentries","floor":6,"turns":8},{"damage":12,"enemies":"Small Slimes","floor":8,"turns":2},{"damage":8,"enemies":"Blue Slaver","floor":11,"turns":2},{"damage":0,"enemies":"Gremlin Nob","floor":14,"turns":2},{"damage":19,"enemies":"The Guardian","floor":16,"turns":11}],"seed_played":"4475742084023244881","potions_obtained":[{"floor":1,"key":"SteroidPotion"},{"floor":4,"key":"GamblersBrew"}],"is_trial":false,"path_per_floor":["M","?","?","?","M","E","R","M","T","$","M","$","R","E","R","B"],"character_chosen":"IRONCLAD","items_purchased":[],"campfire_rested":0,"item_purchase_floors":[],"current_hp_per_floor":[70,54,54,54,60,21,21,15,15,15,13,13,13,19,19,0],"gold":81,"neow_bonus":"ONE_RANDOM_RARE_CARD","is_prod":false,"is_daily":false,"chose_seed":false,"campfire_upgraded":3,"win_rate":0,"timestamp":1542016801,"path_taken":["M","?","?","?","?","E","R","M","T","?","M","$","R","E","R","BOSS"],"build_version":"2018-11-08","purchased_purges":1,"victory":false,"max_hp_per_floor":[80,80,80,80,80,80,80,80,80,80,80,80,80,80,80,80],"card_choices":[{"not_picked":["Carnage","Combust"],"picked":"Cleave","floor":1},{"not_picked":["Flex","Entrench"],"picked":"Searing Blow","floor":5},{"not_picked":["Hemokinesis","Combust"],"picked":"Double Tap","floor":6},{"not_picked":["Shrug It Off","Blood for Blood","Power Through"],"picked":"SKIP","floor":8},{"not_picked":["Sword Boomerang","Whirlwind"],"picked":"Shockwave","floor":11},{"not_picked":["Perfected Strike","Power Through","Body Slam"],"picked":"SKIP","floor":14}],"player_experience":536198,"relics_obtained":[{"floor":6,"key":"Pocketwatch"},{"floor":9,"key":"Shuriken"},{"floor":14,"key":"The Courier"}],"event_choices":[{"damage_healed":0,"gold_gain":0,"player_choice":"Entered Light","damage_taken":16,"max_hp_gain":0,"max_hp_loss":0,"event_name":"Shining Light","floor":2,"gold_loss":0,"cards_upgraded":["Strike_R","Strike_R"]},{"cards_removed":["Strike_R"],"damage_healed":0,"gold_gain":0,"player_choice":"Card Removal","damage_taken":0,"max_hp_gain":0,"max_hp_loss":0,"event_name":"The Cleric","floor":3,"gold_loss":50},{"damage_healed":0,"gold_gain":0,"player_choice":"Bought 1 Potion","damage_taken":0,"max_hp_gain":0,"max_hp_loss":0,"event_name":"The Woman in Blue","floor":4,"gold_loss":0}],"is_beta":true,"boss_relics":[],"items_purged_floors":[10],"is_endless":false,"potions_floor_spawned":[1,5,6],"killed_by":"The Guardian","ascension_level":11}