{"gold_per_floor":[20,33,50,50,50,75,92,92,92,92,102,112,112],"floor_reached":13,"playtime":863,"items_purged":[],"score":165,"play_id":"da4daf98-58d0-42da-a677-a4b9172d40fe","local_time":"20180915082137","is_ascension_mode":true,"campfire_choices":[{"floor":8.0,"key":"REST"},{"data":"Zap","floor":10.0,"key":"SMITH"}],"neow_cost":"NO_GOLD","seed_source_timestamp":0,"circlet_count":0,"master_deck":["Strike_B","Strike_B","Strike_B","Strike_B","Defend_B","Defend_B","Defend_B","Defend_B","Zap+1","Dualcast","AscendersBane","Leap","Capacitor","Fission","Chaos","FTL","Redo","Go for the Eyes"],"special_seed":0,"relics":["Cracked Core","Pear","Symbiotic Virus"],"potions_floor_usage":[],"damage_taken":[{"damage":7.0,"enemies":"Jaw Worm","floor":1.0,"turns":3.0},{"damage":8.0,"enemies":"2 Louse","floor":2.0,"turns":3.0},{"damage":0.0,"enemies":"Small Slimes","floor":3.0,"turns":3.0},{"damage":52.0,"enemies":"3 Sentries","floor":6.0,"turns":8.0},{"damage":5.0,"enemies":"2 Fungi Beasts","floor":7.0,"turns":4.0},{"damage":7.0,"enemies":"Large Slime","floor":11.0,"turns":3.0},{"damage":24.0,"enemies":"Gremlin Gang","floor":12.0,"turns":4.0},{"damage":2,"enemies":"Blue Slaver","floor":13,"turns":2}],"seed_played":"-2179400496456050330","potions_obtained":[{"floor":2.0,"key":"Dexterity Potion"},{"floor":6.0,"key":"Swift Potion"}],"is_trial":false,"path_per_floor":["M","M","M","?","$","E","M","R","T","R","M","M"],"character_chosen":"DEFECT","items_purchased":[],"campfire_rested":1,"item_purchase_floors":[],"current_hp_per_floor":[57,49,49,54,54,12,7,32,32,32,25,1,0],"gold":112,"neow_bonus":"THREE_RARE_CARDS","is_prod":false,"is_daily":false,"chose_seed":false,"campfire_upgraded":1,"win_rate":0,"timestamp":1536970897,"path_taken":["M","M","M","?","$","E","M","R","T","R","M","M","M"],"build_version":"2018-09-12","purchased_purges":0,"victory":false,"max_hp_per_floor":[71,71,71,76,76,86,86,86,86,86,86,86,86],"card_choices":[{"not_picked":["Echo Form","Rainbow"],"picked":"Biased Cognition","floor":0.0},{"not_picked":["Hologram","Double Energy"],"picked":"Leap","floor":1.0},{"not_picked":["Cold Snap","Stack"],"picked":"Capacitor","floor":2.0},{"not_picked":["Scrape","Fusion"],"picked":"Fission","floor":3.0},{"not_picked":["Lockon","Leap"],"picked":"Chaos","floor":6.0},{"not_picked":["Sweeping Beam","Gash"],"picked":"FTL","floor":7.0},{"not_picked":["Steam","Lockon"],"picked":"Redo","floor":11.0},{"not_picked":["Rebound","Streamline"],"picked":"Go for the Eyes","floor":12.0}],"player_experience":329965,"relics_obtained":[{"floor":6.0,"key":"Pear"},{"floor":9.0,"key":"Symbiotic Virus"}],"event_choices":[{"event_name":"Big Fish","player_choice":"Donut","floor":4.0,"damage_taken":0.0}],"is_beta":true,"boss_relics":[],"items_purged_floors":[],"is_endless":false,"potions_floor_spawned":[2,6],"killed_by":"Blue Slaver","ascension_level":18}