{"gold_per_floor":[118,130,144,163,179,179,211,211,211,221,221,221,236,236,236,308,308,327,327,347,366,381,381,401,401,401,401,401,316,55,66,66,145,145,145,83,128,76,93,126,126,126,126,136,136,152,152,0,0,0],"floor_reached":51,"playtime":2508,"items_purged":[],"score":1415,"play_id":"7b8f9c64-7e5d-4307-a2b7-5f082c86515e","local_time":"20180915122920","is_ascension_mode":true,"campfire_choices":[{"data":"Genetic Algorithm","floor":6.0,"key":"SMITH"},{"data":"Defragment","floor":8.0,"key":"SMITH"},{"floor":11.0,"key":"REST"},{"data":"Seek","floor":15.0,"key":"SMITH"},{"data":"Dualcast","floor":23.0,"key":"SMITH"},{"floor":25.0,"key":"REST"},{"floor":27.0,"key":"REST"},{"data":"Go for the Eyes","floor":32.0,"key":"SMITH"},{"floor":42,"key":"REST"},{"data":"Gash","floor":45,"key":"SMITH"},{"data":"Meteor Strike","floor":49,"key":"SMITH"}],"neow_cost":"TEN_PERCENT_HP_LOSS","seed_source_timestamp":4899535076307,"circlet_count":0,"master_deck":["Defend_B+1","Defend_B+1","Defend_B+1","Zap+1","Dualcast+1","AscendersBane","Seek+1","Sweeping Beam+1","Streamline+1","Gash+1","Genetic Algorithm+1","Gash+1","Cold Snap+1","Defragment+1","Leap+1","Coolheaded+1","Echo Form+1","Hologram+1","Rainbow+1","Barrage+1","Beam Cell+1","Go for the Eyes+1","Ghostly+1","Ghostly+1","Ghostly+1","Ghostly+1","Ghostly+1","Stack+1","Tempest+1","Chaos+1","Buffer+1","Storm+1","Buffer+1","Core Surge+1","Redo+1","Hologram+1","Redo+1","Redo+1","Seek+1","Gash+1","Double Energy+1","Meteor Strike+1"],"special_seed":0,"relics":["Cracked Core","Dodecahedron","Toxic Egg 2","Nuclear Battery","Dead Branch","Kunai","Astrolabe","Ice Cream","Shuriken","Mark of the Bloom","Prayer Wheel","Red Mask"],"potions_floor_usage":[40,50],"damage_taken":[{"damage":4.0,"enemies":"Jaw Worm","floor":1.0,"turns":3.0},{"damage":1.0,"enemies":"Cultist","floor":2.0,"turns":4.0},{"damage":0.0,"enemies":"Small Slimes","floor":3.0,"turns":2.0},{"damage":13.0,"enemies":"3 Louse","floor":4.0,"turns":2.0},{"damage":8.0,"enemies":"Blue Slaver","floor":5.0,"turns":3.0},{"damage":27.0,"enemies":"3 Sentries","floor":7.0,"turns":5.0},{"damage":6.0,"enemies":"2 Fungi Beasts","floor":10.0,"turns":3.0},{"damage":6.0,"enemies":"Looter","floor":13.0,"turns":2.0},{"damage":21.0,"enemies":"The Guardian","floor":16.0,"turns":10.0},{"damage":0.0,"enemies":"Spheric Guardian","floor":18.0,"turns":3.0},{"damage":13.0,"enemies":"Shell Parasite","floor":20.0,"turns":5.0},{"damage":0.0,"enemies":"Centurion and Healer","floor":21.0,"turns":5.0},{"damage":3.0,"enemies":"Chosen and Byrds","floor":22.0,"turns":7.0},{"damage":32.0,"enemies":"Snake Plant","floor":24.0,"turns":3.0},{"damage":0.0,"enemies":"Snecko","floor":31.0,"turns":5.0},{"damage":0.0,"enemies":"Collector","floor":33.0,"turns":9.0},{"damage":0.0,"enemies":"3 Shapes","floor":35.0,"turns":1.0},{"damage":12.0,"enemies":"Mysterious Sphere","floor":37.0,"turns":8.0},{"damage":0.0,"enemies":"Orb Walker","floor":39.0,"turns":3.0},{"damage":4,"enemies":"2 Orb Walkers","floor":40,"turns":6},{"damage":0,"enemies":"Maw","floor":44,"turns":8},{"damage":0,"enemies":"4 Shapes","floor":46,"turns":5},{"damage":3,"enemies":"Donu and Deca","floor":50,"turns":12}],"seed_played":"-3998569728657787761","potions_obtained":[{"floor":1.0,"key":"Strength Potion"},{"floor":5.0,"key":"Regen Potion"},{"floor":7.0,"key":"Fire Potion"},{"floor":21.0,"key":"Regen Potion"},{"floor":22.0,"key":"Fire Potion"},{"floor":40,"key":"Fruit Juice"},{"floor":46,"key":"GamblersBrew"}],"is_trial":false,"path_per_floor":["M","M","M","M","M","R","E","R","T","M","R","?","M","?","R","B",null,"M","?","M","M","M","R","M","R","T","R","?","?","$","M","R","B",null,"M","$","?","$","M","E","?","R","T","M","R","M","$","?","R","B"],"character_chosen":"DEFECT","items_purchased":["Stack+1","Tempest+1","SmokeBomb","Redo+1","Redo+1"],"campfire_rested":4,"item_purchase_floors":[30,30,30,36,38],"current_hp_per_floor":[60,59,59,46,38,38,25,25,25,19,38,38,32,32,32,11,51,51,51,38,38,35,35,12,31,31,50,32,32,32,32,32,32,32,32,32,20,20,20,21,21,21,21,21,21,21,21,21,21,18],"gold":0,"neow_bonus":"TRANSFORM_TWO_CARDS","is_prod":false,"is_daily":false,"chose_seed":false,"campfire_upgraded":7,"win_rate":0,"timestamp":1536985760,"path_taken":["M","M","M","M","M","R","E","R","T","M","R","?","M","?","R","BOSS","M","?","M","?","M","R","M","R","T","R","?","?","?","?","R","BOSS","M","?","?","$","?","E","?","R","T","M","R","?","?","?","R","BOSS"],"build_version":"2018-09-12","purchased_purges":0,"victory":true,"max_hp_per_floor":[64,64,64,64,64,64,64,64,64,64,64,64,64,64,64,64,64,64,64,64,64,64,64,64,64,64,64,32,32,32,32,32,32,32,32,32,32,32,32,37,37,37,37,37,37,37,37,37,37,37],"card_choices":[{"not_picked":["Doom and Gloom","Beam Cell"],"picked":"Streamline","floor":1.0},{"not_picked":["Go for the Eyes","Sweeping Beam"],"picked":"Gash","floor":2.0},{"not_picked":["Streamline","Stack"],"picked":"Genetic Algorithm","floor":3.0},{"not_picked":["Reprogram","Lockon"],"picked":"Gash","floor":4.0},{"not_picked":["Storm","Sweeping Beam"],"picked":"Cold Snap","floor":5.0},{"not_picked":["Go for the Eyes","Hello World"],"picked":"Defragment","floor":7.0},{"not_picked":["Barrage","Blizzard"],"picked":"Leap+1","floor":10.0},{"not_picked":["Streamline","Loop"],"picked":"Coolheaded+1","floor":13.0},{"not_picked":["Biased Cognition","Buffer"],"picked":"Echo Form","floor":16.0},{"not_picked":["Go for the Eyes","Ball Lightning"],"picked":"Hologram+1","floor":18.0},{"not_picked":["Rebound","Streamline"],"picked":"Rainbow+1","floor":20.0},{"not_picked":["Storm","Blizzard"],"picked":"Barrage","floor":21.0},{"not_picked":["Scrape","Leap+1"],"picked":"Beam Cell+1","floor":22.0},{"not_picked":["Cold Snap","Hologram+1"],"picked":"Go for the Eyes","floor":24.0},{"not_picked":["Reprogram+1","Double Energy+1"],"picked":"Chaos+1","floor":31.0},{"not_picked":["Hyperbeam","Machine Learning"],"picked":"Buffer","floor":33.0},{"not_picked":["Cold Snap","Go for the Eyes"],"picked":"Hologram+1","floor":37.0},{"not_picked":["Beam Cell","Chill+1"],"picked":"Redo+1","floor":39.0},{"not_picked":["Ball Lightning","Loop","Coolheaded+1"],"picked":"SKIP","floor":40},{"not_picked":["Heatsinks","Redo+1"],"picked":"Seek+1","floor":44},{"not_picked":["Hologram+1","Beam Cell+1"],"picked":"Gash","floor":44},{"not_picked":["Sweeping Beam","Static Discharge"],"picked":"Double Energy+1","floor":46},{"not_picked":["Leap+1","Go for the Eyes"],"picked":"Meteor Strike","floor":46}],"player_experience":334764,"relics_obtained":[{"floor":7.0,"key":"Dodecahedron"},{"floor":9.0,"key":"Toxic Egg 2"},{"floor":26.0,"key":"Dead Branch"},{"floor":37.0,"key":"Ice Cream"},{"floor":40,"key":"Shuriken"},{"floor":43,"key":"Prayer Wheel"}],"event_choices":[{"event_name":"Upgrade Shrine","player_choice":"Upgraded","floor":12.0,"damage_taken":0.0},{"event_name":"Living Wall","player_choice":"Change","floor":14.0,"damage_taken":0.0},{"event_name":"Back to Basics","player_choice":"Simplicity","floor":19.0,"damage_taken":0.0},{"event_name":"Ghosts","player_choice":"Became a Ghost","floor":28.0,"damage_taken":0.0},{"event_name":"Addict","player_choice":"Obtained Relic","floor":29.0,"damage_taken":0.0},{"event_name":"Mysterious Sphere","player_choice":"Fight","floor":37.0,"damage_taken":0.0},{"event_name":"MindBloom","player_choice":"Upgrade","floor":41,"damage_taken":0},{"event_name":"Tomb of Lord Red Mask","player_choice":"Paid","floor":48,"damage_taken":0}],"is_beta":true,"boss_relics":[{"not_picked":["Runic Pyramid","Calling Bell"],"picked":"Nuclear Battery"},{"not_picked":["White Beast Statue","Sozu"],"picked":"Astrolabe"}],"items_purged_floors":[],"is_endless":false,"potions_floor_spawned":[1,5,7,21,22,31,40,46],"ascension_level":18}