{"gold_per_floor":[115,76,76,76,151,180,180,180,180,180,111,139,152,167,167,266,266,285,285,10,10,26,52,2,2,28,28],"floor_reached":27,"playtime":674,"items_purged":[],"score":294,"play_id":"0c90757b-6ecb-4501-992f-1a92af83921c","local_time":"20181006163054","is_ascension_mode":true,"campfire_choices":[{"data":"Bash","floor":7,"key":"SMITH"},{"data":"Anger","floor":10,"key":"SMITH"},{"data":"Whirlwind","floor":15,"key":"SMITH"},{"data":"Body Slam","floor":25,"key":"SMITH"}],"neow_cost":"NONE","seed_source_timestamp":6971105822256,"circlet_count":0,"master_deck":["Strike_R","Strike_R","Defend_R","Defend_R","Bash+1","Shrug It Off","Anger+1","Battle Trance","Offering","Parasite","Whirlwind+1","Corruption+1","Berserk+1","Battle Trance+1","Barricade+1","Second Wind+1","Feel No Pain+1","Body Slam+1"],"relics":["Burning Blood","Champion Belt","Singing Bowl","Shuriken","Sundial","Frozen Egg 2","Astrolabe","Chemical X","Molten Egg 2","Happy Flower"],"potions_floor_usage":[23,27],"damage_taken":[{"damage":11,"enemies":"Jaw Worm","floor":1,"turns":4},{"damage":34,"enemies":"Gremlin Nob","floor":6,"turns":4},{"damage":26,"enemies":"Lagavulin","floor":12,"turns":3},{"damage":0,"enemies":"2 Louse","floor":13,"turns":1},{"damage":6,"enemies":"Small Slimes","floor":14,"turns":2},{"damage":47,"enemies":"The Guardian","floor":16,"turns":9},{"damage":12,"enemies":"3 Byrds","floor":18,"turns":4},{"damage":6,"enemies":"Chosen","floor":22,"turns":3},{"damage":37,"enemies":"Gremlin Leader","floor":23,"turns":4},{"damage":60,"enemies":"Book of Stabbing","floor":27,"turns":3}],"seed_played":"7439377360192602066","potions_obtained":[{"floor":1,"key":"BloodPotion"},{"floor":18,"key":"Explosive Potion"}],"is_trial":false,"path_per_floor":["M","$","?","?","T","E","R","?","T","R","$","E","M","M","R","B",null,"M","?","$","?","M","E","?","R","T"],"character_chosen":"IRONCLAD","items_purchased":["Battle Trance","Whirlwind","Chemical X","Feel No Pain+1"],"campfire_rested":0,"item_purchase_floors":[2,11,20,20],"current_hp_per_floor":[75,75,75,72,72,46,46,66,66,66,66,48,54,56,56,15,68,64,64,64,64,64,35,35,35,35,0],"gold":28,"neow_bonus":"THREE_CARDS","is_prod":false,"is_daily":false,"chose_seed":false,"campfire_upgraded":4,"win_rate":0,"timestamp":1538814654,"path_taken":["M","$","?","?","?","E","R","?","T","R","$","E","?","M","R","BOSS","M","?","$","?","?","E","?","R","T","E"],"build_version":"2018-10-04","purchased_purges":0,"victory":false,"max_hp_per_floor":[80,80,80,80,80,82,82,82,82,82,82,84,84,86,86,86,86,88,88,88,88,88,90,90,90,90,90],"card_choices":[{"not_picked":["Pommel Strike","Cleave"],"picked":"Shrug It Off","floor":0},{"not_picked":["Uppercut","Pommel Strike"],"picked":"Anger","floor":1},{"not_picked":["Iron Wave","Carnage","Second Wind"],"picked":"Singing Bowl","floor":6},{"not_picked":["Iron Wave","Second Wind","Seeing Red"],"picked":"Singing Bowl","floor":12},{"not_picked":["Perfected Strike","True Grit"],"picked":"Corruption+1","floor":13},{"not_picked":["Reckless Charge","Clash","Infernal Blade"],"picked":"Singing Bowl","floor":14},{"not_picked":["Double Tap","Immolate"],"picked":"Berserk+1","floor":16},{"not_picked":["Sword Boomerang","Clash","Twin Strike+1"],"picked":"Singing Bowl","floor":18},{"not_picked":["Clothesline+1","Rampage+1"],"picked":"Body Slam","floor":22},{"not_picked":["Whirlwind","Anger","Bludgeon"],"picked":"Singing Bowl","floor":23}],"player_experience":415948,"relics_obtained":[{"floor":5,"key":"Singing Bowl"},{"floor":6,"key":"Shuriken"},{"floor":9,"key":"Sundial"},{"floor":12,"key":"Frozen Egg 2"},{"floor":23,"key":"Molten Egg 2"},{"floor":26,"key":"Happy Flower"}],"event_choices":[{"event_name":"Living Wall","player_choice":"Change","floor":3,"damage_taken":0},{"event_name":"Scrap Ooze","player_choice":"success","floor":4,"damage_taken":3},{"event_name":"Mushrooms","player_choice":"Healed and dodged fight","floor":8,"damage_taken":0},{"event_name":"Back to Basics","player_choice":"Elegance","floor":19,"damage_taken":0},{"event_name":"Beggar","player_choice":"Ignored","floor":21,"damage_taken":0},{"event_name":"The Joust","player_choice":"Bet on Owner","floor":24,"damage_taken":0}],"is_beta":true,"boss_relics":[{"not_picked":["Snecko Eye","Sozu"],"picked":"Astrolabe"}],"items_purged_floors":[],"is_endless":false,"potions_floor_spawned":[1,18],"killed_by":"Book of Stabbing","ascension_level":5}