{"gold_per_floor":[10,10,29,29,46,46,78,78,78,110,126,126,276,290,290,385,385,409,324,347,372,372,372,406,406,406,406,444,444,444,463,463,562,562,576,632,657,678,678,678,678],"floor_reached":41,"playtime":2484,"items_purged":[],"score":1078,"play_id":"643843dc-1ebd-4c6a-8557-c47f26af2c37","local_time":"20180922200703","is_ascension_mode":true,"campfire_choices":[{"data":"Zap","floor":6.0,"key":"SMITH"},{"floor":8.0,"key":"REST"},{"data":"Defragment","floor":15.0,"key":"SMITH"},{"floor":23.0,"key":"REST"},{"data":"Fusion","floor":27.0,"key":"SMITH"},{"data":"Ghostly","floor":32.0,"key":"SMITH"},{"data":"Redo","floor":40.0,"key":"SMITH"}],"neow_cost":"NO_GOLD","seed_source_timestamp":18807941076132,"circlet_count":0,"master_deck":["Strike_B","Strike_B+1","Strike_B","Strike_B","Defend_B","Defend_B","Defend_B","Defend_B+1","Zap+1","Dualcast","AscendersBane","BootSequence","Coolheaded","Cold Snap","Defragment+1","Conserve Battery","Streamline","Fusion+1","Echo Form","Sunder","Self Repair","Ball Lightning","FTL","Ghostly+1","Ghostly","Ghostly","Ghostly","Ghostly","Heatsinks","Loop","Reboot","Writhe","Pain","Stack+1","Redo+1","Leap","Master of Strategy","Blind","Secret Technique"],"special_seed":0,"relics":["Cracked Core","Du-Vu Doll","Omamori","Pocketwatch","Letter Opener","Kunai","Golden Idol","Nuclear Battery","Mercury Hourglass","Bottled Tornado","Mummified Hand","Cables","MutagenicStrength","Calling Bell","Boot","Pantograph","Bird Faced Urn","Dead Branch"],"potions_floor_usage":[],"damage_taken":[{"damage":4.0,"enemies":"Jaw Worm","floor":1.0,"turns":3.0},{"damage":0.0,"enemies":"2 Louse","floor":3.0,"turns":2.0},{"damage":0.0,"enemies":"Small Slimes","floor":5.0,"turns":2.0},{"damage":28.0,"enemies":"Gremlin Nob","floor":7.0,"turns":4.0},{"damage":1.0,"enemies":"Lagavulin","floor":10.0,"turns":7.0},{"damage":3.0,"enemies":"Looter","floor":11.0,"turns":3.0},{"damage":0.0,"enemies":"Blue Slaver","floor":14.0,"turns":2.0},{"damage":16.0,"enemies":"The Guardian","floor":16.0,"turns":12.0},{"damage":0.0,"enemies":"Chosen","floor":18.0,"turns":5.0},{"damage":0.0,"enemies":"Spheric Guardian","floor":20.0,"turns":3.0},{"damage":29.0,"enemies":"Centurion and Healer","floor":21.0,"turns":4.0},{"damage":13.0,"enemies":"Colosseum Slavers","floor":22.0,"turns":3.0},{"damage":4.0,"enemies":"Gremlin Leader","floor":24.0,"turns":6.0},{"damage":0.0,"enemies":"Book of Stabbing","floor":28.0,"turns":5.0},{"damage":0.0,"enemies":"Shelled Parasite and Fungi","floor":31.0,"turns":7.0},{"damage":0.0,"enemies":"Collector","floor":33.0,"turns":12.0},{"damage":2.0,"enemies":"3 Shapes","floor":35.0,"turns":3.0},{"damage":17.0,"enemies":"Mysterious Sphere","floor":36.0,"turns":5.0},{"damage":1.0,"enemies":"Orb Walker","floor":37.0,"turns":3.0},{"damage":9.0,"enemies":"Sphere and 2 Shapes","floor":38.0,"turns":4.0},{"damage":29,"enemies":"Reptomancer","floor":41,"turns":2}],"seed_played":"-6502780514837978665","potions_obtained":[{"floor":3.0,"key":"SpeedPotion"},{"floor":5.0,"key":"FocusPotion"},{"floor":16.0,"key":"Weak Potion"},{"floor":18.0,"key":"Swift Potion"},{"floor":20.0,"key":"EssenceOfSteel"},{"floor":33.0,"key":"Dexterity Potion"},{"floor":37.0,"key":"Energy Potion"}],"is_trial":false,"path_per_floor":["M","?","M","T","M","R","E","R","T","E","M","?","?","M","R","B",null,"M","?","M","M","?","R","E","?","T","R","E","?","?","M","R","B",null,"M","?","M","M","?","R"],"character_chosen":"DEFECT","items_purchased":[],"campfire_rested":2,"item_purchase_floors":[],"current_hp_per_floor":[60,39,39,39,39,39,11,32,32,31,28,28,28,28,28,12,51,51,51,51,29,23,42,45,32,32,32,32,32,32,32,32,32,32,32,19,29,32,22,22,0],"gold":678,"neow_bonus":"ONE_RARE_RELIC","is_prod":false,"is_daily":false,"chose_seed":false,"campfire_upgraded":5,"win_rate":0,"timestamp":1537618023,"path_taken":["M","?","M","?","M","R","E","R","T","E","M","?","?","M","R","BOSS","M","?","M","M","?","R","E","?","T","R","E","?","?","?","R","BOSS","M","?","M","M","?","R","?"],"build_version":"2018-09-20","purchased_purges":0,"victory":false,"max_hp_per_floor":[71,71,71,71,71,71,71,71,71,71,71,64,64,64,64,64,64,64,64,64,64,64,64,64,32,32,32,32,32,32,32,32,32,32,32,32,32,32,32,32,32],"card_choices":[{"not_picked":["Turbo","Reinforced Body"],"picked":"BootSequence","floor":1.0},{"not_picked":["FTL","Beam Cell"],"picked":"Coolheaded","floor":3.0},{"not_picked":["Rebound","Conserve Battery"],"picked":"Cold Snap","floor":5.0},{"not_picked":["Lockon","Cold Snap"],"picked":"Defragment","floor":7.0},{"not_picked":["Rebound","Turbo"],"picked":"Conserve Battery","floor":10.0},{"not_picked":["Hologram","Cold Snap"],"picked":"Streamline","floor":11.0},{"not_picked":["Thunder Strike","Hologram"],"picked":"Fusion","floor":14.0},{"not_picked":["Meteor Strike","Seek"],"picked":"Echo Form","floor":16.0},{"not_picked":["Conserve Battery","Heatsinks"],"picked":"Sunder","floor":18.0},{"not_picked":["Barrage","Gash+1"],"picked":"Self Repair","floor":20.0},{"not_picked":["Leap","Chill"],"picked":"Ball Lightning","floor":21.0},{"not_picked":["Streamline","Tempest"],"picked":"FTL","floor":24.0},{"not_picked":["Coolheaded","Reprogram"],"picked":"Heatsinks","floor":28.0},{"not_picked":["Turbo","Melter"],"picked":"Loop","floor":31.0},{"not_picked":["Thunder Strike","Biased Cognition"],"picked":"Reboot","floor":33.0},{"not_picked":["Melter+1","Aggregate+1"],"picked":"Stack+1","floor":35.0},{"not_picked":["Chill","Sweeping Beam"],"picked":"Redo","floor":36.0},{"not_picked":["Compile Driver","Redo","Reprogram"],"picked":"SKIP","floor":37.0},{"not_picked":["Lockon","Barrage"],"picked":"Leap","floor":38.0},{"not_picked":["Swift Strike","PanicButton"],"picked":"Master of Strategy","floor":39.0},{"not_picked":["Purity","PanicButton"],"picked":"Blind","floor":39.0},{"not_picked":["HandOfGreed","Secret Weapon"],"picked":"Secret Technique","floor":39.0}],"player_experience":378949,"relics_obtained":[{"floor":4.0,"key":"Omamori"},{"floor":7.0,"key":"Pocketwatch"},{"floor":9.0,"key":"Letter Opener"},{"floor":10.0,"key":"Kunai"},{"floor":24.0,"key":"Bottled Tornado"},{"floor":26.0,"key":"Mummified Hand"},{"floor":28.0,"key":"Cables"},{"floor":34.0,"key":"Boot"},{"floor":34.0,"key":"Pantograph"},{"floor":34.0,"key":"Bird Faced Urn"},{"floor":36.0,"key":"Dead Branch"}],"event_choices":[{"event_name":"Shining Light","player_choice":"Entered Light","floor":2.0,"damage_taken":0.0},{"event_name":"Golden Idol","player_choice":"Lose Max HP","floor":12.0,"damage_taken":0.0},{"event_name":"Liars Game","player_choice":"agreed","floor":13.0,"damage_taken":0.0},{"event_name":"Addict","player_choice":"Obtained Relic","floor":19.0,"damage_taken":0.0},{"event_name":"Colosseum","player_choice":"Fight","floor":22.0,"damage_taken":0.0},{"event_name":"Colosseum","player_choice":"Fled From Nobs","floor":22.0,"damage_taken":0.0},{"event_name":"Ghosts","player_choice":"Became a Ghost","floor":25.0,"damage_taken":0.0},{"event_name":"Vampires","player_choice":"Ignored","floor":29.0,"damage_taken":0.0},{"event_name":"Drug Dealer","player_choice":"Inject Mutagens","floor":30.0,"damage_taken":0.0},{"event_name":"Mysterious Sphere","player_choice":"Fight","floor":36.0,"damage_taken":0.0},{"event_name":"SensoryStone","player_choice":"Memory 3","floor":39.0,"damage_taken":0.0}],"is_beta":true,"boss_relics":[{"not_picked":["Empty Cage","FrozenCore"],"picked":"Nuclear Battery"},{"not_picked":["Runic Dome","White Beast Statue"],"picked":"Calling Bell"}],"items_purged_floors":[],"is_endless":false,"potions_floor_spawned":[3,5,16,18,20,33,37,38],"killed_by":"Reptomancer","ascension_level":20}