{"gold_per_floor":[109,124,104,354,371,371,371,388,388,388,406,406,581,597,597,693,693,710,418,418,428,123,123,48,48,48,48,66,66,66,79,79,79],"floor_reached":33,"playtime":2033,"items_purged":["Regret"],"score":285,"play_id":"b3e2cfd2-580b-43c3-9583-31178eb6429a","local_time":"20180709084519","is_ascension_mode":false,"campfire_choices":[{"data":"Streamline","floor":6.0,"key":"SMITH"},{"floor":12.0,"key":"REST"},{"data":"Panacea","floor":15.0,"key":"SMITH"},{"floor":25.0,"key":"REST"},{"data":"Tempest","floor":27.0,"key":"SMITH"},{"floor":30.0,"key":"REST"},{"data":"Sunder","floor":32.0,"key":"SMITH"}],"neow_cost":"NONE","seed_source_timestamp":0,"circlet_count":0,"master_deck":["Strike_B","Strike_B","Strike_B","Strike_B","Defend_B","Defend_B","Defend_B","Defend_B","Zap","Dualcast","Streamline+1","Compile Driver","Ball Lightning","Machine Learning+1","Panacea+1","Turbo","Hologram","Doubt","All For One","Thunder Strike","Tempest+1","Heatsinks","Sunder+1","Mind Blast","Biased Cognition","Sweeping Beam","Capacitor","Undo"],"special_seed":17720,"relics":["NeowsBlessing","Ancient Tea Set","Nuclear Battery","Regal Pillow","Nloth\u0027s Gift","Bottled Lightning"],"potions_floor_usage":[33],"damage_taken":[{"damage":0.0,"enemies":"2 Louse","floor":1.0,"turns":1.0},{"damage":0.0,"enemies":"Cultist","floor":2.0,"turns":1.0},{"damage":0.0,"enemies":"Small Slimes","floor":5.0,"turns":1.0},{"damage":8.0,"enemies":"Looter","floor":8.0,"turns":2.0},{"damage":24.0,"enemies":"Gremlin Gang","floor":11.0,"turns":4.0},{"damage":7.0,"enemies":"Blue Slaver","floor":14.0,"turns":2.0},{"damage":5.0,"enemies":"Slime Boss","floor":16.0,"turns":6.0},{"damage":33.0,"enemies":"2 Thieves","floor":18.0,"turns":4.0},{"damage":7.0,"enemies":"Chosen","floor":21.0,"turns":5.0},{"damage":25.0,"enemies":"Slaver and Parasite","floor":28.0,"turns":5.0},{"damage":15.0,"enemies":"Sentry and Sphere","floor":31.0,"turns":4.0},{"damage":69,"enemies":"Champ","floor":33,"turns":9}],"seed_played":"5952392564398475268","potions_obtained":[{"floor":2.0,"key":"LiquidBronze"},{"floor":5.0,"key":"Weak Potion"},{"floor":8.0,"key":"FocusPotion"},{"floor":14.0,"key":"FocusPotion"},{"floor":18.0,"key":"EssenceOfSteel"},{"floor":23.0,"key":"Block Potion"},{"floor":23.0,"key":"PowerPotion"},{"floor":28.0,"key":"Weak Potion"}],"is_trial":false,"path_per_floor":["M","M","?","?","M","R","?","M","T","?","M","R","?","M","R","B",null,"M","$","?","M","$","?","$","R","T","R","M","?","R","M","R"],"character_chosen":"DEFECT","items_purchased":["Heatsinks","Regal Pillow","Mind Blast","Biased Cognition","Sweeping Beam","Capacitor"],"campfire_rested":3,"item_purchase_floors":[19,19,22,22,22,24],"current_hp_per_floor":[75,75,75,75,75,75,75,67,67,67,43,65,65,58,58,53,75,42,42,42,35,35,35,35,72,72,72,47,33,72,57,57,0],"gold":79,"neow_bonus":"THREE_ENEMY_KILL","is_prod":false,"is_daily":false,"chose_seed":false,"campfire_upgraded":4,"win_rate":0,"timestamp":1531097119,"path_taken":["M","M","?","?","?","R","?","M","T","?","?","R","?","M","R","BOSS","M","$","?","M","$","?","?","R","T","R","?","?","R","?","R","BOSS"],"build_version":"2018-07-05","purchased_purges":1,"victory":false,"max_hp_per_floor":[75,75,75,75,75,75,75,75,75,75,75,75,75,75,75,75,75,75,75,75,75,75,75,75,75,75,75,75,80,80,80,80,80],"card_choices":[{"not_picked":["Gash","Rip and Tear"],"picked":"Streamline","floor":1.0},{"not_picked":["Coolheaded","Cold Snap"],"picked":"Compile Driver","floor":2.0},{"not_picked":["Loop","Redo"],"picked":"Ball Lightning","floor":5.0},{"not_picked":["Coolheaded","Darkness"],"picked":"Turbo","floor":8.0},{"not_picked":["Barrage","Self Repair"],"picked":"Hologram","floor":11.0},{"not_picked":["Ball Lightning","Coolheaded"],"picked":"All For One","floor":14.0},{"not_picked":["Amplify","Rainbow"],"picked":"Thunder Strike","floor":16.0},{"not_picked":["FTL+1","Force Field"],"picked":"Tempest","floor":18.0},{"not_picked":["Chaos","Sweeping Beam"],"picked":"Sunder","floor":21.0},{"not_picked":["Recycle","Streamline","Beam Cell"],"picked":"SKIP","floor":28.0},{"not_picked":["Rainbow","Redo"],"picked":"Undo","floor":31.0}],"player_experience":64681,"relics_obtained":[{"floor":9.0,"key":"Ancient Tea Set"},{"floor":26.0,"key":"Bottled Lightning"}],"event_choices":[{"event_name":"World of Goop","player_choice":"Left","floor":3.0,"damage_taken":0.0},{"event_name":"Golden Shrine","player_choice":"Desecrate","floor":4.0,"damage_taken":0.0},{"event_name":"Match and Keep!","player_choice":"2 cards matched","floor":7.0,"damage_taken":0.0},{"event_name":"Living Wall","player_choice":"Grow","floor":10.0,"damage_taken":0.0},{"event_name":"Liars Game","player_choice":"agreed","floor":13.0,"damage_taken":0.0},{"event_name":"N\u0027loth","player_choice":"Traded a Cracked Core","floor":20.0,"damage_taken":0.0},{"event_name":"The Lab","player_choice":"Got Potions","floor":23.0,"damage_taken":0.0},{"event_name":"Forgotten Altar","player_choice":"Shed Blood","floor":29.0,"damage_taken":0.0}],"boss_relics":[{"not_picked":["Runic Pyramid","Astrolabe"],"picked":"Nuclear Battery"}],"items_purged_floors":[19],"is_endless":false,"potions_floor_spawned":[2,5,8,14,18,28],"killed_by":"Champ","ascension_level":0}