{"gold_per_floor":[115,131,131,146,96,96,108,118,118,118,41,55,67,87,87,185,185,198,198,1,15,15,48,58,76,123,153,153,170,26,42,42,141,141,152,152,172,86,86,86,119,69,69,88,88,117,127,127,127,127],"floor_reached":51,"playtime":2788,"items_purged":["Defend_B","Strike_B","Defend_B","Genetic Algorithm"],"score":1174,"play_id":"2145f322-46b7-4430-b03b-f920693bbbc8","local_time":"20180808165512","is_ascension_mode":true,"campfire_choices":[{"data":"Glacier","floor":6.0,"key":"SMITH"},{"data":"Redo","floor":10.0,"key":"SMITH"},{"data":"Multi-Cast","floor":15.0,"key":"SMITH"},{"data":"Seek","floor":28.0,"key":"SMITH"},{"data":"Blind","floor":32.0,"key":"SMITH"},{"data":"Defragment","floor":40,"key":"SMITH"},{"data":"Multi-Cast","floor":45,"key":"SMITH"},{"data":"Tempest","floor":49,"key":"SMITH"}],"neow_cost":"NONE","seed_source_timestamp":0,"circlet_count":0,"master_deck":["Strike_B+1","Defend_B","Zap","Dualcast","AscendersBane","Glacier+1","Hologram","Doom and Gloom","Redo+1","Ball Lightning+1","Barrage","Conserve Battery","Multi-Cast+1","Seek+1","Conserve Battery+1","BootSequence+1","Blind+1","Skim+1","Multi-Cast+1","Glacier+1","Thinking Ahead","White Noise+1","Defragment+1","Tempest+1","Double Energy+1"],"special_seed":0,"relics":["Cracked Core","NeowsBlessing","Smiling Mask","Symbiotic Virus","Coffee Dripper","Chemical X","Whetstone","Potion Belt","Meat on the Bone","Black Star","Incense Burner","Ice Cream","Letter Opener","Cables","Frozen Egg 2","Boot"],"potions_floor_usage":[50,50],"damage_taken":[{"damage":0.0,"enemies":"Small Slimes","floor":1.0,"turns":1.0},{"damage":0.0,"enemies":"2 Louse","floor":2.0,"turns":1.0},{"damage":0.0,"enemies":"Cultist","floor":4.0,"turns":1.0},{"damage":10.0,"enemies":"Lots of Slimes","floor":7.0,"turns":4.0},{"damage":3.0,"enemies":"3 Louse","floor":8.0,"turns":4.0},{"damage":0.0,"enemies":"2 Fungi Beasts","floor":12.0,"turns":2.0},{"damage":3.0,"enemies":"Large Slime","floor":13.0,"turns":5.0},{"damage":11.0,"enemies":"Looter","floor":14.0,"turns":2.0},{"damage":0.0,"enemies":"The Guardian","floor":16.0,"turns":5.0},{"damage":2.0,"enemies":"Shell Parasite","floor":18.0,"turns":4.0},{"damage":0.0,"enemies":"Chosen","floor":21.0,"turns":4.0},{"damage":10.0,"enemies":"Book of Stabbing","floor":23.0,"turns":4.0},{"damage":0.0,"enemies":"Snecko","floor":24.0,"turns":2.0},{"damage":2.0,"enemies":"Snake Plant","floor":25.0,"turns":2.0},{"damage":32.0,"enemies":"Slavers","floor":27.0,"turns":8.0},{"damage":8.0,"enemies":"Sentry and Sphere","floor":29.0,"turns":4.0},{"damage":0.0,"enemies":"Chosen and Byrds","floor":31.0,"turns":2.0},{"damage":17,"enemies":"Champ","floor":33,"turns":11},{"damage":3,"enemies":"Flame Bruiser 1 Orb","floor":35,"turns":6},{"damage":1,"enemies":"Orb Walker","floor":37,"turns":3},{"damage":8,"enemies":"Giant Head","floor":41,"turns":7},{"damage":8,"enemies":"Transient","floor":44,"turns":5},{"damage":0,"enemies":"Nemesis","floor":46,"turns":3},{"damage":0,"enemies":"3 Darklings","floor":47,"turns":2},{"damage":24,"enemies":"Time Eater","floor":50,"turns":4}],"seed_played":"-4999683667253211002","potions_obtained":[{"floor":1.0,"key":"Energy Potion"},{"floor":7.0,"key":"SteroidPotion"},{"floor":14.0,"key":"SpeedPotion"},{"floor":25.0,"key":"Swift Potion"},{"floor":27.0,"key":"Strength Potion"},{"floor":31.0,"key":"FocusPotion"},{"floor":37,"key":"Weak Potion"},{"floor":41,"key":"SteroidPotion"}],"is_trial":false,"path_per_floor":["M","M","?","M","?","R","M","M","T","R","$","M","M","M","R","B",null,"M","?","$","M","?","E","M","M","T","E","R","M","$","M","R","B",null,"M","?","M","$","?","R","E","$","T","M","R","E","M","T","R","B"],"character_chosen":"DEFECT","items_purchased":["Barrage","Chemical X","Blind","Defragment"],"campfire_rested":0,"item_purchase_floors":[11,20,30,38],"current_hp_per_floor":[68,68,61,61,61,61,51,48,48,48,48,48,45,34,34,34,65,63,63,63,63,63,53,53,51,51,19,19,23,23,35,35,30,64,61,61,60,60,60,60,52,52,52,44,44,44,44,44,44,32],"gold":127,"neow_bonus":"THREE_ENEMY_KILL","is_prod":false,"is_daily":false,"chose_seed":false,"campfire_upgraded":8,"win_rate":0,"timestamp":1533718512,"path_taken":["M","M","?","?","?","R","M","M","T","R","$","M","M","M","R","BOSS","M","?","$","M","?","E","?","M","T","E","R","M","$","M","R","BOSS","M","?","?","?","?","R","E","$","T","?","R","E","M","?","R","BOSS"],"build_version":"2018-08-02","purchased_purges":4,"victory":true,"max_hp_per_floor":[75,75,75,75,75,75,75,75,75,75,75,75,75,75,75,75,75,75,75,75,75,75,75,75,75,75,75,75,75,75,75,75,75,75,75,75,75,75,75,75,75,75,75,75,75,75,75,75,75,75],"card_choices":[{"not_picked":["Darkness","Stack"],"picked":"Glacier","floor":1.0},{"not_picked":["Turbo","Steam Power"],"picked":"Hologram","floor":2.0},{"not_picked":["Leap","FTL"],"picked":"Doom and Gloom","floor":4.0},{"not_picked":["Lockon","Skim"],"picked":"Redo","floor":7.0},{"not_picked":["Lockon","Barrage"],"picked":"Ball Lightning","floor":8.0},{"not_picked":["Coolheaded","Chaos"],"picked":"Conserve Battery","floor":12.0},{"not_picked":["Steam Power","Recycle"],"picked":"Multi-Cast","floor":13.0},{"not_picked":["Cold Snap","Beam Cell","Stack"],"picked":"SKIP","floor":14.0},{"not_picked":["Thunder Strike","Buffer"],"picked":"Seek","floor":16.0},{"not_picked":["Tempest","Leap","Scrape"],"picked":"SKIP","floor":18.0},{"not_picked":["Tempest","Leap","Scrape"],"picked":"SKIP","floor":18.0},{"not_picked":["Reinforced Body","Self Repair+1"],"picked":"Conserve Battery+1","floor":21.0},{"not_picked":["Streamline+1","Barrage","Consume"],"picked":"SKIP","floor":23.0},{"not_picked":["Ball Lightning","Sweeping Beam","Consume"],"picked":"SKIP","floor":24.0},{"not_picked":["Gash","Steam Power","Steam"],"picked":"SKIP","floor":25.0},{"not_picked":["Hologram","Ball Lightning+1"],"picked":"BootSequence+1","floor":27.0},{"not_picked":["Sweeping Beam+1","Steam","Scrape"],"picked":"SKIP","floor":29.0},{"not_picked":["Machine Learning","Coolheaded+1"],"picked":"Skim+1","floor":31.0},{"not_picked":["Fission","Meteor Strike"],"picked":"Multi-Cast","floor":33},{"not_picked":["Genetic Algorithm+1","Redo+1"],"picked":"Glacier+1","floor":35},{"not_picked":["Madness","Secret Weapon"],"picked":"Thinking Ahead","floor":36},{"not_picked":["Gash+1","Barrage+1"],"picked":"White Noise+1","floor":37},{"not_picked":["Barrage","Rebound","Go for the Eyes+1"],"picked":"SKIP","floor":41},{"not_picked":["Streamline","Darkness+1"],"picked":"Tempest","floor":44},{"not_picked":["Genetic Algorithm","Rebound+1"],"picked":"Double Energy+1","floor":46},{"not_picked":["Sunder+1","Reprogram","Cold Snap+1"],"picked":"SKIP","floor":47}],"player_experience":214549,"relics_obtained":[{"floor":9.0,"key":"Symbiotic Virus"},{"floor":23.0,"key":"Whetstone"},{"floor":26.0,"key":"Potion Belt"},{"floor":27.0,"key":"Meat on the Bone"},{"floor":41,"key":"Incense Burner"},{"floor":41,"key":"Ice Cream"},{"floor":43,"key":"Letter Opener"},{"floor":46,"key":"Cables"},{"floor":46,"key":"Frozen Egg 2"},{"floor":48,"key":"Boot"}],"event_choices":[{"event_name":"Scrap Ooze","player_choice":"success","floor":3.0,"damage_taken":7.0},{"event_name":"The Cleric","player_choice":"Card Removal","floor":5.0,"damage_taken":0.0},{"event_name":"Purifier","player_choice":"One Purge","floor":19.0,"damage_taken":0.0},{"event_name":"Drug Dealer","player_choice":"Ignored","floor":22.0,"damage_taken":0.0},{"event_name":"SensoryStone","player_choice":"Memory 1","floor":36,"damage_taken":0},{"event_name":"Transmorgrifier","player_choice":"Transform","floor":39,"damage_taken":0}],"is_beta":false,"boss_relics":[{"not_picked":["Ectoplasm","Velvet Choker"],"picked":"Coffee Dripper"},{"not_picked":["Inserter","Calling Bell"],"picked":"Black Star"}],"items_purged_floors":[11,30,38,42],"is_endless":false,"potions_floor_spawned":[1,7,14,16,18,25,27,31,37,41],"ascension_level":10}