{"gold_per_floor":[114,114,129,147,147,147,158,190,190,190,66,76,88,108,108,182,182,182],"floor_reached":18,"playtime":501,"items_purged":["Strike_R"],"score":271,"play_id":"dd865575-e713-460e-9152-d1a3311002f6","local_time":"20190128175142","is_ascension_mode":true,"campfire_choices":[{"data":"Bash","floor":6.0,"key":"SMITH"},{"data":"Uppercut","floor":10.0,"key":"SMITH"},{"data":"Battle Trance","floor":15,"key":"SMITH"}],"neow_cost":"NONE","seed_source_timestamp":32516009756948,"circlet_count":0,"master_deck":["AscendersBane","Strike_R","Strike_R+1","Strike_R+1","Defend_R","Defend_R","Defend_R","Defend_R","Bash+1","Battle Trance+1","Uppercut+1","Feed"],"special_seed":0,"relics":["Burning Blood","NeowsBlessing","Gambling Chip","Bird Faced Urn","Runic Pyramid"],"potions_floor_usage":[],"damage_taken":[{"damage":0.0,"enemies":"Jaw Worm","floor":1.0,"turns":1.0},{"damage":0.0,"enemies":"2 Louse","floor":3.0,"turns":1.0},{"damage":0.0,"enemies":"Cultist","floor":4.0,"turns":1.0},{"damage":12.0,"enemies":"Looter","floor":7.0,"turns":3.0},{"damage":30.0,"enemies":"Lagavulin","floor":8.0,"turns":5.0},{"damage":4,"enemies":"Blue Slaver","floor":12,"turns":4},{"damage":3,"enemies":"3 Louse","floor":13,"turns":4},{"damage":6,"enemies":"Red Slaver","floor":14,"turns":3},{"damage":35,"enemies":"The Guardian","floor":16,"turns":15},{"damage":15,"enemies":"Shell Parasite","floor":18,"turns":4}],"seed_played":"4047052610419077963","potions_obtained":[{"floor":1.0,"key":"Strength Potion"},{"floor":16,"key":"Dexterity Potion"}],"is_trial":false,"path_per_floor":["M","?","M","M","?","R","M","E","T","R","$","M","M","M","R","B",null,"M"],"character_chosen":"IRONCLAD","items_purchased":["Explosive Potion"],"campfire_rested":0,"item_purchase_floors":[11],"current_hp_per_floor":[78,62,68,74,74,74,68,44,44,44,44,46,49,49,49,20,65,50],"gold":182,"neow_bonus":"THREE_ENEMY_KILL","is_prod":false,"is_daily":false,"chose_seed":false,"campfire_upgraded":3,"win_rate":0,"timestamp":1548669102,"path_taken":["M","?","M","M","?","R","?","E","T","R","$","M","M","M","R","BOSS","M"],"build_version":"2019-01-23","purchased_purges":1,"victory":false,"max_hp_per_floor":[80,80,80,80,80,80,80,80,80,80,80,80,80,80,80,80,80,80],"card_choices":[{"not_picked":["Power Through","Disarm","Thunderclap"],"picked":"SKIP","floor":1.0},{"not_picked":["Flex","Headbutt","Sword Boomerang"],"picked":"SKIP","floor":3.0},{"not_picked":["Twin Strike","Disarm","Rage"],"picked":"SKIP","floor":4.0},{"not_picked":["Thunderclap","Warcry"],"picked":"Battle Trance","floor":7.0},{"not_picked":["Thunderclap","Reaper"],"picked":"Uppercut","floor":8.0},{"not_picked":["Clash","Warcry","Perfected Strike"],"picked":"SKIP","floor":12},{"not_picked":["Pommel Strike","Dual Wield","Body Slam"],"picked":"SKIP","floor":13},{"not_picked":["Dropkick","Juggernaut","Pommel Strike"],"picked":"SKIP","floor":14},{"not_picked":["Juggernaut","Exhume"],"picked":"Feed","floor":16}],"player_experience":706458,"relics_obtained":[{"floor":8.0,"key":"Gambling Chip"},{"floor":9.0,"key":"Bird Faced Urn"}],"event_choices":[{"damage_healed":0.0,"max_hp_gain":0.0,"max_hp_loss":0.0,"gold_gain":0.0,"event_name":"Shining Light","player_choice":"Entered Light","floor":2.0,"gold_loss":0.0,"damage_taken":16.0,"cards_upgraded":["Strike_R","Strike_R"]},{"cards_removed":["Strike_R"],"damage_healed":0.0,"max_hp_gain":0.0,"max_hp_loss":0.0,"gold_gain":0.0,"event_name":"Bonfire Elementals","player_choice":"Offered Basic","floor":5.0,"gold_loss":0.0,"damage_taken":0.0}],"is_beta":true,"boss_relics":[{"not_picked":["Philosopher\u0027s Stone","Fusion Hammer"],"picked":"Runic Pyramid"}],"items_purged_floors":[11],"is_endless":false,"potions_floor_spawned":[1,12,14,16],"killed_by":"Shell Parasite","ascension_level":13}