{"gold_per_floor":[110,130,147,117,117,117,150,169,251,271,271,291,291,309,309,309],"floor_reached":16,"playtime":990,"items_purged":[],"score":127,"play_id":"f88d5416-d53e-4f67-891b-e212e63e6c84","local_time":"20190804091844","is_ascension_mode":false,"campfire_choices":[{"floor":6,"key":"REST"},{"floor":13,"key":"REST"},{"floor":15,"key":"REST"}],"neow_cost":"NONE","seed_source_timestamp":1038377786076471,"circlet_count":0,"master_deck":["Strike_G","Strike_G+1","Strike_G","Strike_G","Strike_G","Defend_G","Defend_G","Defend_G","Defend_G","Defend_G","Survivor","Neutralize+1","Flying Knee","Acrobatics","Calculated Gamble","Dash","Quick Slash","Underhanded Strike","Riddle With Holes","Injury","Endless Agony"],"relics":["Ring of the Snake","Tingsha","Pear","Odd Mushroom","Golden Idol"],"potions_floor_usage":[],"damage_taken":[{"damage":4,"enemies":"Cultist","floor":1,"turns":5},{"damage":6,"enemies":"2 Louse","floor":2,"turns":3},{"damage":5,"enemies":"Jaw Worm","floor":3,"turns":4},{"damage":0,"enemies":"Looter","floor":4,"turns":4},{"damage":21,"enemies":"3 Sentries","floor":7,"turns":11},{"damage":6,"enemies":"3 Louse","floor":8,"turns":4},{"damage":16,"enemies":"The Mushroom Lair","floor":10,"turns":6},{"damage":0,"enemies":"Blue Slaver","floor":12,"turns":5},{"damage":1,"enemies":"2 Fungi Beasts","floor":14,"turns":4},{"damage":87,"enemies":"Slime Boss","floor":16,"turns":15}],"seed_played":"6191541083689399270","potions_obtained":[{"floor":2,"key":"Explosive Potion"},{"floor":7,"key":"Explosive Potion"},{"floor":10,"key":"SpeedPotion"},{"floor":14,"key":"PowerPotion"}],"is_trial":false,"path_per_floor":["M","M","M","M","?","R","E","M","T","?","?","M","R","M","R","B"],"character_chosen":"THE_SILENT","items_purchased":[],"campfire_rested":3,"item_purchase_floors":[],"current_hp_per_floor":[73,67,62,62,47,70,49,43,53,37,37,37,63,62,87,0],"gold":309,"neow_bonus":"TEN_PERCENT_HP_BONUS","is_prod":false,"is_daily":false,"chose_seed":false,"campfire_upgraded":0,"win_rate":0.0,"timestamp":1564924724,"path_taken":["M","M","?","M","?","R","E","M","T","?","?","M","R","M","R","BOSS"],"build_version":"2019-06-28","purchased_purges":0,"victory":false,"max_hp_per_floor":[77,77,77,77,77,77,77,77,87,87,87,87,87,87,87,87],"card_choices":[{"not_picked":["Deadly Poison","Dodge and Roll"],"picked":"Flying Knee","floor":1},{"not_picked":["Prepared","Distraction"],"picked":"Acrobatics","floor":2},{"not_picked":["Dagger Spray","Dodge and Roll"],"picked":"Calculated Gamble","floor":3},{"not_picked":["Deflect","Underhanded Strike"],"picked":"Dash","floor":4},{"not_picked":["Masterful Stab","Crippling Poison"],"picked":"Quick Slash","floor":7},{"not_picked":["Wraith Form v2","Tactician"],"picked":"Underhanded Strike","floor":8},{"not_picked":["Footwork","Prepared"],"picked":"Riddle With Holes","floor":10},{"not_picked":["Footwork","Deadly Poison","Acrobatics"],"picked":"SKIP","floor":12},{"not_picked":["Prepared","Predator"],"picked":"Endless Agony","floor":14}],"player_experience":5667,"relics_obtained":[{"floor":7,"key":"Tingsha"},{"floor":9,"key":"Pear"},{"floor":10,"key":"Odd Mushroom"}],"event_choices":[{"damage_healed":0,"gold_gain":0,"player_choice":"Entered Light","damage_taken":15,"max_hp_gain":0,"max_hp_loss":0,"event_name":"Shining Light","floor":5,"gold_loss":0,"cards_upgraded":["Strike_G","Neutralize"]},{"damage_healed":0,"gold_gain":0,"player_choice":"Fought Mushrooms","damage_taken":0,"max_hp_gain":0,"max_hp_loss":0,"event_name":"Mushrooms","floor":10,"gold_loss":0},{"damage_healed":0,"gold_gain":0,"player_choice":"Take Wound","damage_taken":0,"relics_obtained":["Golden Idol"],"max_hp_gain":0,"max_hp_loss":0,"event_name":"Golden Idol","floor":11,"gold_loss":0,"cards_obtained":["Injury"]}],"is_beta":true,"boss_relics":[],"items_purged_floors":[],"is_endless":false,"potions_floor_spawned":[2,7,10,14],"killed_by":"Slime Boss","ascension_level":0}