{"gold_per_floor":[111,386,386,406,106,106,137,160,160,160,193,212,235,254,254,344,344,357,373,373,373,383,383,397,408,431,350,350,350],"floor_reached":29,"playtime":1105,"items_purged":["Regret"],"score":608,"play_id":"10f67891-7090-470b-8b9a-fddaabf7dd6a","local_time":"20180915182750","is_ascension_mode":true,"campfire_choices":[{"data":"Darkness","floor":6.0,"key":"SMITH"},{"data":"Redo","floor":10.0,"key":"SMITH"},{"data":"Genetic Algorithm","floor":15.0,"key":"SMITH"},{"data":"Multi-Cast","floor":23.0,"key":"SMITH"}],"neow_cost":"NONE","seed_source_timestamp":27717679927336,"circlet_count":0,"master_deck":["Strike_B","Strike_B","Strike_B","Strike_B","Defend_B","Defend_B","Defend_B","Defend_B","Zap","Dualcast","AscendersBane","Darkness+1","Leap","Self Repair","Redo+1","Doom and Gloom","Ball Lightning","Genetic Algorithm+1","Undo","White Noise","Reboot","Streamline","Multi-Cast+1","Hologram+1","Chaos","Glacier","Reinforced Body","Darkness+1","Skim","Aggregate"],"special_seed":0,"relics":["Cracked Core","NeowsBlessing","Bloody Idol","Ornamental Fan","Dream Catcher","DataDisk","Runic Dome","Ancient Tea Set","MutagenicStrength"],"potions_floor_usage":[29],"damage_taken":[{"damage":0.0,"enemies":"Jaw Worm","floor":1.0,"turns":1.0},{"damage":0.0,"enemies":"Cultist","floor":4.0,"turns":1.0},{"damage":0.0,"enemies":"Lagavulin","floor":7.0,"turns":1.0},{"damage":9.0,"enemies":"2 Louse","floor":8.0,"turns":3.0},{"damage":26.0,"enemies":"3 Sentries","floor":11.0,"turns":7.0},{"damage":6.0,"enemies":"2 Fungi Beasts","floor":12.0,"turns":3.0},{"damage":10.0,"enemies":"Gremlin Gang","floor":13.0,"turns":3.0},{"damage":0.0,"enemies":"Red Slaver","floor":14.0,"turns":3.0},{"damage":0.0,"enemies":"Slime Boss","floor":16.0,"turns":6.0},{"damage":23.0,"enemies":"Shell Parasite","floor":18.0,"turns":5.0},{"damage":10.0,"enemies":"2 Thieves","floor":19.0,"turns":3.0},{"damage":2.0,"enemies":"Centurion and Healer","floor":22.0,"turns":6.0},{"damage":12.0,"enemies":"Snake Plant","floor":24.0,"turns":5.0},{"damage":0.0,"enemies":"Chosen and Byrds","floor":25.0,"turns":3.0},{"damage":61,"enemies":"Gremlin Leader","floor":29,"turns":6}],"seed_played":"3929570493707933573","potions_obtained":[{"floor":7.0,"key":"Swift Potion"},{"floor":8.0,"key":"SkillPotion"},{"floor":11.0,"key":"Energy Potion"},{"floor":13.0,"key":"Block Potion"},{"floor":22.0,"key":"Weak Potion"},{"floor":24.0,"key":"PowerPotion"}],"is_trial":false,"path_per_floor":["M","?","?","M","$","R","E","M","T","R","E","M","M","M","R","B",null,"M","M","?","?","M","R","M","M","T","$","?"],"character_chosen":"DEFECT","items_purchased":["Self Repair","Redo","Doom and Gloom","Aggregate"],"campfire_rested":0,"item_purchase_floors":[5,5,5,27],"current_hp_per_floor":[64,64,64,64,64,64,64,62,62,62,43,37,27,27,27,34,57,34,31,31,31,41,41,48,53,58,58,58,0],"gold":350,"neow_bonus":"THREE_ENEMY_KILL","is_prod":false,"is_daily":false,"chose_seed":false,"campfire_upgraded":4,"win_rate":0,"timestamp":1537007270,"path_taken":["M","?","?","?","$","R","E","M","T","R","E","M","M","?","R","BOSS","M","?","?","?","M","R","M","M","T","$","?","E"],"build_version":"2018-09-12","purchased_purges":1,"victory":false,"max_hp_per_floor":[71,71,64,64,64,64,64,64,64,64,64,64,64,64,64,64,64,64,64,64,64,64,64,64,64,64,64,64,64],"card_choices":[{"not_picked":["Conserve Battery","Melter"],"picked":"Darkness","floor":1.0},{"not_picked":["Scrape","Sweeping Beam"],"picked":"Leap","floor":4.0},{"not_picked":["Gash","Turbo"],"picked":"Ball Lightning","floor":7.0},{"not_picked":["Skim","Reprogram"],"picked":"Genetic Algorithm","floor":8.0},{"not_picked":["Barrage","Turbo"],"picked":"Undo","floor":11.0},{"not_picked":["Redo","Stack"],"picked":"White Noise","floor":12.0},{"not_picked":["Barrage","FTL"],"picked":"Reboot","floor":13.0},{"not_picked":["Coolheaded","Sunder"],"picked":"Streamline","floor":14.0},{"not_picked":["Creative AI","Seek"],"picked":"Multi-Cast","floor":16.0},{"not_picked":["Steam","Storm"],"picked":"Hologram+1","floor":18.0},{"not_picked":["Skim+1","Barrage"],"picked":"Chaos","floor":19.0},{"not_picked":["Coolheaded","Conserve Battery"],"picked":"Reinforced Body","floor":22.0},{"not_picked":["Ball Lightning","Coolheaded+1"],"picked":"Darkness+1","floor":24.0},{"not_picked":["Cold Snap","Ball Lightning+1"],"picked":"Skim","floor":25.0}],"player_experience":338964,"relics_obtained":[{"floor":7.0,"key":"Ornamental Fan"},{"floor":9.0,"key":"Dream Catcher"},{"floor":11.0,"key":"DataDisk"},{"floor":26.0,"key":"Ancient Tea Set"}],"event_choices":[{"event_name":"Golden Shrine","player_choice":"Desecrate","floor":2.0,"damage_taken":0.0},{"event_name":"Golden Idol","player_choice":"Lose Max HP","floor":3.0,"damage_taken":0.0},{"event_name":"Forgotten Altar","player_choice":"Gave Idol","floor":20.0,"damage_taken":0.0},{"event_name":"The Library","player_choice":"Read","floor":21.0,"damage_taken":0.0},{"event_name":"Drug Dealer","player_choice":"Inject Mutagens","floor":28,"damage_taken":0}],"is_beta":true,"boss_relics":[{"not_picked":["Velvet Choker","Calling Bell"],"picked":"Runic Dome"}],"items_purged_floors":[5],"is_endless":false,"potions_floor_spawned":[7,8,11,13,14,18,22,24,25],"killed_by":"Gremlin Leader","ascension_level":19}