{"gold_per_floor":[118,118,134,134,151,151,161,161,161,10,10,10,10,30,30,128,128,128,142,142,142,160,160,160,38,93,106,106,106,83,83,83,182,182,197,197,208,234,234,269,269,269,269,282,300,300,300,316,316,316],"floor_reached":50,"playtime":2483,"items_purged":["Defend_B"],"score":710,"play_id":"f1c73fbe-bc09-4196-a22a-19600063dc33","local_time":"20180724214217","is_ascension_mode":true,"campfire_choices":[{"data":"Creative AI","floor":6.0,"key":"SMITH"},{"data":"Zap","floor":8.0,"key":"SMITH"},{"data":"Dualcast","floor":12.0,"key":"SMITH"},{"floor":15.0,"key":"REST"},{"data":"White Noise","floor":23.0,"key":"SMITH"},{"floor":29.0,"key":"REST"},{"floor":32.0,"key":"REST"},{"floor":42.0,"key":"REST"},{"floor":47.0,"key":"REST"},{"floor":49,"key":"REST"}],"neow_cost":"TEN_PERCENT_HP_LOSS","seed_source_timestamp":0,"circlet_count":0,"master_deck":["Strike_B","Defend_B","Defend_B+1","Defend_B","Zap+1","Dualcast+1","Creative AI+1","Conserve Battery+1","Reinforced Body","Cold Snap","Turbo","Biased Cognition","Sunder","White Noise+1","Meteor Strike","Barrage+1","Turbo+1","Cold Snap+1","Hologram","Coolheaded+1","Compile Driver","Writhe","Steam","Echo Form","Parasite","Injury","Writhe","Loop+1","Master of Strategy","Consume+1","Stack+1","Chill+1","Defragment","Go for the Eyes","Reinforced Body+1","Capacitor+1","Steam Power+1"],"special_seed":0,"relics":["Cracked Core","Symbiotic Virus","Lizard Tail","Nilry\u0027s Codex","Tiny Chest","Dream Catcher","Calling Bell","Blood Vial","Letter Opener","Sundial","War Paint","Darkstone Periapt","Peace Pipe","Meat on the Bone"],"potions_floor_usage":[48,50],"damage_taken":[{"damage":0.0,"enemies":"Small Slimes","floor":1.0,"turns":2.0},{"damage":0.0,"enemies":"2 Louse","floor":3.0,"turns":1.0},{"damage":6.0,"enemies":"Cultist","floor":5.0,"turns":4.0},{"damage":32.0,"enemies":"Exordium Wildlife","floor":7.0,"turns":9.0},{"damage":0.0,"enemies":"2 Fungi Beasts","floor":14.0,"turns":2.0},{"damage":0.0,"enemies":"Slime Boss","floor":16.0,"turns":6.0},{"damage":0.0,"enemies":"Shell Parasite","floor":18.0,"turns":1.0},{"damage":18.0,"enemies":"3 Byrds","floor":19.0,"turns":8.0},{"damage":6.0,"enemies":"Sentry and Sphere","floor":22.0,"turns":5.0},{"damage":22.0,"enemies":"Cultist and Chosen","floor":27.0,"turns":10.0},{"damage":40.0,"enemies":"Automaton","floor":33.0,"turns":9.0},{"damage":14.0,"enemies":"3 Shapes","floor":35.0,"turns":6.0},{"damage":21.0,"enemies":"Flame Bruiser 1 Orb","floor":37.0,"turns":6.0},{"damage":30.0,"enemies":"Nemesis","floor":40.0,"turns":9.0},{"damage":17.0,"enemies":"Spire Growth","floor":44.0,"turns":5.0},{"damage":11.0,"enemies":"Flame Bruiser 2 Orb","floor":45.0,"turns":6.0},{"damage":62,"enemies":"Transient","floor":48,"turns":5},{"damage":49,"enemies":"Time Eater","floor":50,"turns":3}],"seed_played":"-4252259177157975338","potions_obtained":[{"floor":4.0,"key":"SmokeBomb"},{"floor":4.0,"key":"FocusPotion"},{"floor":4.0,"key":"Explosive Potion"},{"floor":37.0,"key":"FocusPotion"},{"floor":44.0,"key":"Dexterity Potion"},{"floor":48,"key":"PowerPotion"}],"is_trial":false,"path_per_floor":["M","?","M","?","M","R","M","R","T","$","?","R","?","M","R","B",null,"M","M","?","?","M","R","?","$","T","M","?","R","$","?","R","B",null,"M","?","M","T","?","E","?","R","T","M","M","T","R","M","R"],"character_chosen":"DEFECT","items_purchased":["Biased Cognition","Sunder","Hologram","Compile Driver"],"campfire_rested":6,"item_purchase_floors":[10,10,25,30],"current_hp_per_floor":[68,73,73,73,67,67,35,35,35,35,35,35,20,20,41,41,65,65,47,47,47,41,41,25,25,25,3,3,24,24,24,45,5,56,44,44,32,32,32,4,4,25,25,10,1,1,22,23,44,0],"gold":316,"neow_bonus":"THREE_RARE_CARDS","is_prod":false,"is_daily":false,"chose_seed":false,"campfire_upgraded":4,"win_rate":0,"timestamp":1532439737,"path_taken":["M","?","M","?","M","R","M","R","T","$","?","R","?","?","R","BOSS","M","M","?","?","?","R","?","?","T","M","?","R","$","?","R","BOSS","M","?","M","?","?","E","?","R","T","M","M","?","R","M","R","BOSS"],"build_version":"2018-07-19v2","purchased_purges":1,"victory":false,"max_hp_per_floor":[68,73,73,73,73,73,73,73,73,73,73,73,73,73,73,73,73,73,73,73,73,73,73,73,73,73,73,73,73,73,73,73,73,73,73,73,73,73,73,73,73,73,73,73,73,73,73,73,73,73],"card_choices":[{"not_picked":["Reboot","Rainbow"],"picked":"Creative AI","floor":0.0},{"not_picked":["Sweeping Beam","Gash"],"picked":"Conserve Battery","floor":1.0},{"not_picked":["Gash","Stack"],"picked":"Reinforced Body","floor":3.0},{"not_picked":["Leap","Rebound"],"picked":"Cold Snap","floor":5.0},{"not_picked":["Undo","BootSequence"],"picked":"Turbo","floor":7.0},{"not_picked":["Redo","Sunder"],"picked":"White Noise","floor":14.0},{"not_picked":["Rainbow","Thunder Strike"],"picked":"Meteor Strike","floor":16.0},{"not_picked":["Reprogram","Redo"],"picked":"Barrage+1","floor":19.0},{"not_picked":["Turbo","Steam+1"],"picked":"Cold Snap+1","floor":22.0},{"not_picked":["Double Energy","Steam Power+1"],"picked":"Coolheaded+1","floor":27.0},{"not_picked":["Genetic Algorithm","Sunder"],"picked":"Steam","floor":32.0},{"not_picked":["Fission","Rainbow"],"picked":"Echo Form","floor":33.0},{"not_picked":["Conserve Battery+1","Barrage+1"],"picked":"Loop+1","floor":35.0},{"not_picked":["Panacea","Sadistic Nature"],"picked":"Master of Strategy","floor":36.0},{"not_picked":["Coolheaded+1","Leap"],"picked":"Consume+1","floor":37.0},{"not_picked":["Creative AI","Streamline+1"],"picked":"Stack+1","floor":40.0},{"not_picked":["Conserve Battery+1","Streamline"],"picked":"Chill+1","floor":42.0},{"not_picked":["Cold Snap","Rip and Tear+1"],"picked":"Defragment","floor":44.0},{"not_picked":["Heatsinks+1","Fusion"],"picked":"Go for the Eyes","floor":45.0},{"not_picked":["Streamline+1","Go for the Eyes"],"picked":"Reinforced Body+1","floor":47.0},{"not_picked":["Turbo+1","Reprogram"],"picked":"Capacitor+1","floor":48},{"not_picked":["Fusion+1","Rebound+1"],"picked":"Steam Power+1","floor":49}],"player_experience":171664,"relics_obtained":[{"floor":9.0,"key":"Symbiotic Virus"},{"floor":24.0,"key":"Nilry\u0027s Codex"},{"floor":26.0,"key":"Tiny Chest"},{"floor":34.0,"key":"Blood Vial"},{"floor":34.0,"key":"Letter Opener"},{"floor":34.0,"key":"Sundial"},{"floor":38.0,"key":"War Paint"},{"floor":40.0,"key":"Darkstone Periapt"},{"floor":43.0,"key":"Peace Pipe"},{"floor":46.0,"key":"Meat on the Bone"}],"event_choices":[{"event_name":"Big Fish","player_choice":"Donut","floor":2.0,"damage_taken":0.0},{"event_name":"The Lab","player_choice":"Got Potions","floor":4.0,"damage_taken":0.0},{"event_name":"Bonfire Elementals","player_choice":"BASIC","floor":11.0,"damage_taken":0.0},{"event_name":"Shining Light","player_choice":"Entered Light","floor":13.0,"damage_taken":0.0},{"event_name":"Ghosts","player_choice":"Ignored","floor":20.0,"damage_taken":0.0},{"event_name":"Duplicator","player_choice":"One dupe","floor":21.0,"damage_taken":0.0},{"event_name":"Cursed Tome","player_choice":"Obtained Book","floor":24.0,"damage_taken":0.0},{"event_name":"Back to Basics","player_choice":"Elegance","floor":28.0,"damage_taken":0.0},{"event_name":"The Mausoleum","player_choice":"Yes","floor":31.0,"damage_taken":0.0},{"event_name":"SensoryStone","player_choice":"Memory 1","floor":36.0,"damage_taken":0.0},{"event_name":"Match and Keep!","player_choice":"0 cards matched","floor":39.0,"damage_taken":0.0},{"event_name":"Falling","player_choice":"Removed Attack","floor":41.0,"damage_taken":0.0}],"is_beta":false,"boss_relics":[{"not_picked":["Fusion Hammer","Ectoplasm"],"picked":"Lizard Tail"},{"not_picked":["Black Star","Tiny House"],"picked":"Calling Bell"}],"items_purged_floors":[25],"is_endless":false,"potions_floor_spawned":[5,7,18,37,44,48],"killed_by":"Time Eater","ascension_level":6}