{"gold_per_floor":[118,128,145,160,235,235,253,253,277,277,96,113,128,144,144,246,246,262,177,89,0,0,26,39,39,39,55,65,75,75,75,75,75],"floor_reached":33,"playtime":1488,"items_purged":[],"score":418,"play_id":"25ed9b5a-f3e9-4dc0-832a-6dfc9d01f976","local_time":"20180823175918","is_ascension_mode":true,"campfire_choices":[{"data":"Chaos","floor":6.0,"key":"SMITH"},{"floor":10.0,"key":"REST"},{"floor":15.0,"key":"REST"},{"floor":25.0,"key":"REST"},{"floor":30.0,"key":"REST"},{"floor":32,"key":"REST"}],"neow_cost":"","seed_source_timestamp":0,"circlet_count":0,"master_deck":["Strike_B","Strike_B","Strike_B+1","Strike_B+1","Defend_B","Defend_B+1","Defend_B+1","Defend_B","Zap","Dualcast","AscendersBane","Go for the Eyes","Rip and Tear","Tempest+1","Chaos+1","Coolheaded","Seek","Hologram+1","Melter","Multi-Cast","Capacitor+1","Trip","Defragment","Sunder+1","Self Repair","Barrage+1","Steam Power+1","Decay"],"special_seed":0,"relics":["Cracked Core","Whetstone","Cursed Key","Pen Nib","War Paint"],"potions_floor_usage":[],"damage_taken":[{"damage":6.0,"enemies":"Jaw Worm","floor":1.0,"turns":4.0},{"damage":9.0,"enemies":"Small Slimes","floor":2.0,"turns":3.0},{"damage":13.0,"enemies":"2 Louse","floor":3.0,"turns":2.0},{"damage":0.0,"enemies":"Large Slime","floor":4.0,"turns":4.0},{"damage":6.0,"enemies":"Exordium Thugs","floor":7.0,"turns":3.0},{"damage":6.0,"enemies":"2 Fungi Beasts","floor":12.0,"turns":2.0},{"damage":8.0,"enemies":"Exordium Wildlife","floor":13.0,"turns":3.0},{"damage":3.0,"enemies":"Looter","floor":14.0,"turns":2.0},{"damage":29.0,"enemies":"Slime Boss","floor":16.0,"turns":10.0},{"damage":11.0,"enemies":"3 Byrds","floor":18.0,"turns":4.0},{"damage":47.0,"enemies":"Book of Stabbing","floor":23.0,"turns":6.0},{"damage":11.0,"enemies":"Spheric Guardian","floor":24.0,"turns":3.0},{"damage":10.0,"enemies":"Chosen and Byrds","floor":27.0,"turns":4.0},{"damage":0.0,"enemies":"Snecko","floor":28.0,"turns":2.0},{"damage":19.0,"enemies":"Centurion and Healer","floor":29.0,"turns":5.0},{"damage":86,"enemies":"Automaton","floor":33,"turns":6}],"seed_played":"8550456829925752562","potions_obtained":[{"floor":2.0,"key":"SteroidPotion"},{"floor":3.0,"key":"SneckoOil"},{"floor":4.0,"key":"Explosive Potion"},{"floor":13.0,"key":"Block Potion"},{"floor":16.0,"key":"Energy Potion"},{"floor":18.0,"key":"Regen Potion"},{"floor":23.0,"key":"FearPotion"},{"floor":28.0,"key":"FearPotion"}],"is_trial":false,"path_per_floor":["M","M","M","M","?","R","M","?","T","R","$","M","M","M","R","B",null,"M","?","$","?","?","E","M","R","T","M","M","M","R","?","R"],"character_chosen":"DEFECT","items_purchased":["Seek","Hologram","Trip"],"campfire_rested":5,"item_purchase_floors":[11,11,20],"current_hp_per_floor":[62,53,40,40,29,29,23,8,8,30,30,24,16,13,35,6,58,47,47,47,47,47,15,4,26,26,16,23,11,33,33,55,0],"gold":75,"neow_bonus":"","is_prod":false,"is_daily":false,"chose_seed":false,"campfire_upgraded":1,"win_rate":0,"timestamp":1535018358,"path_taken":["M","M","M","M","?","R","M","?","T","R","$","M","M","M","R","BOSS","M","?","$","?","?","E","M","R","T","M","?","?","R","?","R","BOSS"],"build_version":"2018-08-16","purchased_purges":0,"victory":false,"max_hp_per_floor":[75,75,75,75,75,75,75,75,75,75,75,75,75,75,75,75,75,75,75,75,75,75,75,75,75,75,75,75,75,75,75,75,75],"card_choices":[{"not_picked":["Hologram","Streamline"],"picked":"Go for the Eyes","floor":1.0},{"not_picked":["Steam Power","Turbo"],"picked":"Rip and Tear","floor":2.0},{"not_picked":["Recycle","Go for the Eyes"],"picked":"Tempest","floor":3.0},{"not_picked":["Undo","Coolheaded"],"picked":"Chaos","floor":4.0},{"not_picked":["Gash","Barrage"],"picked":"Coolheaded","floor":7.0},{"not_picked":["Stack","Turbo"],"picked":"Melter","floor":12.0},{"not_picked":["Reprogram","Rebound","Rip and Tear"],"picked":"SKIP","floor":13.0},{"not_picked":["Sweeping Beam","Rebound","Hologram"],"picked":"SKIP","floor":14.0},{"not_picked":["Hyperbeam","Meteor Strike"],"picked":"Multi-Cast","floor":16.0},{"not_picked":["Hologram","Redo"],"picked":"Capacitor+1","floor":18.0},{"not_picked":["Recycle","Rebound"],"picked":"Defragment","floor":23.0},{"not_picked":["Barrage","Gash"],"picked":"Sunder+1","floor":24.0},{"not_picked":["Conserve Battery","Steam"],"picked":"Self Repair","floor":27.0},{"not_picked":["Streamline","Force Field"],"picked":"Barrage+1","floor":28.0},{"not_picked":["Ball Lightning","Streamline"],"picked":"Steam Power+1","floor":29.0}],"player_experience":260125,"relics_obtained":[{"floor":9.0,"key":"Whetstone"},{"floor":23.0,"key":"War Paint"}],"event_choices":[{"event_name":"World of Goop","player_choice":"Gather Gold","floor":5.0,"damage_taken":0.0},{"event_name":"Shining Light","player_choice":"Entered Light","floor":8.0,"damage_taken":0.0},{"event_name":"Addict","player_choice":"Obtained Relic","floor":19.0,"damage_taken":0.0},{"event_name":"Masked Bandits","player_choice":"Paid Fearfully","floor":21.0,"damage_taken":0.0},{"event_name":"Vampires","player_choice":"Ignored","floor":22.0,"damage_taken":0.0},{"event_name":"Forgotten Altar","player_choice":"Smashed Altar","floor":31,"damage_taken":0}],"is_beta":false,"boss_relics":[{"not_picked":["Black Star","Busted Crown"],"picked":"Cursed Key"}],"items_purged_floors":[],"is_endless":false,"potions_floor_spawned":[2,3,4,13,16,18,23,27,28],"killed_by":"Automaton","ascension_level":12}