{"gold_per_floor":[116,1,1,1,1,34,34,47,70,17,17,32,45,77,77,152,152,163,178,228,228],"floor_reached":21,"playtime":748,"items_purged":["Strike_B"],"score":424,"play_id":"ed184469-862a-4043-9c69-09111ee80b82","local_time":"20181202182848","is_ascension_mode":true,"campfire_choices":[{"data":"Redo","floor":7,"key":"SMITH"},{"data":"Fusion","floor":11,"key":"SMITH"},{"data":"Loop","floor":15,"key":"SMITH"}],"neow_cost":"NONE","seed_source_timestamp":529106501124,"circlet_count":0,"master_deck":["AscendersBane","Strike_B","Strike_B","Strike_B","Defend_B","Defend_B","Defend_B","Defend_B","Zap","Dualcast","Ball Lightning","Reinforced Body","Redo+1","Fusion+1","Beam Cell","Cold Snap","Coolheaded","Loop+1","Buffer","Go for the Eyes"],"relics":["Cracked Core","NeowsBlessing","Bottled Lightning","Lantern","Strawberry","Dream Catcher","Eternal Feather"],"potions_floor_usage":[14,18,21],"damage_taken":[{"damage":0,"enemies":"2 Louse","floor":1,"turns":1},{"damage":0,"enemies":"Gremlin Nob","floor":6,"turns":1},{"damage":0,"enemies":"Jaw Worm","floor":8,"turns":1},{"damage":1,"enemies":"Cultist","floor":12,"turns":3},{"damage":1,"enemies":"Lots of Slimes","floor":13,"turns":5},{"damage":48,"enemies":"3 Sentries","floor":14,"turns":11},{"damage":35,"enemies":"The Guardian","floor":16,"turns":13},{"damage":5,"enemies":"Chosen","floor":18,"turns":7},{"damage":21,"enemies":"3 Byrds","floor":19,"turns":6},{"damage":37,"enemies":"Shelled Parasite and Fungi","floor":21,"turns":3}],"seed_played":"-8792913829355538256","potions_obtained":[{"floor":6,"key":"Swift Potion"},{"floor":12,"key":"Regen Potion"},{"floor":19,"key":"Poison Potion"}],"is_trial":false,"path_per_floor":["M","$","?","T","$","E","R","M","T","$","R","M","M","E","R","B",null,"M","M","?","M"],"character_chosen":"DEFECT","items_purchased":["Reinforced Body","Beam Cell"],"campfire_rested":0,"item_purchase_floors":[2,10],"current_hp_per_floor":[64,64,64,64,64,64,64,64,71,71,71,70,69,36,36,1,59,54,33,33,0],"gold":228,"neow_bonus":"THREE_ENEMY_KILL","is_prod":false,"is_daily":false,"chose_seed":false,"campfire_upgraded":3,"win_rate":0,"timestamp":1543746528,"path_taken":["M","$","?","?","?","E","R","?","T","?","R","M","?","E","R","BOSS","M","M","?","?"],"build_version":"2018-11-15","purchased_purges":1,"victory":false,"max_hp_per_floor":[71,71,71,71,71,71,71,71,78,78,78,78,78,78,78,78,78,78,78,78,78],"card_choices":[{"not_picked":["Barrage","Hello World"],"picked":"Ball Lightning","floor":1},{"not_picked":["Compile Driver","Gash"],"picked":"Redo","floor":6},{"not_picked":["Steam","BootSequence"],"picked":"Fusion","floor":8},{"not_picked":["Steam Power","Go for the Eyes"],"picked":"Cold Snap","floor":12},{"not_picked":["Steam","Turbo"],"picked":"Coolheaded","floor":13},{"not_picked":["Skim","Compile Driver"],"picked":"Loop","floor":14},{"not_picked":["Amplify","Thunder Strike"],"picked":"Buffer","floor":16},{"not_picked":["Recycle","Redo"],"picked":"Go for the Eyes","floor":18},{"not_picked":["Stack","Heatsinks","Coolheaded"],"picked":"SKIP","floor":19}],"player_experience":589345,"relics_obtained":[{"floor":4,"key":"Bottled Lightning"},{"floor":6,"key":"Lantern"},{"floor":9,"key":"Strawberry"},{"floor":14,"key":"Dream Catcher"}],"event_choices":[{"damage_healed":0,"gold_gain":0,"player_choice":"Leave","damage_taken":0,"max_hp_gain":0,"max_hp_loss":0,"event_name":"The Cleric","floor":3,"gold_loss":0},{"damage_healed":0,"gold_gain":50,"player_choice":"Pray","damage_taken":0,"max_hp_gain":0,"max_hp_loss":0,"event_name":"Golden Shrine","floor":20,"gold_loss":0}],"is_beta":true,"boss_relics":[{"not_picked":["Fusion Hammer","FrozenCore"],"picked":"Eternal Feather"}],"items_purged_floors":[2],"is_endless":false,"potions_floor_spawned":[6,12,19],"killed_by":"Shelled Parasite and Fungi","ascension_level":20}