{"gold_per_floor":[119,138,138,3,3,3,20,20,75,75,95,95,120,140,140,236,236,251,251,251,4,20,20],"floor_reached":23,"playtime":537,"items_purged":[],"score":335,"play_id":"ba2f4099-7f05-473a-9050-fcacafe49bde","local_time":"20181102194121","is_ascension_mode":true,"campfire_choices":[{"data":"Bash","floor":6.0,"key":"SMITH"},{"data":"Hemokinesis","floor":12.0,"key":"SMITH"},{"floor":15.0,"key":"REST"}],"neow_cost":"NONE","seed_source_timestamp":2761235623652,"circlet_count":0,"master_deck":["Strike_R","Strike_R","Strike_R","Strike_R","Defend_R","Defend_R","Defend_R","Defend_R","Bash+1","Evolve","Headbutt","Corruption","Regret","Hemokinesis+1","Burning Pact","Iron Wave","Fiend Fire","Feel No Pain","Shrug It Off"],"special_seed":0,"relics":["Burning Blood","NeowsBlessing","Centennial Puzzle","Omamori","Nunchaku","Fusion Hammer","Paper Frog"],"potions_floor_usage":[23],"damage_taken":[{"damage":0.0,"enemies":"Jaw Worm","floor":1.0,"turns":1.0},{"damage":0.0,"enemies":"Small Slimes","floor":2.0,"turns":1.0},{"damage":0.0,"enemies":"Cultist","floor":7.0,"turns":1.0},{"damage":17.0,"enemies":"2 Fungi Beasts","floor":11.0,"turns":3.0},{"damage":43.0,"enemies":"Lagavulin","floor":13.0,"turns":5.0},{"damage":17.0,"enemies":"Looter","floor":14.0,"turns":3.0},{"damage":16.0,"enemies":"Slime Boss","floor":16.0,"turns":5.0},{"damage":2.0,"enemies":"Spheric Guardian","floor":18.0,"turns":1.0},{"damage":8.0,"enemies":"Colosseum Slavers","floor":20.0,"turns":2.0},{"damage":32.0,"enemies":"2 Thieves","floor":22.0,"turns":4.0},{"damage":51,"enemies":"Slavers","floor":23,"turns":4}],"seed_played":"-3204635570062425108","potions_obtained":[{"floor":1.0,"key":"Block Potion"},{"floor":11.0,"key":"Strength Potion"},{"floor":13.0,"key":"Explosive Potion"},{"floor":18.0,"key":"SpeedPotion"}],"is_trial":false,"path_per_floor":["M","M","?","$","?","R","M","$","T","?","M","R","E","M","R","B",null,"M","?","?","$","M"],"character_chosen":"IRONCLAD","items_purchased":["Corruption","Fire Potion","SkillPotion","Paper Frog"],"campfire_rested":1,"item_purchase_floors":[4,4,4,21],"current_hp_per_floor":[78,80,73,73,73,73,79,79,79,79,68,68,31,20,44,34,69,73,73,71,71,45,0],"gold":20,"neow_bonus":"THREE_ENEMY_KILL","is_prod":false,"is_daily":false,"chose_seed":false,"campfire_upgraded":2,"win_rate":0,"timestamp":1541158881,"path_taken":["M","M","?","?","?","R","M","?","T","?","?","R","E","M","R","BOSS","M","?","?","$","M","E"],"build_version":"2018-10-29v2","purchased_purges":0,"victory":false,"max_hp_per_floor":[80,80,80,80,80,80,80,80,80,80,80,80,80,80,80,80,80,80,80,80,80,80,80],"card_choices":[{"not_picked":["Headbutt","Disarm"],"picked":"Evolve","floor":1.0},{"not_picked":["Fire Breathing","True Grit"],"picked":"Headbutt","floor":2.0},{"not_picked":["Reckless Charge","Armaments"],"picked":"Hemokinesis","floor":7.0},{"not_picked":["Clash","Havoc"],"picked":"Burning Pact","floor":11.0},{"not_picked":["Bloodletting","Disarm"],"picked":"Iron Wave","floor":13.0},{"not_picked":["Thunderclap","Evolve","Clothesline"],"picked":"SKIP","floor":14.0},{"not_picked":["Barricade","Demon Form"],"picked":"Fiend Fire","floor":16.0},{"not_picked":["Reckless Charge","Anger","Headbutt"],"picked":"SKIP","floor":18.0},{"not_picked":["Havoc","Inflame+1"],"picked":"Shrug It Off","floor":22.0}],"player_experience":483723,"relics_obtained":[{"floor":9.0,"key":"Omamori"},{"floor":13.0,"key":"Nunchaku"}],"event_choices":[{"cards_removed":["Strike_R"],"damage_healed":0.0,"max_hp_gain":0.0,"max_hp_loss":0.0,"gold_gain":0.0,"event_name":"Golden Wing","player_choice":"Card Removal","floor":3.0,"gold_loss":0.0,"damage_taken":7.0},{"damage_healed":0.0,"max_hp_gain":0.0,"max_hp_loss":0.0,"gold_gain":0.0,"event_name":"Big Fish","player_choice":"Box","floor":5.0,"gold_loss":0.0,"damage_taken":0.0,"relics_obtained":["Centennial Puzzle"],"cards_obtained":["Regret"]},{"damage_healed":0.0,"max_hp_gain":0.0,"max_hp_loss":0.0,"gold_gain":0.0,"event_name":"Liars Game","player_choice":"Ignored","floor":10.0,"gold_loss":0.0,"damage_taken":0.0},{"damage_healed":0.0,"max_hp_gain":0.0,"max_hp_loss":0.0,"gold_gain":0.0,"event_name":"The Library","player_choice":"Read","floor":19.0,"gold_loss":0.0,"damage_taken":0.0,"cards_obtained":["Feel No Pain"]},{"damage_healed":0.0,"max_hp_gain":0.0,"max_hp_loss":0.0,"gold_gain":0.0,"event_name":"Colosseum","player_choice":"Fight","floor":20.0,"gold_loss":0.0,"damage_taken":0.0},{"damage_healed":0.0,"max_hp_gain":0.0,"max_hp_loss":0.0,"gold_gain":0.0,"event_name":"Colosseum","player_choice":"Fled From Nobs","floor":20.0,"gold_loss":0.0,"damage_taken":0.0}],"is_beta":true,"boss_relics":[{"not_picked":["Tiny House","Eternal Feather"],"picked":"Fusion Hammer"}],"items_purged_floors":[],"is_endless":false,"potions_floor_spawned":[1,7,11,13,18,20],"killed_by":"Slavers","ascension_level":8}