{"gold_per_floor":[110,110,35,55,55,55,88,88,115,150,50,50,84,109,109,109],"floor_reached":16,"playtime":1817,"items_purged":["Rupture","Demon Form"],"score":122,"play_id":"78419341-d578-4f09-b4c4-f17c9b08747b","local_time":"20190808183748","is_ascension_mode":true,"campfire_choices":[{"floor":6,"key":"RECALL"},{"floor":8,"key":"REST"},{"floor":12,"key":"REST"},{"data":"Body Slam","floor":15,"key":"SMITH"}],"neow_cost":"NONE","seed_source_timestamp":235460428527407,"circlet_count":0,"master_deck":["Bash","Exhume","Clash","Wild Strike","Hemokinesis","Headbutt","Double Tap","Body Slam+1","Metallicize","Power Through","Dual Wield"],"relics":["Pandora\u0027s Box","Golden Idol","Ancient Tea Set","Strawberry","Frozen Egg 2"],"potions_floor_usage":[7,13,16,16],"damage_taken":[{"damage":11,"enemies":"Jaw Worm","floor":1,"turns":2},{"damage":6,"enemies":"Small Slimes","floor":4,"turns":2},{"damage":9,"enemies":"Gremlin Nob","floor":7,"turns":3},{"damage":42,"enemies":"3 Sentries","floor":10,"turns":6},{"damage":7,"enemies":"Gremlin Nob","floor":13,"turns":3},{"damage":0,"enemies":"2 Louse","floor":14,"turns":2},{"damage":58,"enemies":"The Guardian","floor":16,"turns":9}],"seed_played":"-727454126520945038","potions_obtained":[{"floor":1,"key":"Poison Potion"},{"floor":10,"key":"Weak Potion"},{"floor":13,"key":"Weak Potion"},{"floor":14,"key":"Regen Potion"}],"is_trial":false,"path_per_floor":["M","?","$","M","?","R","E","R","T","E","$","R","E","M","R","B"],"character_chosen":"IRONCLAD","items_purchased":[],"campfire_rested":2,"item_purchase_floors":[],"current_hp_per_floor":[69,49,49,43,43,43,34,58,58,23,23,49,42,42,42,0],"gold":109,"neow_bonus":"BOSS_RELIC","is_prod":false,"is_daily":false,"chose_seed":false,"campfire_upgraded":1,"win_rate":0,"timestamp":1565303868,"path_taken":["M","?","$","M","?","R","E","R","T","E","$","R","E","M","R","BOSS"],"build_version":"2019-07-17","purchased_purges":2,"victory":false,"max_hp_per_floor":[80,80,80,80,80,80,80,80,80,87,87,87,87,87,87,87],"card_choices":[{"not_picked":["Second Wind","Infernal Blade","Dual Wield"],"picked":"SKIP","floor":1},{"not_picked":["Flex","Pommel Strike","Cleave"],"picked":"SKIP","floor":4},{"not_picked":["Perfected Strike","Carnage","Sentinel"],"picked":"SKIP","floor":7},{"not_picked":["Wild Strike","Entrench"],"picked":"Metallicize","floor":10},{"not_picked":["Burning Pact","Anger"],"picked":"Power Through","floor":13},{"not_picked":["Clothesline","Blood for Blood"],"picked":"Dual Wield","floor":14}],"player_experience":102159,"relics_obtained":[{"floor":7,"key":"Ancient Tea Set"},{"floor":10,"key":"Strawberry"},{"floor":13,"key":"Frozen Egg 2"}],"event_choices":[{"damage_healed":0,"gold_gain":0,"player_choice":"Take Damage","damage_taken":20,"relics_obtained":["Golden Idol"],"max_hp_gain":0,"max_hp_loss":0,"event_name":"Golden Idol","floor":2,"gold_loss":0},{"damage_healed":0,"gold_gain":0,"player_choice":"Ignored","damage_taken":0,"max_hp_gain":0,"max_hp_loss":0,"event_name":"Liars Game","floor":5,"gold_loss":0}],"is_beta":false,"boss_relics":[],"items_purged_floors":[3,11],"is_endless":false,"potions_floor_spawned":[1,10,13,14],"killed_by":"The Guardian","ascension_level":1}