{"gold_per_floor":[119,27,37,52,52,52,90,90,90,104,104,125,125,143,143,143],"floor_reached":16,"playtime":2294,"items_purged":[],"score":102,"play_id":"b046aeac-16f9-4abd-bfff-7b69d994661c","local_time":"20190804231513","is_ascension_mode":false,"campfire_choices":[{"data":"Redo","floor":6.0,"key":"SMITH"},{"floor":8.0,"key":"REST"},{"floor":13.0,"key":"REST"},{"floor":15.0,"key":"REST"}],"neow_cost":"NONE","seed_source_timestamp":0,"circlet_count":0,"master_deck":["Strike_B","Strike_B","Strike_B+1","Strike_B+1","Defend_B","Defend_B","Defend_B","Defend_B","Zap","Dualcast","BootSequence","Redo+1","Leap","Go for the Eyes","Coolheaded","Coolheaded","Barrage","Self Repair+1"],"special_seed":0,"relics":["Cracked Core","Golden Idol","Ginger","Frozen Egg 2"],"potions_floor_usage":[],"damage_taken":[{"damage":0.0,"enemies":"2 Louse","floor":1.0,"turns":3.0},{"damage":0.0,"enemies":"Small Slimes","floor":3.0,"turns":4.0},{"damage":2.0,"enemies":"Jaw Worm","floor":4.0,"turns":3.0},{"damage":36.0,"enemies":"Lagavulin","floor":7.0,"turns":13.0},{"damage":22.0,"enemies":"Gremlin Gang","floor":10.0,"turns":7.0},{"damage":3.0,"enemies":"2 Fungi Beasts","floor":12.0,"turns":4.0},{"damage":0.0,"enemies":"Blue Slaver","floor":14.0,"turns":3.0},{"damage":56,"enemies":"Slime Boss","floor":16,"turns":18}],"seed_played":"7611039695773013318","potions_obtained":[{"floor":1.0,"key":"FearPotion"},{"floor":7.0,"key":"Energy Potion"}],"is_trial":false,"path_per_floor":["M","$","M","M","?","R","E","R","T","M","?","M","R","M","R","B"],"character_chosen":"DEFECT","items_purchased":["Redo","Leap"],"campfire_rested":3,"item_purchase_floors":[2,2],"current_hp_per_floor":[82,82,82,80,60,60,24,48,48,26,10,7,31,31,55,0],"gold":143,"neow_bonus":"TEN_PERCENT_HP_BONUS","is_prod":false,"is_daily":false,"chose_seed":false,"campfire_upgraded":1,"win_rate":0.0,"timestamp":1564953313,"path_taken":["M","$","M","M","?","R","E","R","T","M","?","M","R","M","R","BOSS"],"build_version":"2019-07-17","purchased_purges":0,"victory":false,"max_hp_per_floor":[82,82,82,82,82,82,82,82,82,82,82,82,82,82,82,82],"card_choices":[{"not_picked":["Undo","Chill"],"picked":"BootSequence","floor":1.0},{"not_picked":["Compile Driver","Streamline"],"picked":"Go for the Eyes","floor":3.0},{"not_picked":["Redo","Beam Cell"],"picked":"Coolheaded","floor":4.0},{"not_picked":["Turbo","Undo"],"picked":"Coolheaded","floor":7.0},{"not_picked":["Stack","Skim","Rainbow"],"picked":"SKIP","floor":10.0},{"not_picked":["Rip and Tear","Steam"],"picked":"Barrage","floor":12.0},{"not_picked":["Chaos","Steam"],"picked":"Self Repair+1","floor":14.0}],"player_experience":157812,"relics_obtained":[{"floor":7.0,"key":"Ginger"},{"floor":9.0,"key":"Frozen Egg 2"}],"event_choices":[{"damage_healed":0.0,"max_hp_gain":0.0,"max_hp_loss":0.0,"gold_gain":0.0,"event_name":"Golden Idol","player_choice":"Take Damage","floor":5.0,"gold_loss":0.0,"damage_taken":20.0,"relics_obtained":["Golden Idol"]},{"damage_healed":0.0,"max_hp_gain":0.0,"max_hp_loss":0.0,"gold_gain":0.0,"event_name":"Shining Light","player_choice":"Entered Light","floor":11.0,"gold_loss":0.0,"damage_taken":16.0,"cards_upgraded":["Strike_B","Strike_B"]}],"is_beta":false,"boss_relics":[],"items_purged_floors":[],"is_endless":false,"potions_floor_spawned":[1,7],"killed_by":"Slime Boss","ascension_level":0}