{"gold_per_floor":[110,285,285,302,59,86,86,101,172,172,189,69,69,81,81,81],"floor_reached":16,"playtime":518,"items_purged":["Doubt"],"score":200,"play_id":"f467b3f1-2436-4adc-ba3e-c7a86e28adbf","local_time":"20180823182904","is_ascension_mode":true,"campfire_choices":[{"data":"Seek","floor":7,"key":"SMITH"},{"data":"Darkness","floor":10,"key":"SMITH"},{"floor":15,"key":"DIG"}],"neow_cost":"NONE","seed_source_timestamp":0,"circlet_count":0,"master_deck":["Strike_B","Strike_B","Strike_B","Strike_B","Defend_B","Defend_B","Defend_B","Defend_B","Zap","Dualcast","AscendersBane","Cold Snap","Ball Lightning","Seek+1","Compile Driver","Glacier","Darkness+1","Turbo","Thunder Strike","Coolheaded+1","Melter"],"special_seed":0,"relics":["Cracked Core","NeowsBlessing","Shovel","Blood Vial","Kunai","Thread and Needle"],"potions_floor_usage":[],"damage_taken":[{"damage":0.0,"enemies":"2 Louse","floor":1.0,"turns":1.0},{"damage":0.0,"enemies":"Cultist","floor":4.0,"turns":1.0},{"damage":0.0,"enemies":"3 Sentries","floor":6.0,"turns":1.0},{"damage":7,"enemies":"Jaw Worm","floor":8,"turns":2},{"damage":38,"enemies":"Gremlin Gang","floor":11,"turns":7},{"damage":1,"enemies":"Looter","floor":14,"turns":3},{"damage":42,"enemies":"Slime Boss","floor":16,"turns":8}],"seed_played":"-8964904249084182767","potions_obtained":[{"floor":1.0,"key":"Ancient Potion"},{"floor":4.0,"key":"LiquidBronze"}],"is_trial":false,"path_per_floor":["M","?","T","M","$","E","R","M","T","R","M","$","?","M","R"],"character_chosen":"DEFECT","items_purchased":["Seek","Compile Driver","Thunder Strike","Coolheaded"],"campfire_rested":0,"item_purchase_floors":[5,5,12,12],"current_hp_per_floor":[68,68,68,68,68,68,68,63,63,63,27,27,27,28,28,0],"gold":81,"neow_bonus":"THREE_ENEMY_KILL","is_prod":false,"is_daily":false,"chose_seed":false,"campfire_upgraded":2,"win_rate":0,"timestamp":1535020144,"path_taken":["M","?","?","M","$","E","R","M","T","R","?","$","?","M","R","BOSS"],"build_version":"2018-08-16","purchased_purges":1,"victory":false,"max_hp_per_floor":[75,75,75,75,75,75,75,75,75,75,75,75,75,75,75,75],"card_choices":[{"not_picked":["Blizzard","Turbo"],"picked":"Cold Snap","floor":1.0},{"not_picked":["Gash","Go for the Eyes"],"picked":"Ball Lightning","floor":4.0},{"not_picked":["Redo","Chaos"],"picked":"Glacier","floor":6.0},{"not_picked":["Fission","Reprogram"],"picked":"Darkness","floor":8},{"not_picked":["Double Energy","Streamline"],"picked":"Turbo","floor":11},{"not_picked":["Ball Lightning","Compile Driver"],"picked":"Melter","floor":14}],"player_experience":261934,"relics_obtained":[{"floor":3.0,"key":"Shovel"},{"floor":6.0,"key":"Blood Vial"},{"floor":9,"key":"Kunai"},{"floor":15,"key":"Thread and Needle"}],"event_choices":[{"event_name":"Liars Game","player_choice":"agreed","floor":2.0,"damage_taken":0.0},{"event_name":"Upgrade Shrine","player_choice":"Upgraded","floor":13,"damage_taken":0}],"is_beta":false,"boss_relics":[],"items_purged_floors":[5],"is_endless":false,"potions_floor_spawned":[1,4],"killed_by":"Slime Boss","ascension_level":12}