{"gold_per_floor":[118,118,118,118,6,6,30,30,30,30,71,71,84,99,99,192,192,213,39,59,59,84,84,122,122,149,149,162,195,220,234,234,333,333,352,352,376,395,520,520,560,560,584,630,642,99,33,33,33,33,33],"floor_reached":52,"playtime":2373,"items_purged":["Strike_B","Strike_B+1"],"score":1892,"play_id":"b1a299b8-9ea4-438a-9d06-35980f57cb7f","local_time":"20190130101711","is_ascension_mode":true,"campfire_choices":[{"data":"Defragment","floor":6.0,"key":"SMITH"},{"data":"Zap","floor":8.0,"key":"SMITH"},{"data":"Rainbow","floor":10.0,"key":"SMITH"},{"data":"Seek","floor":15.0,"key":"SMITH"},{"data":"Defragment","floor":23.0,"key":"SMITH"},{"data":"Multi-Cast","floor":25.0,"key":"SMITH"},{"floor":27.0,"key":"REST"},{"data":"Redo","floor":32.0,"key":"SMITH"},{"data":"Fission","floor":40,"key":"SMITH"},{"data":"Skim","floor":42,"key":"SMITH"},{"data":"Double Energy","floor":45,"key":"SMITH"},{"data":"Buffer","floor":49,"key":"SMITH"}],"neow_cost":"NONE","seed_source_timestamp":8134951680097,"circlet_count":0,"master_deck":["AscendersBane","Strike_B+1","Defend_B+1","Defend_B+1","Defend_B+1","Defend_B+1","Zap+1","Dualcast","Rainbow+1","BootSequence","Defragment+1","Cold Snap","Skim+1","Defragment+1","Seek+1","Self Repair","Electrodynamics","Multi-Cast+1","Chaos+1","Redo+1","Fission+1","Undo","Fusion+1","Double Energy+1","Buffer+1"],"special_seed":0,"relics":["Cracked Core","Golden Idol","Mercury Hourglass","Orichalcum","Busted Crown","Oddly Smooth Stone","Art of War","Potion Belt","Coffee Dripper","Pocketwatch","Juzu Bracelet","MawBank","Pear","Medical Kit","Ancient Tea Set"],"potions_floor_usage":[41,41,44,50],"damage_taken":[{"damage":0.0,"enemies":"2 Louse","floor":1.0,"turns":2.0},{"damage":0.0,"enemies":"Jaw Worm","floor":7.0,"turns":4.0},{"damage":0.0,"enemies":"Lagavulin","floor":11.0,"turns":6.0},{"damage":0.0,"enemies":"Small Slimes","floor":13.0,"turns":2.0},{"damage":12.0,"enemies":"2 Fungi Beasts","floor":14.0,"turns":3.0},{"damage":28.0,"enemies":"The Guardian","floor":16.0,"turns":10.0},{"damage":0.0,"enemies":"Spheric Guardian","floor":18.0,"turns":3.0},{"damage":18.0,"enemies":"2 Thieves","floor":20.0,"turns":3.0},{"damage":3.0,"enemies":"Snecko","floor":22.0,"turns":5.0},{"damage":29.0,"enemies":"Gremlin Leader","floor":24.0,"turns":5.0},{"damage":11.0,"enemies":"Shelled Parasite and Fungi","floor":28.0,"turns":4.0},{"damage":17.0,"enemies":"Book of Stabbing","floor":29.0,"turns":5.0},{"damage":11.0,"enemies":"Centurion and Healer","floor":30.0,"turns":4.0},{"damage":0.0,"enemies":"Snecko","floor":31.0,"turns":3.0},{"damage":10.0,"enemies":"Champ","floor":33.0,"turns":9.0},{"damage":0.0,"enemies":"3 Darklings","floor":35.0,"turns":2.0},{"damage":0.0,"enemies":"3 Shapes","floor":37.0,"turns":3.0},{"damage":0.0,"enemies":"Jaw Worm Horde","floor":38.0,"turns":2.0},{"damage":0,"enemies":"Mind Bloom Boss Battle","floor":39,"turns":3},{"damage":28,"enemies":"Giant Head","floor":41,"turns":7},{"damage":16,"enemies":"Reptomancer","floor":44,"turns":4},{"damage":28,"enemies":"Time Eater","floor":50,"turns":11},{"damage":11,"enemies":"Donu and Deca","floor":51,"turns":7}],"seed_played":"3960712711632112841","potions_obtained":[{"floor":1.0,"key":"Weak Potion"},{"floor":7.0,"key":"Energy Potion"},{"floor":20.0,"key":"FairyPotion"},{"floor":22.0,"key":"SkillPotion"},{"floor":28.0,"key":"Block Potion"},{"floor":29.0,"key":"Regen Potion"},{"floor":31.0,"key":"Fire Potion"},{"floor":35.0,"key":"Explosive Potion"},{"floor":39,"key":"Block Potion"}],"is_trial":false,"path_per_floor":["M","?","?","?","$","R","M","R","T","R","E","?","M","M","R","B",null,"M","$","M","?","M","R","E","R","T","R","M","E","M","M","R","B",null,"M","?","M","M","?","R","E","R","T","E","R","$","?","?","R","B","B",null],"character_chosen":"DEFECT","items_purchased":["Defragment","Multi-Cast","Buffer","Medical Kit","SpeedPotion"],"campfire_rested":1,"item_purchase_floors":[5,19,46,46,46],"current_hp_per_floor":[64,57,57,57,57,57,57,57,57,57,57,57,57,45,45,24,54,54,54,43,43,47,47,25,25,25,44,40,30,19,28,28,25,54,61,61,64,64,64,64,43,43,43,44,44,44,44,44,44,23,19],"gold":33,"neow_bonus":"ONE_RANDOM_RARE_CARD","is_prod":false,"is_daily":false,"chose_seed":false,"campfire_upgraded":11,"win_rate":0,"timestamp":1548814631,"path_taken":["M","?","?","?","$","R","M","R","T","R","E","?","M","M","R","BOSS","M","$","?","?","M","R","E","R","T","R","M","E","M","M","R","BOSS","M","?","M","M","?","R","E","R","T","E","R","$","?","?","R","BOSS","BOSS"],"build_version":"2019-01-23","purchased_purges":2,"victory":true,"max_hp_per_floor":[71,71,64,64,64,64,64,64,64,64,64,64,64,64,64,64,64,64,64,64,64,64,64,64,64,64,64,64,64,64,64,64,64,64,64,64,64,64,64,64,64,64,64,74,74,74,74,74,74,74,74],"card_choices":[{"not_picked":["Tempest","Go for the Eyes"],"picked":"BootSequence","floor":1.0},{"not_picked":["White Noise","Sweeping Beam"],"picked":"Cold Snap","floor":7.0},{"not_picked":["Rip and Tear","Leap"],"picked":"Skim","floor":11.0},{"not_picked":["Static Discharge","Force Field"],"picked":"Self Repair","floor":13.0},{"not_picked":["Streamline","Coolheaded","Scrape"],"picked":"SKIP","floor":14.0},{"not_picked":["Core Surge","Amplify"],"picked":"Electrodynamics","floor":16.0},{"not_picked":["Go for the Eyes"],"picked":"SKIP","floor":18.0},{"not_picked":["Barrage"],"picked":"SKIP","floor":20.0},{"not_picked":["Go for the Eyes"],"picked":"SKIP","floor":22.0},{"not_picked":["Chaos"],"picked":"SKIP","floor":24.0},{"not_picked":["Leap"],"picked":"SKIP","floor":28.0},{"not_picked":[],"picked":"Chaos+1","floor":29.0},{"not_picked":[],"picked":"Redo","floor":30.0},{"not_picked":["Steam"],"picked":"SKIP","floor":31.0},{"not_picked":[],"picked":"Fission","floor":33.0},{"not_picked":[],"picked":"Undo","floor":35.0},{"not_picked":["Sweeping Beam"],"picked":"SKIP","floor":37.0},{"not_picked":["Gash+1"],"picked":"SKIP","floor":38.0},{"not_picked":["Gash+1"],"picked":"SKIP","floor":38.0},{"not_picked":[],"picked":"Fusion+1","floor":41},{"not_picked":["Double Energy"],"picked":"SKIP","floor":44},{"not_picked":[],"picked":"Double Energy","floor":44}],"player_experience":728647,"relics_obtained":[{"floor":9.0,"key":"Mercury Hourglass"},{"floor":11.0,"key":"Orichalcum"},{"floor":24.0,"key":"Oddly Smooth Stone"},{"floor":26.0,"key":"Art of War"},{"floor":29.0,"key":"Potion Belt"},{"floor":39,"key":"Pocketwatch"},{"floor":41,"key":"Juzu Bracelet"},{"floor":43,"key":"MawBank"},{"floor":44,"key":"Pear"}],"event_choices":[{"cards_removed":["Strike_B"],"damage_healed":0.0,"max_hp_gain":0.0,"max_hp_loss":0.0,"gold_gain":0.0,"event_name":"Golden Wing","player_choice":"Card Removal","floor":2.0,"gold_loss":0.0,"damage_taken":7.0},{"damage_healed":0.0,"max_hp_gain":0.0,"max_hp_loss":7.0,"gold_gain":0.0,"event_name":"Golden Idol","player_choice":"Lose Max HP","floor":3.0,"gold_loss":0.0,"damage_taken":0.0,"relics_obtained":["Golden Idol"]},{"damage_healed":0.0,"max_hp_gain":0.0,"max_hp_loss":0.0,"gold_gain":0.0,"event_name":"Shining Light","player_choice":"Ignored","floor":4.0,"gold_loss":0.0,"damage_taken":0.0},{"damage_healed":0.0,"max_hp_gain":0.0,"max_hp_loss":0.0,"gold_gain":0.0,"event_name":"Match and Keep!","player_choice":"2 cards matched","floor":12.0,"gold_loss":0.0,"damage_taken":0.0,"cards_obtained":["Defragment","Seek"]},{"damage_healed":0.0,"max_hp_gain":0.0,"max_hp_loss":0.0,"gold_gain":0.0,"event_name":"Back to Basics","player_choice":"Simplicity","floor":21.0,"gold_loss":0.0,"damage_taken":0.0,"cards_upgraded":["Strike_B","Strike_B","Defend_B","Defend_B","Defend_B","Defend_B"]},{"damage_healed":0.0,"max_hp_gain":0.0,"max_hp_loss":0.0,"gold_gain":0.0,"event_name":"Tomb of Lord Red Mask","player_choice":"Ignored","floor":36.0,"gold_loss":0.0,"damage_taken":0.0},{"damage_healed":0,"gold_gain":0,"player_choice":"Fight","damage_taken":0,"max_hp_gain":0,"max_hp_loss":0,"event_name":"MindBloom","floor":39,"gold_loss":0},{"damage_healed":0,"gold_gain":0,"player_choice":"Paid Gold","damage_taken":0,"relics_obtained":["Ancient Tea Set"],"max_hp_gain":0,"max_hp_loss":0,"event_name":"WeMeetAgain","floor":47,"gold_loss":66},{"damage_healed":0,"gold_gain":0,"player_choice":"Memory 1","damage_taken":0,"max_hp_gain":0,"max_hp_loss":0,"event_name":"SensoryStone","floor":48,"gold_loss":0}],"is_beta":true,"boss_relics":[{"not_picked":["Eternal Feather","Fusion Hammer"],"picked":"Busted Crown"},{"not_picked":["Pandora\u0027s Box","Runic Dome"],"picked":"Coffee Dripper"}],"items_purged_floors":[5,46],"is_endless":false,"potions_floor_spawned":[1,7,13,20,22,28,29,31,35,38,39],"ascension_level":20}