{"gold_per_floor":[119,135,42,57,3,33,33,33,33,33,33,33,60,71,71,144,144,154,170,170,190,190,190,217,267,267,281,331,393,443,454,454,527,527,546,607,684,734,784,784,854,864,864,892,378,428,444,460,460,460],"floor_reached":51,"playtime":3217,"items_purged":["Pain"],"score":1455,"play_id":"be46d495-e8aa-4bee-a3a4-c330b3b9c3b2","local_time":"20180915232727","is_ascension_mode":true,"campfire_choices":[{"data":"Zap","floor":8.0,"key":"SMITH"},{"data":"Streamline","floor":12.0,"key":"SMITH"},{"data":"Chill","floor":15.0,"key":"SMITH"},{"data":"RitualDagger","floor":23.0,"key":"SMITH"},{"data":"FTL","floor":32.0,"key":"SMITH"},{"data":"Auto Shields","floor":40.0,"key":"SMITH"},{"data":"Strike_B","floor":49,"key":"PURGE"}],"neow_cost":"NONE","seed_source_timestamp":42767137259916,"circlet_count":0,"master_deck":["Strike_B","Defend_B","Defend_B","Defend_B","Zap+1","Dualcast+1","AscendersBane","Auto Shields+1","Streamline+1","BootSequence+1","Chill+1","All For One","Steam+1","Leap+1","Core Surge","Hologram+1","Stack+1","RitualDagger+1","FTL+1","Double Energy+1","Go for the Eyes+1","Ghostly+1","Ghostly+1","Ghostly+1","Ghostly+1","Ghostly+1","Echo Form","Reinforced Body+1","Steam Power+1","Auto Shields+1","Undo+1","Gash","Gash","Compile Driver+1","Glacier+1","Redo+1","Impatience+1","Fission+1","Stack+1"],"special_seed":0,"relics":["Coffee Dripper","Ice Cream","Toxic Egg 2","Gremlin Horn","Meat on the Bone","Cursed Key","SsserpentHead","Du-Vu Doll","Astrolabe","Potion Belt","Peace Pipe","Bottled Lightning"],"potions_floor_usage":[44,44,50],"damage_taken":[{"damage":9.0,"enemies":"Small Slimes","floor":1.0,"turns":3.0},{"damage":0.0,"enemies":"Cultist","floor":2.0,"turns":4.0},{"damage":8.0,"enemies":"2 Louse","floor":4.0,"turns":4.0},{"damage":6.0,"enemies":"3 Sentries","floor":6.0,"turns":8.0},{"damage":0.0,"enemies":"Lagavulin","floor":13.0,"turns":6.0},{"damage":0.0,"enemies":"2 Fungi Beasts","floor":14.0,"turns":4.0},{"damage":15.0,"enemies":"Slime Boss","floor":16.0,"turns":9.0},{"damage":3.0,"enemies":"Spheric Guardian","floor":18.0,"turns":6.0},{"damage":21.0,"enemies":"Chosen","floor":19.0,"turns":6.0},{"damage":5.0,"enemies":"Snecko","floor":21.0,"turns":5.0},{"damage":36.0,"enemies":"Slavers","floor":24.0,"turns":10.0},{"damage":0.0,"enemies":"Shelled Parasite and Fungi","floor":27.0,"turns":5.0},{"damage":10.0,"enemies":"3 Cultists","floor":29.0,"turns":6.0},{"damage":9.0,"enemies":"Snake Plant","floor":31.0,"turns":3.0},{"damage":4.0,"enemies":"Collector","floor":33.0,"turns":11.0},{"damage":6.0,"enemies":"Orb Walker","floor":35.0,"turns":4.0},{"damage":22.0,"enemies":"3 Shapes","floor":36.0,"turns":4.0},{"damage":3.0,"enemies":"Transient","floor":41.0,"turns":6.0},{"damage":11.0,"enemies":"Reptomancer","floor":42.0,"turns":5.0},{"damage":13,"enemies":"Nemesis","floor":44,"turns":13},{"damage":0,"enemies":"Maw","floor":47,"turns":10},{"damage":2,"enemies":"4 Shapes","floor":48,"turns":5},{"damage":2,"enemies":"Awakened One","floor":50,"turns":16}],"seed_played":"-8102309711795618248","potions_obtained":[{"floor":4.0,"key":"Explosive Potion"},{"floor":6.0,"key":"SteroidPotion"},{"floor":14.0,"key":"Dexterity Potion"},{"floor":36.0,"key":"SpeedPotion"},{"floor":41.0,"key":"SpeedPotion"},{"floor":47,"key":"Swift Potion"}],"is_trial":false,"path_per_floor":["M","M","$","M","?","E","?","R","T","?","?","R","E","M","R","B",null,"M","M","?","M","?","R","E","?","T","M","?","M","?","M","R","B",null,"M","M","T","?","?","R","M","M","T","E","$","?","M","M","R","B"],"character_chosen":"DEFECT","items_purchased":["BootSequence","Bottled Lightning","Glacier+1","Redo+1"],"campfire_rested":0,"item_purchase_floors":[3,45,45,45],"current_hp_per_floor":[55,55,55,47,47,41,41,41,41,41,41,41,41,41,41,38,63,60,39,33,40,40,40,16,16,16,28,28,30,30,21,21,29,34,28,18,18,18,18,18,27,28,28,27,27,27,27,25,25,23],"gold":460,"neow_bonus":"BOSS_RELIC","is_prod":false,"is_daily":false,"chose_seed":false,"campfire_upgraded":6,"win_rate":0,"timestamp":1537025247,"path_taken":["M","M","$","M","?","E","?","R","T","?","?","R","E","M","R","BOSS","M","M","?","M","?","R","E","?","T","M","?","?","?","M","R","BOSS","M","?","?","?","?","R","?","M","T","E","$","?","M","M","R","BOSS"],"build_version":"2018-09-12","purchased_purges":1,"victory":true,"max_hp_per_floor":[71,71,71,71,71,71,71,71,71,71,71,71,71,71,71,71,71,71,71,71,71,71,71,71,71,71,71,71,71,35,35,35,35,35,35,35,35,33,33,33,33,33,33,33,33,33,33,33,33,33],"card_choices":[{"not_picked":["Stack","Leap"],"picked":"Auto Shields","floor":1.0},{"not_picked":["Go for the Eyes","Coolheaded"],"picked":"Streamline","floor":2.0},{"not_picked":["Go for the Eyes","Beam Cell"],"picked":"Chill","floor":4.0},{"not_picked":["Hologram","Redo"],"picked":"All For One","floor":6.0},{"not_picked":["Hyperbeam","Go for the Eyes"],"picked":"Steam+1","floor":13.0},{"not_picked":["Aggregate+1","Turbo+1"],"picked":"Leap+1","floor":14.0},{"not_picked":["Machine Learning","Amplify+1"],"picked":"Core Surge","floor":16.0},{"not_picked":["Gash+1","Turbo+1"],"picked":"Hologram+1","floor":18.0},{"not_picked":["Coolheaded+1","Go for the Eyes"],"picked":"Stack+1","floor":19.0},{"not_picked":["Streamline","Stack+1"],"picked":"FTL","floor":21.0},{"not_picked":["Streamline+1","Storm","Hello World"],"picked":"SKIP","floor":24.0},{"not_picked":["FTL","Cold Snap"],"picked":"Double Energy+1","floor":27.0},{"not_picked":["Recycle+1","Ball Lightning"],"picked":"Go for the Eyes+1","floor":29.0},{"not_picked":["Coolheaded+1","Ball Lightning"],"picked":"Steam Power+1","floor":31.0},{"not_picked":["Seek+1","Amplify+1"],"picked":"Echo Form","floor":33.0},{"not_picked":["Loop+1","Coolheaded+1","Conserve Battery+1"],"picked":"SKIP","floor":35.0},{"not_picked":["Recycle+1","Rebound"],"picked":"Undo+1","floor":36.0},{"not_picked":["Self Repair","Genetic Algorithm+1"],"picked":"Gash","floor":41.0},{"not_picked":["Stack+1","Conserve Battery+1"],"picked":"Gash","floor":42.0},{"not_picked":["Conserve Battery+1","Loop+1"],"picked":"Compile Driver+1","floor":44},{"not_picked":["Mind Blast","Flash of Steel"],"picked":"Impatience+1","floor":46},{"not_picked":["BootSequence+1","Leap+1"],"picked":"Fission+1","floor":47},{"not_picked":["Leap+1","Ball Lightning+1"],"picked":"Stack+1","floor":48}],"player_experience":345916,"relics_obtained":[{"floor":6.0,"key":"Toxic Egg 2"},{"floor":9.0,"key":"Gremlin Horn"},{"floor":13.0,"key":"Meat on the Bone"},{"floor":24.0,"key":"Du-Vu Doll"},{"floor":37.0,"key":"Potion Belt"},{"floor":44,"key":"Peace Pipe"}],"event_choices":[{"event_name":"WeMeetAgain","player_choice":"Gold","floor":5.0,"damage_taken":0.0},{"event_name":"Shining Light","player_choice":"Ignored","floor":7.0,"damage_taken":0.0},{"event_name":"Purifier","player_choice":"One Purge","floor":10.0,"damage_taken":0.0},{"event_name":"Living Wall","player_choice":"Grow","floor":11.0,"damage_taken":0.0},{"event_name":"Nest","player_choice":"Joined the Cult","floor":20.0,"damage_taken":0.0},{"event_name":"FaceTrader","player_choice":"Trade","floor":22.0,"damage_taken":0.0},{"event_name":"Accursed Blacksmith","player_choice":"Forge","floor":25.0,"damage_taken":0.0},{"event_name":"Beggar","player_choice":"Ignored","floor":28.0,"damage_taken":0.0},{"event_name":"Ghosts","player_choice":"Became a Ghost","floor":30.0,"damage_taken":0.0},{"event_name":"Winding Halls","player_choice":"Max HP","floor":38.0,"damage_taken":0.0},{"event_name":"Tomb of Lord Red Mask","player_choice":"Ignored","floor":39.0,"damage_taken":0.0},{"event_name":"SensoryStone","player_choice":"Memory 1","floor":46,"damage_taken":0}],"is_beta":true,"boss_relics":[{"not_picked":["Nuclear Battery","Pandora\u0027s Box"],"picked":"Cursed Key"},{"not_picked":["Tiny House","Busted Crown"],"picked":"Astrolabe"}],"items_purged_floors":[45],"is_endless":false,"potions_floor_spawned":[4,6,14,18,19,24,27,36,41,47],"ascension_level":19}