{"gold_per_floor":[109,109,128,2,19,30,46,46,46,64,64,239,254,254,254,353,353,368,381,401,275,374,400,400,400,446,446,35,35,35,35,35,35],"floor_reached":33,"playtime":5121,"items_purged":["Defend_G","Defend_G","Defend_G"],"score":268,"play_id":"14f1a8a3-eecf-46b3-ac85-bc675ca7eab4","local_time":"20190810160206","is_ascension_mode":true,"campfire_choices":[{"floor":8,"key":"REST"},{"data":"Noxious Fumes","floor":11,"key":"SMITH"},{"data":"Leg Sweep","floor":15,"key":"SMITH"},{"floor":24,"key":"REST"},{"floor":27,"key":"REST"},{"floor":29,"key":"REST"},{"floor":32,"key":"REST"}],"neow_cost":"PERCENT_DAMAGE","seed_source_timestamp":52136867560413,"circlet_count":0,"master_deck":["Strike_G","Strike_G","Strike_G","Survivor","Neutralize","Backflip","Blur","Poisoned Stab","Bouncing Flask","Noxious Fumes+1","Sucker Punch","Dagger Spray","Doubt","Leg Sweep+1","Cloak And Dagger","Backstab","Blade Dance","Caltrops","Dodge and Roll"],"relics":["Ring of the Snake","Shuriken","Fusion Hammer","Pen Nib","Bag of Preparation","Mercury Hourglass"],"potions_floor_usage":[7,10,19,20,20,23],"damage_taken":[{"damage":0,"enemies":"2 Louse","floor":1,"turns":3},{"damage":0,"enemies":"Cultist","floor":3,"turns":4},{"damage":2,"enemies":"Small Slimes","floor":5,"turns":4},{"damage":0,"enemies":"2 Fungi Beasts","floor":6,"turns":3},{"damage":0,"enemies":"Lots of Slimes","floor":7,"turns":2},{"damage":13,"enemies":"Exordium Wildlife","floor":10,"turns":5},{"damage":4,"enemies":"2 Fungi Beasts","floor":13,"turns":3},{"damage":23,"enemies":"The Guardian","floor":16,"turns":10},{"damage":13,"enemies":"2 Thieves","floor":18,"turns":5},{"damage":0,"enemies":"3 Byrds","floor":19,"turns":4},{"damage":13,"enemies":"3 Cultists","floor":20,"turns":6},{"damage":18,"enemies":"Slavers","floor":23,"turns":5},{"damage":17,"enemies":"Colosseum Slavers","floor":31,"turns":4},{"damage":83,"enemies":"Collector","floor":33,"turns":8}],"seed_played":"-5902070704390790399","potions_obtained":[{"floor":3,"key":"Explosive Potion"},{"floor":5,"key":"LiquidBronze"},{"floor":7,"key":"Regen Potion"},{"floor":10,"key":"Regen Potion"},{"floor":13,"key":"Fire Potion"},{"floor":18,"key":"SpeedPotion"},{"floor":20,"key":"GhostInAJar"}],"is_trial":false,"path_per_floor":["M","?","M","$","M","M","M","R","T","M","R","?","M","?","R","B",null,"M","M","M","$","?","E","R","?","T","R","$","R","?","?","R","B"],"character_chosen":"THE_SILENT","items_purchased":["Poisoned Stab","Blade Dance","Caltrops","Mercury Hourglass"],"campfire_rested":5,"item_purchase_floors":[4,21,28,28],"current_hp_per_floor":[49,49,49,49,47,47,47,68,68,67,67,67,63,63,63,40,70,57,57,56,56,56,38,59,46,46,68,68,75,75,58,75,0],"gold":35,"neow_bonus":"REMOVE_TWO","is_prod":false,"is_daily":false,"chose_seed":false,"campfire_upgraded":2,"win_rate":0,"timestamp":1565467326,"path_taken":["M","?","M","$","M","M","?","R","T","M","R","?","M","?","R","BOSS","M","M","?","$","?","E","R","?","T","R","$","R","?","?","R","BOSS"],"build_version":"2019-07-17","purchased_purges":3,"victory":false,"max_hp_per_floor":[70,70,70,70,70,70,70,70,70,70,70,70,70,70,70,70,70,70,70,70,70,70,70,70,75,75,75,75,75,75,75,75,75],"card_choices":[{"not_picked":["Prepared","PiercingWail"],"picked":"Backflip","floor":1},{"not_picked":["Choke","Cloak And Dagger"],"picked":"Blur","floor":3},{"not_picked":["Backflip","Blur"],"picked":"Bouncing Flask","floor":5},{"not_picked":["Deadly Poison","Quick Slash"],"picked":"Noxious Fumes","floor":6},{"not_picked":["Infinite Blades","Riddle With Holes"],"picked":"Sucker Punch","floor":7},{"not_picked":["Blade Dance","Deflect"],"picked":"Dagger Spray","floor":10},{"not_picked":["Blade Dance","Dagger Spray"],"picked":"Leg Sweep","floor":13},{"not_picked":["Blade Dance","Acrobatics"],"picked":"Cloak And Dagger","floor":18},{"not_picked":["Calculated Gamble","Cloak And Dagger"],"picked":"Backstab","floor":19},{"not_picked":["PiercingWail","Prepared","Heel Hook"],"picked":"SKIP","floor":20},{"not_picked":["Sucker Punch","Slice+1","Masterful Stab+1"],"picked":"SKIP","floor":23}],"player_experience":61926,"relics_obtained":[{"floor":9,"key":"Shuriken"},{"floor":23,"key":"Pen Nib"},{"floor":26,"key":"Bag of Preparation"}],"event_choices":[{"cards_removed":["Defend_G"],"damage_healed":0,"gold_gain":0,"player_choice":"Purged","damage_taken":0,"max_hp_gain":0,"max_hp_loss":0,"event_name":"Purifier","floor":2,"gold_loss":0},{"damage_healed":0,"gold_gain":175,"player_choice":"AGREE","damage_taken":0,"max_hp_gain":0,"max_hp_loss":0,"event_name":"Liars Game","floor":12,"gold_loss":0,"cards_obtained":["Doubt"]},{"cards_removed":["Strike_G"],"damage_healed":0,"gold_gain":0,"player_choice":"Offered Basic","damage_taken":0,"max_hp_gain":0,"max_hp_loss":0,"event_name":"Bonfire Elementals","floor":14,"gold_loss":0},{"damage_healed":0,"gold_gain":99,"player_choice":"Stole From Cult","damage_taken":0,"max_hp_gain":0,"max_hp_loss":0,"event_name":"Nest","floor":22,"gold_loss":0},{"damage_healed":0,"gold_gain":0,"player_choice":"Shed Blood","damage_taken":18,"max_hp_gain":5,"max_hp_loss":0,"event_name":"Forgotten Altar","floor":25,"gold_loss":0},{"damage_healed":0,"gold_gain":0,"player_choice":"Read","damage_taken":0,"max_hp_gain":0,"max_hp_loss":0,"event_name":"The Library","floor":30,"gold_loss":0,"cards_obtained":["Dodge and Roll"]},{"damage_healed":0,"gold_gain":0,"player_choice":"Fight","damage_taken":0,"max_hp_gain":0,"max_hp_loss":0,"event_name":"Colosseum","floor":31,"gold_loss":0},{"damage_healed":0,"gold_gain":0,"player_choice":"Fled From Nobs","damage_taken":0,"max_hp_gain":0,"max_hp_loss":0,"event_name":"Colosseum","floor":31,"gold_loss":0}],"is_beta":false,"boss_relics":[{"not_picked":["Calling Bell","Cursed Key"],"picked":"Fusion Hammer"}],"items_purged_floors":[4,21,28],"is_endless":false,"potions_floor_spawned":[3,5,7,10,13,18,20],"killed_by":"Collector","ascension_level":1}