{"gold_per_floor":[117,117,117,7,7,37,37,37,107,107,120,190,190,20,20,122,122,142,241,257,151,151,184,100,129,129,129,142,155,174,174,174,275,275,288,288,29,44,44,44,77,95,119,130,130,143,171,0,0,0],"floor_reached":51,"playtime":3109,"items_purged":["Injury","Regret","Pain"],"score":851,"play_id":"e3aac6ee-6f05-4bad-bb96-cc1d1b660a97","local_time":"20180725221938","is_ascension_mode":true,"campfire_choices":[{"data":"Phantasmal Killer","floor":7.0,"key":"SMITH"},{"data":"Malaise","floor":10.0,"key":"SMITH"},{"data":"Neutralize","floor":15.0,"key":"SMITH"},{"floor":27.0,"key":"REST"},{"floor":32.0,"key":"REST"},{"floor":40.0,"key":"REST"},{"floor":49,"key":"REST"}],"neow_cost":"NONE","seed_source_timestamp":0,"circlet_count":0,"master_deck":["Defend_G+1","Defend_G+1","Defend_G+1","Strike_G+1","Strike_G+1","Strike_G+1","Survivor+1","Neutralize+1","Doppelganger+1","Backstab+1","Adrenaline+1","Cloak And Dagger+1","Malaise+1","Finisher+1","Phantasmal Killer+1","Backstab+1","Deadly Poison+1","Crippling Poison+1","Malaise+1","Prepared+1","PiercingWail+1","Noxious Fumes+1","Backflip+1","Blur+1","Accuracy+1","Bouncing Flask+1","Die Die Die+1","Bane+1","Blade Dance+1","Sucker Punch+1","Cloak And Dagger+1","Leg Sweep+1","Backflip+1","After Image+1","Injury","Doubt","Catalyst+1","Master of Strategy+1","Corpse Explosion+1","PiercingWail+1","Acrobatics+1","Footwork+1"],"special_seed":0,"relics":["Astrolabe","GremlinMask","Smiling Mask","Paper Crane","Toxic Egg 2","Prayer Wheel","Lizard Tail","Boot","Bottled Lightning","Incense Burner","Calling Bell","Oddly Smooth Stone","Question Card","Nunchaku","Pen Nib","Mummified Hand","Snake Skull","Mark of the Bloom","Shuriken","Red Mask"],"potions_floor_usage":[50,50],"damage_taken":[{"damage":0.0,"enemies":"2 Louse","floor":1.0,"turns":3.0},{"damage":13.0,"enemies":"3 Sentries","floor":6.0,"turns":9.0},{"damage":14.0,"floor":8.0,"turns":5.0},{"damage":0.0,"enemies":"Small Slimes","floor":11.0,"turns":3.0},{"damage":3.0,"enemies":"The Guardian","floor":16.0,"turns":10.0},{"damage":5.0,"enemies":"3 Byrds","floor":18.0,"turns":5.0},{"damage":5.0,"enemies":"Chosen","floor":20.0,"turns":5.0},{"damage":22.0,"enemies":"Slavers","floor":23.0,"turns":6.0},{"damage":15.0,"enemies":"Gremlin Leader","floor":25.0,"turns":7.0},{"damage":4.0,"enemies":"Centurion and Healer","floor":28.0,"turns":6.0},{"damage":18.0,"enemies":"Slaver and Parasite","floor":29.0,"turns":5.0},{"damage":0.0,"enemies":"Cultist and Chosen","floor":30.0,"turns":6.0},{"damage":24.0,"enemies":"Collector","floor":33.0,"turns":10.0},{"damage":25.0,"enemies":"3 Darklings","floor":35.0,"turns":6.0},{"damage":7.0,"enemies":"Flame Bruiser 1 Orb","floor":38.0,"turns":5.0},{"damage":5.0,"enemies":"Giant Head","floor":41.0,"turns":8.0},{"damage":0.0,"enemies":"Transient","floor":42.0,"turns":5.0},{"damage":9,"enemies":"Sphere and 2 Shapes","floor":44,"turns":5},{"damage":0,"enemies":"Maw","floor":46,"turns":5},{"damage":0,"enemies":"Nemesis","floor":47,"turns":7},{"damage":45,"enemies":"Donu and Deca","floor":50,"turns":8}],"seed_played":"517553535637615744","potions_obtained":[{"floor":1.0,"key":"Dexterity Potion"},{"floor":6.0,"key":"Poison Potion"},{"floor":16.0,"key":"Poison Potion"},{"floor":20.0,"key":"FearPotion"},{"floor":29.0,"key":"Ancient Potion"}],"is_trial":false,"path_per_floor":["M","?","?","$","?","E","R","M","T","R","M","T","?","$","R","B",null,"M","?","M","$","?","E","$","E","T","R","M","M","M","?","R","B",null,"M","T","$","M","?","R","E","M","T","M","?","M","E","?","R","B"],"character_chosen":"THE_SILENT","items_purchased":["Finisher","Deadly Poison+1","Crippling Poison+1","Blur+1","Accuracy","Bane","Blade Dance+1","Master of Strategy+1"],"campfire_rested":4,"item_purchase_floors":[4,14,14,21,21,24,24,37],"current_hp_per_floor":[70,70,70,70,70,57,57,43,43,43,43,43,43,43,43,40,70,65,65,60,60,60,38,38,23,23,44,40,22,22,9,31,7,75,50,50,50,43,43,65,60,60,60,51,51,51,51,51,51,6],"gold":0,"neow_bonus":"BOSS_RELIC","is_prod":false,"is_daily":false,"chose_seed":false,"campfire_upgraded":3,"win_rate":0,"timestamp":1532528378,"path_taken":["M","?","?","$","?","E","R","?","T","R","M","?","?","$","R","BOSS","M","?","M","$","?","E","$","E","T","R","M","M","?","?","R","BOSS","M","?","$","M","?","R","E","M","T","M","?","?","E","?","R","BOSS"],"build_version":"2018-07-19v2","purchased_purges":3,"victory":true,"max_hp_per_floor":[70,70,70,70,70,70,70,70,70,70,70,70,70,70,70,70,70,70,70,70,70,70,70,70,70,70,70,70,70,70,75,75,75,75,75,75,75,75,75,75,75,75,75,75,75,75,75,75,75,75],"card_choices":[{"not_picked":["All Out Attack","Caltrops"],"picked":"Cloak And Dagger","floor":1.0},{"not_picked":["Skewer","Flying Knee"],"picked":"Phantasmal Killer","floor":6.0},{"not_picked":["PiercingWail","Flying Knee","Escape Plan"],"picked":"SKIP","floor":8.0},{"not_picked":["Predator","Finisher"],"picked":"Backstab","floor":11.0},{"not_picked":["Storm of Steel+1","Wraith Form v2"],"picked":"Malaise+1","floor":16.0},{"not_picked":["Dagger Spray","All Out Attack+1"],"picked":"Prepared+1","floor":18.0},{"not_picked":["Quick Slash","Poisoned Stab"],"picked":"PiercingWail+1","floor":18.0},{"not_picked":["Outmaneuver+1","Distraction+1"],"picked":"Noxious Fumes","floor":20.0},{"not_picked":["Crippling Poison+1","Slice+1"],"picked":"Backflip+1","floor":20.0},{"not_picked":["Caltrops","Dodge and Roll+1"],"picked":"Die Die Die","floor":23.0},{"not_picked":["Wraith Form v2","Deadly Poison+1"],"picked":"Sucker Punch+1","floor":25.0},{"not_picked":["Deflect+1","Dodge and Roll+1"],"picked":"Cloak And Dagger+1","floor":28.0},{"not_picked":["Glass Knife","Deadly Poison+1","Dagger Throw"],"picked":"SKIP","floor":28.0},{"not_picked":["Cloak And Dagger+1","Deflect+1"],"picked":"Leg Sweep+1","floor":29.0},{"not_picked":["Poisoned Stab","Outmaneuver+1","Dash"],"picked":"SKIP","floor":29.0},{"not_picked":["Poisoned Stab","Bane+1"],"picked":"Backflip+1","floor":30.0},{"not_picked":["All Out Attack","Predator","Riddle With Holes"],"picked":"SKIP","floor":30.0},{"not_picked":["A Thousand Cuts","Phantasmal Killer+1"],"picked":"After Image","floor":33.0},{"not_picked":["Backstab+1","Poisoned Stab+1","Prepared+1"],"picked":"Catalyst+1","floor":35.0},{"not_picked":["Outmaneuver+1","Eviscerate+1","Deadly Poison+1","Flying Knee+1"],"picked":"SKIP","floor":35.0},{"not_picked":["Predator","Deflect+1","Poisoned Stab"],"picked":"Corpse Explosion+1","floor":38.0},{"not_picked":["Distraction+1","Outmaneuver+1","Sucker Punch","Backflip+1"],"picked":"SKIP","floor":38.0},{"not_picked":["Dash","Sucker Punch+1","Outmaneuver+1","Glass Knife"],"picked":"SKIP","floor":41.0},{"not_picked":["Dagger Spray","Slice","Deadly Poison+1"],"picked":"PiercingWail+1","floor":42.0},{"not_picked":["Prepared+1","Distraction+1","Quick Slash+1","Sucker Punch+1"],"picked":"SKIP","floor":42.0},{"not_picked":["Acrobatics+1","Slice","Underhanded Strike","Quick Slash"],"picked":"SKIP","floor":44},{"not_picked":["Dagger Throw+1","Sucker Punch+1","Dash","Wraith Form v2"],"picked":"SKIP","floor":44},{"not_picked":["Cloak And Dagger+1","Heel Hook+1","Backflip+1"],"picked":"Acrobatics+1","floor":46},{"not_picked":["Riddle With Holes+1","Outmaneuver+1","Cloak And Dagger+1"],"picked":"Footwork+1","floor":46},{"not_picked":["Blur+1","Prepared+1","Leg Sweep+1","Bane+1"],"picked":"SKIP","floor":47}],"player_experience":174147,"relics_obtained":[{"floor":6.0,"key":"Smiling Mask"},{"floor":9.0,"key":"Paper Crane"},{"floor":12.0,"key":"Toxic Egg 2"},{"floor":23.0,"key":"Boot"},{"floor":25.0,"key":"Bottled Lightning"},{"floor":26.0,"key":"Incense Burner"},{"floor":34.0,"key":"Oddly Smooth Stone"},{"floor":34.0,"key":"Question Card"},{"floor":34.0,"key":"Nunchaku"},{"floor":36.0,"key":"Pen Nib"},{"floor":41.0,"key":"Mummified Hand"},{"floor":43.0,"key":"Snake Skull"},{"floor":47,"key":"Shuriken"}],"event_choices":[{"event_name":"Transmorgrifier","player_choice":"Transform","floor":2.0,"damage_taken":0.0},{"event_name":"Accursed Blacksmith","player_choice":"Forge","floor":3.0,"damage_taken":0.0},{"event_name":"FaceTrader","player_choice":"Trade","floor":5.0,"damage_taken":0.0},{"event_name":"Mushrooms","player_choice":"Fought Mushrooms","floor":8.0,"damage_taken":0.0},{"event_name":"Big Fish","player_choice":"Box","floor":13.0,"damage_taken":0.0},{"event_name":"Nest","player_choice":"Stole From Cult","floor":19.0,"damage_taken":0.0},{"event_name":"The Library","player_choice":"Read","floor":22.0,"damage_taken":0.0},{"event_name":"Forgotten Altar","player_choice":"Shed Blood","floor":31.0,"damage_taken":0.0},{"event_name":"The Lab","player_choice":"Got Potions","floor":39.0,"damage_taken":0.0},{"event_name":"MindBloom","player_choice":"Upgrade","floor":45,"damage_taken":0},{"event_name":"Tomb of Lord Red Mask","player_choice":"Paid","floor":48,"damage_taken":0}],"is_beta":false,"boss_relics":[{"not_picked":["Busted Crown","Empty Cage"],"picked":"Lizard Tail"},{"not_picked":["Runic Pyramid","Runic Dome"],"picked":"Calling Bell"}],"items_purged_floors":[4,14,37],"is_endless":false,"potions_floor_spawned":[1,6,8,16,20,23,29,38,41,46],"ascension_level":1}