{"gold_per_floor":[117,137,137,151,34,34,63,63,63,63,81,81,95,95],"floor_reached":14,"playtime":729,"items_purged":["Strike_B"],"score":180,"play_id":"f8d485e3-8b4f-4950-baeb-ac50aa178384","local_time":"20181230203413","is_ascension_mode":true,"campfire_choices":[{"data":"Beam Cell","floor":6.0,"key":"SMITH"},{"data":"Zap","floor":12,"key":"SMITH"}],"neow_cost":"TEN_PERCENT_HP_LOSS","seed_source_timestamp":30689253708218,"circlet_count":0,"master_deck":["AscendersBane","Strike_B","Strike_B","Defend_B","Defend_B","Defend_B","Defend_B","Zap+1","Dualcast","Echo Form","Beam Cell+1","Hello World","White Noise","Loop"],"special_seed":0,"relics":["Cracked Core","Kunai","Orichalcum"],"potions_floor_usage":[],"damage_taken":[{"damage":7.0,"enemies":"Jaw Worm","floor":1.0,"turns":3.0},{"damage":7.0,"enemies":"Small Slimes","floor":2.0,"turns":3.0},{"damage":0.0,"enemies":"Cultist","floor":4.0,"turns":3.0},{"damage":27.0,"enemies":"Gremlin Nob","floor":7.0,"turns":4.0},{"damage":7,"enemies":"Looter","floor":11,"turns":4},{"damage":15,"enemies":"Lots of Slimes","floor":13,"turns":4},{"damage":2,"enemies":"3 Louse","floor":14,"turns":2}],"seed_played":"4641253469478339580","potions_obtained":[{"floor":1.0,"key":"Dexterity Potion"},{"floor":4.0,"key":"Weak Potion"}],"is_trial":false,"path_per_floor":["M","M","?","M","$","R","E","T","?","M","R","M","M"],"character_chosen":"DEFECT","items_purchased":["Hello World"],"campfire_rested":0,"item_purchase_floors":[5],"current_hp_per_floor":[57,50,55,55,55,55,28,28,28,28,21,21,6,4],"gold":95,"neow_bonus":"THREE_RARE_CARDS","is_prod":false,"is_daily":false,"chose_seed":false,"campfire_upgraded":2,"win_rate":0,"timestamp":1546173253,"path_taken":["M","M","?","M","$","R","E","?","T","?","M","R","M","M"],"build_version":"2018-12-25","purchased_purges":1,"victory":false,"max_hp_per_floor":[64,64,69,69,69,69,69,69,69,69,69,69,69,69],"card_choices":[{"not_picked":["Reboot","Creative AI"],"picked":"Echo Form","floor":0.0},{"not_picked":["Static Discharge","Steam Power","Heatsinks"],"picked":"SKIP","floor":1.0},{"not_picked":["Stack","Gash"],"picked":"Beam Cell","floor":2.0},{"not_picked":["Hologram","Redo","Rebound"],"picked":"SKIP","floor":4.0},{"not_picked":["Storm","BootSequence"],"picked":"White Noise","floor":7.0},{"not_picked":["Go for the Eyes","Turbo","Stack"],"picked":"SKIP","floor":11},{"not_picked":["Coolheaded","Recycle"],"picked":"Loop","floor":13}],"player_experience":648242,"relics_obtained":[{"floor":7.0,"key":"Kunai"},{"floor":9,"key":"Orichalcum"}],"event_choices":[{"damage_healed":0.0,"max_hp_gain":5.0,"max_hp_loss":0.0,"gold_gain":0.0,"event_name":"Big Fish","player_choice":"Donut","floor":3.0,"gold_loss":0.0,"damage_taken":0.0},{"damage_healed":0,"gold_gain":0,"player_choice":"Fled","damage_taken":0,"max_hp_gain":0,"max_hp_loss":0,"event_name":"Scrap Ooze","floor":8,"gold_loss":0},{"cards_removed":["Strike_B"],"damage_healed":0,"gold_gain":0,"player_choice":"Purged","damage_taken":0,"max_hp_gain":0,"max_hp_loss":0,"event_name":"Purifier","floor":10,"gold_loss":0}],"is_beta":true,"boss_relics":[],"items_purged_floors":[5],"is_endless":false,"potions_floor_spawned":[1,4],"killed_by":"3 Louse","ascension_level":20}