{"gold_per_floor":[111,111,111,36,50,86,101,101,156,9,9,28,28,42,42,135,135,160,15,29,29,29],"floor_reached":22,"playtime":572,"items_purged":["Hyperbeam"],"score":322,"play_id":"2e0cea7c-cd58-4682-8402-ccfa3bca07b7","local_time":"20190213173925","is_ascension_mode":true,"campfire_choices":[{"data":"Sunder","floor":8.0,"key":"SMITH"},{"data":"Dualcast","floor":11.0,"key":"SMITH"},{"data":"Defragment","floor":15.0,"key":"SMITH"}],"neow_cost":"CURSE","seed_source_timestamp":4770155971274,"circlet_count":0,"master_deck":["AscendersBane","Zap","Dualcast+1","Rainbow+1","Streamline","Leap","Sunder+1","Core Surge","Reprogram","Defragment+1","Fission","Steam Power","Recycle","Hologram","Electrodynamics","Storm","Machine Learning","Leap","Loop"],"special_seed":0,"relics":["Cracked Core","Golden Idol","Blood Vial","Ancient Tea Set","Pandora\u0027s Box"],"potions_floor_usage":[],"damage_taken":[{"damage":5.0,"enemies":"2 Louse","floor":1.0,"turns":2.0},{"damage":10.0,"enemies":"Jaw Worm","floor":5.0,"turns":2.0},{"damage":16.0,"enemies":"Gremlin Nob","floor":6.0,"turns":5.0},{"damage":4.0,"enemies":"Cultist","floor":7.0,"turns":3.0},{"damage":0.0,"enemies":"2 Fungi Beasts","floor":12.0,"turns":1.0},{"damage":4.0,"enemies":"Looter","floor":14.0,"turns":3.0},{"damage":29.0,"enemies":"Slime Boss","floor":16.0,"turns":8.0},{"damage":12.0,"enemies":"Chosen","floor":18.0,"turns":3.0},{"damage":22.0,"enemies":"2 Thieves","floor":20.0,"turns":3.0},{"damage":23,"enemies":"Sentry and Sphere","floor":22,"turns":3}],"seed_played":"-8755426869878564036","potions_obtained":[{"floor":1.0,"key":"Regen Potion"},{"floor":5.0,"key":"Dexterity Potion"},{"floor":12.0,"key":"Regen Potion"}],"is_trial":false,"path_per_floor":["M","?","?","?","M","E","M","R","T","$","R","M","?","M","R","B",null,"M","$","M","?","M"],"character_chosen":"DEFECT","items_purchased":["Core Surge","Loop"],"campfire_rested":0,"item_purchase_floors":[10,19],"current_hp_per_floor":[59,59,59,59,49,33,31,31,31,31,31,33,33,31,31,4,49,39,39,19,19,0],"gold":29,"neow_bonus":"THREE_RARE_CARDS","is_prod":false,"is_daily":false,"chose_seed":false,"campfire_upgraded":3,"win_rate":0,"timestamp":1550050765,"path_taken":["M","?","?","?","M","E","?","R","T","$","R","M","?","M","R","BOSS","M","$","?","?","M"],"build_version":"2019-02-06","purchased_purges":1,"victory":false,"max_hp_per_floor":[71,64,64,64,64,64,64,64,64,64,64,64,64,64,64,64,64,64,64,64,64,64],"card_choices":[{"not_picked":["Seek","Echo Form"],"picked":"Rainbow","floor":0.0},{"not_picked":["Compile Driver","Consume"],"picked":"Streamline","floor":1.0},{"not_picked":["Gash","Static Discharge"],"picked":"Leap","floor":5.0},{"not_picked":["Steam","Rebound","Conserve Battery"],"picked":"SKIP","floor":6.0},{"not_picked":["Steam","Rebound","Conserve Battery"],"picked":"SKIP","floor":6.0},{"not_picked":["Compile Driver","Rebound"],"picked":"Sunder","floor":7.0},{"not_picked":["Sweeping Beam","Turbo"],"picked":"Reprogram","floor":12.0},{"not_picked":["Go for the Eyes","Chaos"],"picked":"Defragment","floor":14.0},{"not_picked":["Core Surge","Thunder Strike"],"picked":"Fission","floor":16.0},{"not_picked":["Redo","Gash"],"picked":"Leap","floor":18.0},{"not_picked":["Redo","Reprogram","Turbo"],"picked":"SKIP","floor":20.0}],"player_experience":783553,"relics_obtained":[{"floor":6.0,"key":"Blood Vial"},{"floor":9.0,"key":"Ancient Tea Set"}],"event_choices":[{"damage_healed":0.0,"max_hp_gain":0.0,"max_hp_loss":7.0,"gold_gain":0.0,"event_name":"Golden Idol","player_choice":"Lose Max HP","floor":2.0,"gold_loss":0.0,"damage_taken":0.0,"relics_obtained":["Golden Idol"]},{"cards_removed":["Shame"],"damage_healed":0.0,"max_hp_gain":0.0,"max_hp_loss":0.0,"gold_gain":0.0,"event_name":"Living Wall","player_choice":"Forget","floor":3.0,"gold_loss":0.0,"damage_taken":0.0},{"cards_removed":["Strike_B"],"damage_healed":0.0,"max_hp_gain":0.0,"max_hp_loss":0.0,"gold_gain":0.0,"event_name":"The Cleric","player_choice":"Card Removal","floor":4.0,"gold_loss":75.0,"damage_taken":0.0},{"damage_healed":0.0,"max_hp_gain":0.0,"max_hp_loss":0.0,"gold_gain":0.0,"event_name":"Upgrade Shrine","player_choice":"Upgraded","floor":13.0,"gold_loss":0.0,"damage_taken":0.0,"cards_upgraded":["Rainbow"]}],"is_beta":true,"boss_relics":[{"not_picked":["FrozenCore","Fusion Hammer"],"picked":"Pandora\u0027s Box"}],"items_purged_floors":[19],"is_endless":false,"potions_floor_spawned":[1,5,6,12,20],"killed_by":"Sentry and Sphere","ascension_level":15}