{"gold_per_floor":[118,118,83,4,4,4,22,22,46,58,69,79,96,106,106,180,180,197,207,122,134,146,158,170],"floor_reached":24,"playtime":672,"items_purged":[],"score":376,"play_id":"d3ffa6d6-8ac1-4a73-af32-90db8ee007de","local_time":"20181104121748","is_ascension_mode":true,"campfire_choices":[{"data":"Zap","floor":6.0,"key":"SMITH"},{"data":"Dualcast","floor":8.0,"key":"SMITH"},{"data":"Streamline","floor":15.0,"key":"SMITH"},{"data":"Fission","floor":23,"key":"SMITH"}],"neow_cost":"NONE","seed_source_timestamp":3546099589756,"circlet_count":0,"master_deck":["AscendersBane","Strike_B","Strike_B+1","Defend_B","Defend_B+1","Defend_B","Defend_B","Zap+1","Dualcast+1","Capacitor","Undo","Streamline+1","All For One","Steam","Hello World","Ball Lightning","Rainbow","Seek","Fission+1","Heatsinks"],"special_seed":0,"relics":["Cracked Core","Regal Pillow","Orichalcum","Boot","Coffee Dripper","MawBank"],"potions_floor_usage":[24],"damage_taken":[{"damage":9.0,"enemies":"Jaw Worm","floor":1.0,"turns":3.0},{"damage":0.0,"enemies":"2 Louse","floor":7.0,"turns":3.0},{"damage":4.0,"enemies":"Small Slimes","floor":10.0,"turns":3.0},{"damage":11.0,"enemies":"Gremlin Gang","floor":11.0,"turns":4.0},{"damage":2.0,"enemies":"Exordium Wildlife","floor":12.0,"turns":2.0},{"damage":5.0,"enemies":"3 Louse","floor":13.0,"turns":3.0},{"damage":3.0,"enemies":"2 Fungi Beasts","floor":14.0,"turns":3.0},{"damage":20.0,"enemies":"The Guardian","floor":16.0,"turns":9.0},{"damage":14.0,"enemies":"3 Byrds","floor":18.0,"turns":5.0},{"damage":17.0,"enemies":"2 Thieves","floor":19.0,"turns":4.0},{"damage":25,"enemies":"Slavers","floor":24,"turns":2}],"seed_played":"-7575349218496147524","potions_obtained":[{"floor":7.0,"key":"FearPotion"},{"floor":11.0,"key":"Block Potion"},{"floor":18.0,"key":"Block Potion"},{"floor":19.0,"key":"EssenceOfSteel"}],"is_trial":false,"path_per_floor":["M","?","?","$","?","R","M","R","T","M","M","M","M","M","R","B",null,"M","M","M","?","?","$","R","E"],"character_chosen":"DEFECT","items_purchased":["Capacitor"],"campfire_rested":0,"item_purchase_floors":[4],"current_hp_per_floor":[55,34,51,51,51,51,51,51,51,47,36,34,29,26,26,6,55,41,24,24,24,24,24,0],"gold":170,"neow_bonus":"RANDOM_COMMON_RELIC","is_prod":false,"is_daily":false,"chose_seed":false,"campfire_upgraded":4,"win_rate":0,"timestamp":1541305068,"path_taken":["M","?","?","$","?","R","M","R","T","M","?","M","M","M","R","BOSS","M","M","?","?","?","R","E"],"build_version":"2018-11-02","purchased_purges":0,"victory":false,"max_hp_per_floor":[71,71,71,71,71,71,71,71,71,71,71,71,71,71,71,71,71,71,71,71,71,71,71,71],"card_choices":[{"not_picked":["Steam","Coolheaded"],"picked":"Melter","floor":1.0},{"not_picked":["Hologram","Cold Snap"],"picked":"Undo","floor":7.0},{"not_picked":["Fusion","Tempest"],"picked":"Streamline","floor":10.0},{"not_picked":["Melter","Stack"],"picked":"All For One","floor":11.0},{"not_picked":["Streamline","Doom and Gloom"],"picked":"Steam","floor":12.0},{"not_picked":["Barrage","Static Discharge"],"picked":"Hello World","floor":13.0},{"not_picked":["Reinforced Body","Undo"],"picked":"Ball Lightning","floor":14.0},{"not_picked":["Creative AI","Biased Cognition"],"picked":"Rainbow","floor":16.0},{"not_picked":["Stack","Redo"],"picked":"Seek","floor":18.0},{"not_picked":["Force Field","Sweeping Beam+1","Conserve Battery"],"picked":"SKIP","floor":19.0}],"player_experience":493091,"relics_obtained":[{"floor":9.0,"key":"Boot"}],"event_choices":[{"damage_healed":0.0,"max_hp_gain":0.0,"max_hp_loss":0.0,"gold_gain":0.0,"event_name":"Shining Light","player_choice":"Entered Light","floor":2.0,"gold_loss":0.0,"damage_taken":21.0,"cards_upgraded":["Strike_B","Defend_B"]},{"damage_healed":17.0,"max_hp_gain":0.0,"max_hp_loss":0.0,"gold_gain":0.0,"event_name":"The Cleric","player_choice":"Healed","floor":3.0,"gold_loss":35.0,"damage_taken":0.0},{"cards_removed":["Melter"],"damage_healed":0.0,"max_hp_gain":0.0,"max_hp_loss":0.0,"gold_gain":0.0,"event_name":"WeMeetAgain","player_choice":"Gave Card","floor":5.0,"gold_loss":0.0,"damage_taken":0.0,"relics_obtained":["Orichalcum"]},{"damage_healed":0.0,"max_hp_gain":0.0,"max_hp_loss":0.0,"gold_gain":0.0,"event_name":"Addict","player_choice":"Obtained Relic","floor":20.0,"gold_loss":85.0,"damage_taken":0.0,"relics_obtained":["MawBank"]},{"damage_healed":0.0,"max_hp_gain":0.0,"max_hp_loss":0.0,"gold_gain":0.0,"cards_transformed":["Strike_B","Strike_B"],"event_name":"Drug Dealer","player_choice":"Became Test Subject","floor":21.0,"gold_loss":0.0,"damage_taken":0.0,"cards_obtained":["Fission","Heatsinks"]}],"is_beta":true,"boss_relics":[{"not_picked":["Velvet Choker","Philosopher\u0027s Stone"],"picked":"Coffee Dripper"}],"items_purged_floors":[],"is_endless":false,"potions_floor_spawned":[7,11,14,18,19],"killed_by":"Slavers","ascension_level":20}