{"gold_per_floor":[112,112,112,127,140,140,170,170,170,183,4,4,23,37,37,138,138,151,151,171,13,13,13,33,50,50,80,90,100,128,98,98,203,203,220,230,240,340,15,50,50,62,62,62,77,94,144,158,158,158],"floor_reached":50,"playtime":12181,"items_purged":[],"score":543,"play_id":"afb7f95c-aca2-46e5-9cd0-cf0a38a970d7","local_time":"20190803233850","is_ascension_mode":false,"campfire_choices":[{"data":"Slice","floor":6.0,"key":"SMITH"},{"data":"Flying Knee","floor":8.0,"key":"SMITH"},{"floor":15.0,"key":"REST"},{"data":"Wraith Form v2","floor":23.0,"key":"SMITH"},{"floor":32.0,"key":"REST"},{"floor":41.0,"key":"REST"},{"floor":44.0,"key":"REST"},{"floor":49,"key":"REST"}],"neow_cost":"NONE","seed_source_timestamp":0,"circlet_count":0,"master_deck":["Strike_G","Strike_G","Strike_G","Strike_G","Defend_G","Defend_G+1","Defend_G","Defend_G","Defend_G+1","Survivor","Neutralize","Slice","Flying Knee+1","Slice+1","Skewer","Poisoned Stab","Predator","Footwork","PiercingWail","Acrobatics","Underhanded Strike","Dagger Spray","Wraith Form v2+1","Poisoned Stab","Blade Dance","Deflect","Noxious Fumes","Flying Knee","Dagger Throw+1","Slice+1","Dash+1","Backstab+1","Bouncing Flask+1","All Out Attack+1","Die Die Die+1","Dodge and Roll","Leg Sweep","Riddle With Holes+1","Infinite Blades","Mayhem","Blade Dance","PiercingWail+1","Outmaneuver","Dodge and Roll+1","Deflect+1","Distraction+1","Sucker Punch+1"],"special_seed":0,"relics":["Ring of the Snake","War Paint","Bag of Preparation","The Specimen","Philosopher\u0027s Stone","MutagenicStrength","Mercury Hourglass","Molten Egg 2","Girya","Bag of Marbles","Runic Pyramid","StoneCalendar","Darkstone Periapt","FossilizedHelix"],"potions_floor_usage":[50,50],"damage_taken":[{"damage":4.0,"enemies":"Cultist","floor":1.0,"turns":5.0},{"damage":0.0,"enemies":"2 Louse","floor":4.0,"turns":4.0},{"damage":0.0,"enemies":"Jaw Worm","floor":5.0,"turns":4.0},{"damage":15.0,"enemies":"3 Sentries","floor":7.0,"turns":10.0},{"damage":5.0,"enemies":"Exordium Thugs","floor":10.0,"turns":4.0},{"damage":0.0,"enemies":"Large Slime","floor":13.0,"turns":4.0},{"damage":8.0,"enemies":"Lots of Slimes","floor":14.0,"turns":4.0},{"damage":43.0,"enemies":"Hexaghost","floor":16.0,"turns":11.0},{"damage":7.0,"enemies":"Chosen","floor":18.0,"turns":6.0},{"damage":3.0,"enemies":"2 Thieves","floor":20.0,"turns":3.0},{"damage":10.0,"enemies":"Snake Plant","floor":24.0,"turns":5.0},{"damage":8.0,"enemies":"Shelled Parasite and Fungi","floor":25.0,"turns":5.0},{"damage":5.0,"enemies":"Gremlin Leader","floor":27.0,"turns":6.0},{"damage":15.0,"enemies":"3 Cultists","floor":28.0,"turns":5.0},{"damage":0.0,"enemies":"Cultist and Chosen","floor":29.0,"turns":4.0},{"damage":15.0,"enemies":"Book of Stabbing","floor":30.0,"turns":5.0},{"damage":28.0,"enemies":"Automaton","floor":33.0,"turns":8.0},{"damage":1.0,"enemies":"Orb Walker","floor":35.0,"turns":3.0},{"damage":16.0,"enemies":"3 Darklings","floor":36.0,"turns":6.0},{"damage":30.0,"enemies":"Transient","floor":37.0,"turns":5.0},{"damage":23.0,"enemies":"Nemesis","floor":40.0,"turns":7.0},{"damage":8.0,"enemies":"Writhing Mass","floor":42.0,"turns":6.0},{"damage":0,"enemies":"Spire Growth","floor":45,"turns":4},{"damage":5,"enemies":"Jaw Worm Horde","floor":46,"turns":3},{"damage":13,"enemies":"2 Orb Walkers","floor":47,"turns":5},{"damage":0,"enemies":"Sphere and 2 Shapes","floor":48,"turns":3},{"damage":67,"enemies":"Awakened One","floor":50,"turns":10}],"seed_played":"-4926744958420082804","potions_obtained":[{"floor":4.0,"key":"SkillPotion"},{"floor":7.0,"key":"LiquidBronze"},{"floor":10.0,"key":"Regen Potion"},{"floor":14.0,"key":"Energy Potion"},{"floor":20.0,"key":"EssenceOfSteel"},{"floor":28.0,"key":"Block Potion"},{"floor":30.0,"key":"EntropicBrew"},{"floor":31.0,"key":"AttackPotion"},{"floor":31.0,"key":"Poison Potion"},{"floor":35.0,"key":"Regen Potion"},{"floor":42.0,"key":"Swift Potion"},{"floor":45,"key":"SkillPotion"}],"is_trial":false,"path_per_floor":["M","T","?","M","M","R","E","R","T","M","$","?","M","M","R","B",null,"M","?","M","$","?","R","M","M","T","E","M","M","E","?","R","B",null,"M","M","M","?","$","E","R","M","T","R","M","M","?","M","R","B"],"character_chosen":"THE_SILENT","items_purchased":["Predator","Footwork","PiercingWail","Deflect","Noxious Fumes","Flying Knee","Infinite Blades","Block Potion","Mayhem","Blade Dance"],"campfire_rested":5,"item_purchase_floors":[11,11,11,21,21,21,39,39,39,39],"current_hp_per_floor":[73,73,73,73,73,73,58,58,58,53,53,53,53,45,68,40,77,70,70,67,67,67,67,57,49,49,44,29,29,14,14,37,9,77,76,60,45,45,45,22,45,37,37,60,60,55,42,42,65,0],"gold":158,"neow_bonus":"TEN_PERCENT_HP_BONUS","is_prod":false,"is_daily":false,"chose_seed":false,"campfire_upgraded":3,"win_rate":0.0,"timestamp":1564889930,"path_taken":["M","?","?","M","M","R","E","R","T","M","$","?","M","M","R","BOSS","M","?","M","$","?","R","M","M","T","E","M","M","E","?","R","BOSS","M","M","?","?","$","E","R","?","T","R","M","M","?","M","R","BOSS"],"build_version":"2019-07-17","purchased_purges":0,"victory":false,"max_hp_per_floor":[77,77,77,77,77,77,77,77,77,77,77,77,77,77,77,77,77,77,77,77,77,77,77,77,77,77,77,77,77,77,77,77,77,77,77,77,77,77,77,77,77,77,77,77,77,77,77,77,77,77],"card_choices":[{"not_picked":["Prepared","Acrobatics"],"picked":"Slice","floor":1.0},{"not_picked":["Acrobatics","Dash"],"picked":"Flying Knee","floor":4.0},{"not_picked":["Prepared","Backflip"],"picked":"Slice","floor":5.0},{"not_picked":["Dodge and Roll","PiercingWail"],"picked":"Skewer","floor":7.0},{"not_picked":["Acrobatics","Deadly Poison"],"picked":"Poisoned Stab","floor":10.0},{"not_picked":["Deadly Poison","Sucker Punch"],"picked":"Underhanded Strike","floor":13.0},{"not_picked":["Slice","Prepared"],"picked":"Dagger Spray","floor":14.0},{"not_picked":["Night Terror","Tools of the Trade"],"picked":"Wraith Form v2","floor":16.0},{"not_picked":["Quick Slash","Flying Knee"],"picked":"Poisoned Stab","floor":18.0},{"not_picked":["Flying Knee","Distraction"],"picked":"Blade Dance","floor":20.0},{"not_picked":["Skewer","Dagger Spray"],"picked":"Dagger Throw+1","floor":24.0},{"not_picked":["Glass Knife","Flying Knee"],"picked":"Slice+1","floor":25.0},{"not_picked":["Eviscerate+1","Backflip"],"picked":"Dash+1","floor":27.0},{"not_picked":["Slice+1","Acrobatics+1"],"picked":"Backstab+1","floor":28.0},{"not_picked":["Eviscerate+1","Outmaneuver"],"picked":"Bouncing Flask+1","floor":29.0},{"not_picked":["Slice+1","Malaise"],"picked":"All Out Attack+1","floor":30.0},{"not_picked":["Glass Knife+1","Burst"],"picked":"Die Die Die+1","floor":33.0},{"not_picked":["Reflex+1","Sucker Punch+1"],"picked":"Dodge and Roll","floor":35.0},{"not_picked":["Dagger Spray+1","Backflip+1"],"picked":"Leg Sweep","floor":36.0},{"not_picked":["Backflip+1","Deadly Poison"],"picked":"Riddle With Holes+1","floor":37.0},{"not_picked":["Reflex+1","Outmaneuver"],"picked":"PiercingWail+1","floor":40.0},{"not_picked":["Skewer+1","Prepared"],"picked":"Outmaneuver","floor":42.0},{"not_picked":["Unload+1","Tactician+1"],"picked":"Dodge and Roll+1","floor":45},{"not_picked":["Footwork","All Out Attack+1"],"picked":"Deflect+1","floor":46},{"not_picked":["Slice+1","PiercingWail"],"picked":"Distraction+1","floor":47},{"not_picked":["Quick Slash+1","Flechettes+1"],"picked":"Sucker Punch+1","floor":48}],"player_experience":7638,"relics_obtained":[{"floor":2.0,"key":"War Paint"},{"floor":7.0,"key":"Bag of Preparation"},{"floor":9.0,"key":"The Specimen"},{"floor":26.0,"key":"Molten Egg 2"},{"floor":27.0,"key":"Girya"},{"floor":30.0,"key":"Bag of Marbles"},{"floor":40.0,"key":"StoneCalendar"},{"floor":43.0,"key":"Darkstone Periapt"},{"floor":47,"key":"FossilizedHelix"}],"event_choices":[{"damage_healed":0.0,"max_hp_gain":0.0,"max_hp_loss":0.0,"gold_gain":0.0,"event_name":"Golden Wing","player_choice":"Ignored","floor":3.0,"gold_loss":0.0,"damage_taken":0.0},{"damage_healed":0.0,"max_hp_gain":0.0,"max_hp_loss":0.0,"gold_gain":0.0,"cards_transformed":["Strike_G"],"event_name":"Living Wall","player_choice":"Change","floor":12.0,"gold_loss":0.0,"damage_taken":0.0,"cards_obtained":["Acrobatics"]},{"damage_healed":0.0,"max_hp_gain":0.0,"max_hp_loss":0.0,"gold_gain":0.0,"event_name":"Drug Dealer","player_choice":"Inject Mutagens","floor":19.0,"gold_loss":0.0,"damage_taken":0.0,"relics_obtained":["MutagenicStrength"]},{"damage_healed":0.0,"max_hp_gain":0.0,"max_hp_loss":0.0,"gold_gain":0.0,"event_name":"The Mausoleum","player_choice":"Opened","floor":22.0,"gold_loss":0.0,"damage_taken":0.0,"relics_obtained":["Mercury Hourglass"]},{"damage_healed":0.0,"max_hp_gain":0.0,"max_hp_loss":0.0,"gold_gain":0.0,"event_name":"The Woman in Blue","player_choice":"Bought 2 Potions","floor":31.0,"gold_loss":0.0,"damage_taken":0.0},{"damage_healed":0.0,"max_hp_gain":0.0,"max_hp_loss":0.0,"gold_gain":100.0,"event_name":"Golden Shrine","player_choice":"Pray","floor":38.0,"gold_loss":0.0,"damage_taken":0.0},{"damage_healed":0,"gold_gain":0,"player_choice":"Fight","damage_taken":0,"max_hp_gain":0,"max_hp_loss":0,"event_name":"Mysterious Sphere","floor":47,"gold_loss":0}],"is_beta":false,"boss_relics":[{"not_picked":["Velvet Choker","Black Star"],"picked":"Philosopher\u0027s Stone"},{"not_picked":["White Beast Statue","HoveringKite"],"picked":"Runic Pyramid"}],"items_purged_floors":[],"is_endless":false,"potions_floor_spawned":[4,7,10,14,20,28,29,30,35,42,45,47,48],"killed_by":"Awakened One","ascension_level":0}