{"gold_per_floor":[110,123,123,123,142,142,161,161,229,229,249,249,259,284,284,284],"floor_reached":16,"playtime":365,"items_purged":[],"score":204,"play_id":"4944cee3-fe00-4ed8-bab4-7d9c9a184941","local_time":"20190430184944","is_ascension_mode":true,"campfire_choices":[{"data":"Darkness","floor":6,"key":"SMITH"},{"data":"Skim","floor":8,"key":"SMITH"},{"data":"Turbo","floor":10,"key":"SMITH"},{"data":"Rainbow","floor":12,"key":"SMITH"},{"data":"Hologram","floor":15,"key":"SMITH"}],"neow_cost":"NONE","seed_source_timestamp":1332966850493,"circlet_count":0,"master_deck":["AscendersBane","Strike_B","Strike_B","Strike_B","Defend_B","Defend_B","Defend_B","Defend_B","Zap+1","Dualcast+1","Skim+1","Turbo+1","Darkness+1","Rainbow+1","Hologram+1"],"relics":["Cracked Core","NeowsBlessing","War Paint"],"potions_floor_usage":[13,16,16],"damage_taken":[{"damage":0,"enemies":"Jaw Worm","floor":1,"turns":1},{"damage":0,"enemies":"2 Louse","floor":2,"turns":1},{"damage":0,"enemies":"Cultist","floor":5,"turns":1},{"damage":31,"enemies":"Lots of Slimes","floor":7,"turns":5},{"damage":14,"enemies":"Red Slaver","floor":11,"turns":4},{"damage":1,"enemies":"Large Slime","floor":13,"turns":3},{"damage":10,"enemies":"Lagavulin","floor":14,"turns":5},{"damage":16,"enemies":"Slime Boss","floor":16,"turns":5}],"seed_played":"2353049182564617185","potions_obtained":[{"floor":1,"key":"Swift Potion"},{"floor":2,"key":"LiquidBronze"},{"floor":5,"key":"Block Potion"},{"floor":13,"key":"Poison Potion"}],"is_trial":false,"path_per_floor":["M","M","?","?","M","R","M","R","T","R","M","R","M","E","R","B"],"character_chosen":"DEFECT","items_purchased":[],"campfire_rested":0,"item_purchase_floors":[],"current_hp_per_floor":[64,64,64,57,57,57,26,26,26,26,12,12,11,1,1,0],"gold":284,"neow_bonus":"THREE_ENEMY_KILL","is_prod":false,"is_daily":false,"chose_seed":false,"campfire_upgraded":5,"win_rate":0,"timestamp":1556621384,"path_taken":["M","M","?","?","M","R","M","R","T","R","M","R","M","E","R","BOSS"],"build_version":"2019-01-23","purchased_purges":0,"victory":false,"max_hp_per_floor":[71,71,71,71,71,71,71,71,71,71,71,71,71,71,71,71],"card_choices":[{"not_picked":["Steam","Turbo"],"picked":"Skim","floor":1},{"not_picked":["Consume","Hologram"],"picked":"Turbo","floor":2},{"not_picked":["Leap","Melter"],"picked":"Darkness","floor":5},{"not_picked":["Gash","Leap","Go for the Eyes"],"picked":"SKIP","floor":7},{"not_picked":["Coolheaded","Steam"],"picked":"Rainbow","floor":11},{"not_picked":["Streamline","Turbo"],"picked":"Hologram","floor":13},{"not_picked":["Thunder Strike","Storm","Leap"],"picked":"SKIP","floor":14},{"not_picked":["Thunder Strike","Storm","Leap"],"picked":"SKIP","floor":14}],"player_experience":963132,"relics_obtained":[{"floor":14,"key":"War Paint"}],"event_choices":[{"damage_healed":0,"gold_gain":0,"player_choice":"Ignored","damage_taken":0,"max_hp_gain":0,"max_hp_loss":0,"event_name":"Liars Game","floor":3,"gold_loss":0},{"cards_removed":["Strike_B"],"damage_healed":0,"gold_gain":0,"player_choice":"Card Removal","damage_taken":7,"max_hp_gain":0,"max_hp_loss":0,"event_name":"Golden Wing","floor":4,"gold_loss":0}],"is_beta":false,"boss_relics":[],"items_purged_floors":[],"is_endless":false,"potions_floor_spawned":[1,2,5,13],"killed_by":"Slime Boss","ascension_level":20}