{"gold_per_floor":[118,41,116,134,16,16,46,66,112,127,186,212,212,212,212,289,289,308,62,74,74,74,102,52,52,132,132,147,147,172,1,1,1],"floor_reached":33,"playtime":1992,"items_purged":["Strike_B","Strike_B","Strike_B"],"score":628,"play_id":"a52bb8d3-c549-4a4a-bd6b-da6a26621809","local_time":"20190216121712","is_ascension_mode":true,"campfire_choices":[{"data":"Beam Cell","floor":6.0,"key":"SMITH"},{"data":"Hologram","floor":13.0,"key":"SMITH"},{"data":"Rip and Tear","floor":15.0,"key":"SMITH"},{"data":"Ghostly","floor":25.0,"key":"SMITH"},{"data":"Ghostly","floor":27.0,"key":"SMITH"},{"data":"Reinforced Body","floor":29.0,"key":"SMITH"},{"data":"Stack","floor":32.0,"key":"SMITH"}],"neow_cost":"NONE","seed_source_timestamp":7456226558497,"circlet_count":0,"master_deck":["AscendersBane","Strike_B","Defend_B","Defend_B","Defend_B","Defend_B","Zap","Dualcast","Rip and Tear+1","Chaos+1","Beam Cell+1","FTL","Loop","Auto Shields","Hologram+1","Sweeping Beam+1","All For One+1","Reinforced Body+1","Gash+1","Undo","Cold Snap+1","Ghostly+1","Ghostly+1","Ghostly+1","Self Repair","Melter+1","Stack+1","Machine Learning"],"special_seed":0,"relics":["Cracked Core","NeowsBlessing","Vajra","Happy Flower","Shuriken","Molten Egg 2","Sozu","Peace Pipe","The Courier","Singing Bowl"],"potions_floor_usage":[33],"damage_taken":[{"damage":0.0,"enemies":"2 Louse","floor":1.0,"turns":1.0},{"damage":0.0,"enemies":"Small Slimes","floor":4.0,"turns":1.0},{"damage":0.0,"enemies":"Gremlin Nob","floor":7.0,"turns":1.0},{"damage":0.0,"enemies":"Cultist","floor":8.0,"turns":3.0},{"damage":1.0,"enemies":"Looter","floor":10.0,"turns":2.0},{"damage":37.0,"enemies":"3 Sentries","floor":11.0,"turns":10.0},{"damage":21.0,"enemies":"3 Sentries","floor":12.0,"turns":8.0},{"damage":4.0,"enemies":"Hexaghost","floor":16.0,"turns":7.0},{"damage":0.0,"enemies":"Spheric Guardian","floor":18.0,"turns":3.0},{"damage":0.0,"enemies":"Shell Parasite","floor":20.0,"turns":3.0},{"damage":18.0,"enemies":"Colosseum Slavers","floor":21.0,"turns":4.0},{"damage":18.0,"enemies":"Gremlin Leader","floor":23.0,"turns":7.0},{"damage":3.0,"enemies":"Sentry and Sphere","floor":28.0,"turns":6.0},{"damage":2.0,"enemies":"Book of Stabbing","floor":30.0,"turns":6.0},{"damage":21,"enemies":"Collector","floor":33,"turns":6}],"seed_played":"-5971778492829234236","potions_obtained":[{"floor":4.0,"key":"Regen Potion"},{"floor":11.0,"key":"FearPotion"},{"floor":16.0,"key":"LiquidBronze"}],"is_trial":false,"path_per_floor":["M","$","?","M","$","R","E","M","T","M","?","E","R","?","R","B",null,"M","$","M","?","?","E","?","R","T","R","M","R","E","$","R","B"],"character_chosen":"DEFECT","items_purchased":["Chaos","FTL","Gash+1","Undo","Machine Learning"],"campfire_rested":0,"item_purchase_floors":[2,5,19,19,31],"current_hp_per_floor":[64,64,53,53,53,53,53,53,53,52,27,6,6,6,6,2,54,54,54,54,36,35,17,17,17,17,17,21,21,26,26,26,5],"gold":1,"neow_bonus":"THREE_ENEMY_KILL","is_prod":false,"is_daily":false,"chose_seed":false,"campfire_upgraded":7,"win_rate":0,"timestamp":1550290632,"path_taken":["M","$","?","M","$","R","E","M","T","M","?","E","R","?","R","BOSS","M","$","M","?","?","E","?","R","T","R","?","R","E","$","R","BOSS"],"build_version":"2019-02-06","purchased_purges":3,"victory":false,"max_hp_per_floor":[71,71,71,71,71,71,71,71,71,71,71,71,71,71,71,71,71,71,71,71,71,35,35,35,35,35,35,35,35,35,35,35,35],"card_choices":[{"not_picked":["Turbo","Leap"],"picked":"Rip and Tear","floor":1.0},{"not_picked":["Rebound","Hologram"],"picked":"Beam Cell","floor":4.0},{"not_picked":["Beam Cell","Rip and Tear"],"picked":"Loop","floor":7.0},{"not_picked":["Compile Driver","White Noise"],"picked":"Auto Shields","floor":8.0},{"not_picked":["White Noise","Sweeping Beam","Cold Snap"],"picked":"SKIP","floor":10.0},{"not_picked":["Heatsinks","Undo"],"picked":"Hologram","floor":11.0},{"not_picked":["Reprogram","White Noise"],"picked":"Sweeping Beam","floor":12.0},{"not_picked":["Creative AI","Thunder Strike+1"],"picked":"All For One+1","floor":16.0},{"not_picked":["Doom and Gloom+1","Steam"],"picked":"Reinforced Body","floor":18.0},{"not_picked":["Undo","Redo"],"picked":"Cold Snap+1","floor":20.0},{"not_picked":["All For One+1","Heatsinks"],"picked":"Self Repair","floor":23.0},{"not_picked":["Force Field","Hologram"],"picked":"Melter+1","floor":28.0},{"not_picked":["Darkness","Steam"],"picked":"Stack","floor":30.0}],"player_experience":801386,"relics_obtained":[{"floor":7.0,"key":"Vajra"},{"floor":9.0,"key":"Happy Flower"},{"floor":11.0,"key":"Shuriken"},{"floor":12.0,"key":"Molten Egg 2"},{"floor":23.0,"key":"Peace Pipe"},{"floor":26.0,"key":"The Courier"},{"floor":30.0,"key":"Singing Bowl"}],"event_choices":[{"damage_healed":0.0,"max_hp_gain":0.0,"max_hp_loss":0.0,"gold_gain":75.0,"event_name":"World of Goop","player_choice":"Gather Gold","floor":3.0,"gold_loss":0.0,"damage_taken":11.0},{"damage_healed":0.0,"max_hp_gain":0.0,"max_hp_loss":0.0,"gold_gain":0.0,"event_name":"Dead Adventurer","player_choice":"Searched \u00272\u0027 times","floor":11.0,"gold_loss":0.0,"damage_taken":0.0},{"damage_healed":0.0,"max_hp_gain":0.0,"max_hp_loss":0.0,"gold_gain":0.0,"event_name":"Upgrade Shrine","player_choice":"Upgraded","floor":14.0,"gold_loss":0.0,"damage_taken":0.0,"cards_upgraded":["Chaos"]},{"damage_healed":0.0,"max_hp_gain":0.0,"max_hp_loss":0.0,"gold_gain":0.0,"event_name":"Colosseum","player_choice":"Fight","floor":21.0,"gold_loss":0.0,"damage_taken":0.0},{"damage_healed":0.0,"max_hp_gain":0.0,"max_hp_loss":0.0,"gold_gain":0.0,"event_name":"Colosseum","player_choice":"Fled From Nobs","floor":21.0,"gold_loss":0.0,"damage_taken":0.0},{"damage_healed":0.0,"max_hp_gain":0.0,"max_hp_loss":36.0,"gold_gain":0.0,"event_name":"Ghosts","player_choice":"Became a Ghost","floor":22.0,"gold_loss":0.0,"damage_taken":0.0,"cards_obtained":["Ghostly","Ghostly","Ghostly"]},{"damage_healed":0.0,"max_hp_gain":0.0,"max_hp_loss":0.0,"gold_gain":0.0,"event_name":"Designer","player_choice":"Upgrade","floor":24.0,"gold_loss":50.0,"damage_taken":0.0,"cards_upgraded":["Ghostly"]}],"is_beta":true,"boss_relics":[{"not_picked":["Busted Crown","White Beast Statue"],"picked":"Sozu"}],"items_purged_floors":[5,19,31],"is_endless":false,"potions_floor_spawned":[4,11,16,18,30],"killed_by":"Collector","ascension_level":20}