{"gold_per_floor":[118,134,209,124,140,140,165,179,202,202,215,215,248,248],"floor_reached":14,"playtime":566,"items_purged":[],"score":170,"play_id":"0b5ba131-6525-4e7d-8ce9-48be972cedfa","local_time":"20180907213633","is_ascension_mode":true,"campfire_choices":[{"data":"Zap","floor":6,"key":"SMITH"},{"floor":12,"key":"REST"}],"neow_cost":"TEN_PERCENT_HP_LOSS","seed_source_timestamp":0,"circlet_count":0,"master_deck":["Strike_B","Strike_B","Defend_B","Defend_B","Defend_B","Defend_B","Zap+1","Dualcast","AscendersBane","Storm","Storm","Cold Snap","Rebound","Doom and Gloom","Hologram","Echo Form","Barrage","Coolheaded","Conserve Battery"],"special_seed":0,"relics":["Cracked Core","Ancient Tea Set","PreservedInsect","Bag of Marbles"],"potions_floor_usage":[8,11],"damage_taken":[{"damage":11,"enemies":"Cultist","floor":1,"turns":4},{"damage":0,"enemies":"2 Louse","floor":2,"turns":3},{"damage":0,"enemies":"Small Slimes","floor":5,"turns":2},{"damage":36,"enemies":"Gremlin Nob","floor":7,"turns":4},{"damage":0,"enemies":"Exordium Wildlife","floor":8,"turns":2},{"damage":0,"enemies":"3 Louse","floor":11,"turns":2},{"damage":11,"enemies":"Lagavulin","floor":13,"turns":5},{"damage":21,"enemies":"Lots of Slimes","floor":14,"turns":2}],"seed_played":"6784382446623128855","potions_obtained":[{"floor":5,"key":"Fire Potion"},{"floor":8,"key":"Fire Potion"},{"floor":11,"key":"Strength Potion"}],"is_trial":false,"path_per_floor":["M","M","?","$","M","R","E","M","T","?","M","R","E"],"character_chosen":"DEFECT","items_purchased":["Doom and Gloom","Hologram"],"campfire_rested":1,"item_purchase_floors":[4,4],"current_hp_per_floor":[53,53,47,47,47,47,11,11,11,11,11,30,19,0],"gold":248,"neow_bonus":"TRANSFORM_TWO_CARDS","is_prod":false,"is_daily":false,"chose_seed":false,"campfire_upgraded":1,"win_rate":0,"timestamp":1536327393,"path_taken":["M","M","?","$","M","R","E","M","T","?","M","R","E","M"],"build_version":"2018-09-06","purchased_purges":0,"victory":false,"max_hp_per_floor":[64,64,64,64,64,64,64,64,64,64,64,64,64,64],"card_choices":[{"not_picked":["Gash","Darkness"],"picked":"Cold Snap","floor":1},{"not_picked":["Turbo","Compile Driver"],"picked":"Rebound","floor":2},{"not_picked":["Conserve Battery","Reprogram"],"picked":"Echo Form","floor":5},{"not_picked":["Cold Snap","Rebound","Gash"],"picked":"SKIP","floor":7},{"not_picked":["Aggregate","Gash"],"picked":"Barrage","floor":8},{"not_picked":["Compile Driver","Scrape"],"picked":"Coolheaded","floor":11},{"not_picked":["Reprogram","Barrage"],"picked":"Conserve Battery","floor":13}],"player_experience":303480,"relics_obtained":[{"floor":7,"key":"Ancient Tea Set"},{"floor":9,"key":"PreservedInsect"},{"floor":13,"key":"Bag of Marbles"}],"event_choices":[{"event_name":"FaceTrader","player_choice":"Touch","floor":3,"damage_taken":0},{"event_name":"Dead Adventurer","player_choice":"Searched \u00270\u0027 times","floor":10,"damage_taken":0}],"is_beta":true,"boss_relics":[],"items_purged_floors":[],"is_endless":false,"potions_floor_spawned":[5,8,11],"killed_by":"Lots of Slimes","ascension_level":14}