{"gold_per_floor":[219,239,1,14,89,119,119,136,159,159,169,169,185,208,208,311,311,323,323,283,296,221,221,246,246,246,261,277,277,288,298,298,395,395,411,266,285,296,296,296,330,330,356,381,408,454,189,200,200,200],"floor_reached":50,"playtime":5216,"items_purged":["Defend_B","Defend_B","Bite"],"score":656,"play_id":"6478c215-6411-4203-810b-539090e8fa11","local_time":"20190809231125","is_ascension_mode":true,"campfire_choices":[{"data":"Zap","floor":7,"key":"SMITH"},{"data":"Dualcast","floor":10,"key":"SMITH"},{"data":"Capacitor","floor":12,"key":"SMITH"},{"data":"Defragment","floor":15,"key":"SMITH"},{"data":"Seek","floor":23,"key":"SMITH"},{"data":"FTL","floor":25,"key":"SMITH"},{"data":"Echo Form","floor":29,"key":"SMITH"},{"data":"FTL","floor":32,"key":"SMITH"},{"data":"Reprogram","floor":40,"key":"SMITH"},{"floor":42,"key":"REST"},{"data":"Reboot","floor":49,"key":"SMITH"}],"neow_cost":"NONE","seed_source_timestamp":439679089257860,"circlet_count":0,"master_deck":["Defend_B+1","Defend_B+1","Zap+1","Dualcast+1","Sweeping Beam","Capacitor+1","Echo Form+1","Steam","Go for the Eyes","FTL+1","Defragment+1","Seek+1","Steam","Bite","Bite+1","Bite","Bite+1","Ball Lightning+1","Conserve Battery","BootSequence+1","All For One","FTL+1","Biased Cognition","Sunder+1","Turbo+1","Beam Cell+1","Reprogram+1","Reboot+1","Barrage+1","Hologram+1","Redo+1","Scrape+1","Machine Learning"],"relics":["Cracked Core","Question Card","Bronze Scales","War Paint","Odd Mushroom","Sozu","Blood Vial","Bag of Preparation","Inserter","Dream Catcher","MawBank","Bottled Flame","Happy Flower"],"potions_floor_usage":[16,16,16,33],"damage_taken":[{"damage":3,"enemies":"Small Slimes","floor":1,"turns":5},{"damage":0,"enemies":"2 Louse","floor":2,"turns":2},{"damage":1,"enemies":"Cultist","floor":4,"turns":3},{"damage":21,"enemies":"Lagavulin","floor":6,"turns":6},{"damage":1,"enemies":"3 Louse","floor":8,"turns":2},{"damage":0,"enemies":"Red Slaver","floor":11,"turns":4},{"damage":2,"enemies":"Looter","floor":13,"turns":3},{"damage":2,"enemies":"The Mushroom Lair","floor":14,"turns":4},{"damage":0,"enemies":"Hexaghost","floor":16,"turns":7},{"damage":18,"enemies":"3 Byrds","floor":18,"turns":4},{"damage":8,"enemies":"Spheric Guardian","floor":21,"turns":4},{"damage":41,"enemies":"Gremlin Leader","floor":24,"turns":5},{"damage":10,"enemies":"3 Cultists","floor":27,"turns":4},{"damage":17,"enemies":"Centurion and Healer","floor":28,"turns":4},{"damage":9,"enemies":"Shelled Parasite and Fungi","floor":30,"turns":3},{"damage":8,"enemies":"Snecko","floor":31,"turns":5},{"damage":32,"enemies":"Champ","floor":33,"turns":10},{"damage":8,"enemies":"3 Shapes","floor":35,"turns":3},{"damage":2,"enemies":"Orb Walker","floor":37,"turns":3},{"damage":18,"enemies":"3 Darklings","floor":38,"turns":4},{"damage":32,"enemies":"Reptomancer","floor":41,"turns":5},{"damage":3,"enemies":"Transient","floor":44,"turns":5},{"damage":8,"enemies":"Sphere and 2 Shapes","floor":45,"turns":3},{"damage":0,"enemies":"Giant Head","floor":46,"turns":5},{"damage":25,"enemies":"3 Darklings","floor":48,"turns":5},{"damage":37,"enemies":"Donu and Deca","floor":50,"turns":4}],"seed_played":"218532113710680939","potions_obtained":[{"floor":6,"key":"EssenceOfSteel"},{"floor":8,"key":"AttackPotion"},{"floor":11,"key":"FocusPotion"},{"floor":13,"key":"SkillPotion"},{"floor":16,"key":"Ancient Potion"}],"is_trial":false,"path_per_floor":["M","M","$","M","?","E","R","M","T","R","M","R","M","?","R","B",null,"M","?","?","M","$","R","E","R","T","M","M","R","M","M","R","B",null,"M","$","M","M","?","R","E","R","T","M","M","E","$","M","R","B"],"character_chosen":"DEFECT","items_purchased":["Question Card","Turbo","Happy Flower"],"campfire_rested":1,"item_purchase_floors":[3,36,47],"current_hp_per_floor":[72,72,72,71,60,39,39,38,38,38,38,38,36,34,34,34,75,57,52,52,44,44,44,21,21,21,23,23,23,28,27,27,30,52,52,52,52,41,41,41,18,33,33,40,36,48,48,31,31,0],"gold":200,"neow_bonus":"HUNDRED_GOLD","is_prod":false,"is_daily":false,"chose_seed":false,"campfire_upgraded":10,"win_rate":0,"timestamp":1565385085,"path_taken":["M","M","$","M","?","E","R","M","T","R","M","R","M","?","R","BOSS","M","?","?","M","$","R","E","R","T","?","M","R","M","M","R","BOSS","M","$","M","M","?","R","E","R","T","?","M","E","?","M","R","BOSS"],"build_version":"2019-07-17","purchased_purges":3,"victory":false,"max_hp_per_floor":[75,75,75,75,75,75,75,75,75,75,75,75,75,75,75,75,75,75,52,52,52,52,52,52,52,52,52,52,52,52,52,52,52,52,52,52,52,52,52,52,52,52,52,52,52,52,52,52,52,52],"card_choices":[{"not_picked":["Blizzard","Rebound"],"picked":"Sweeping Beam","floor":1},{"not_picked":["Compile Driver","Leap"],"picked":"Capacitor","floor":2},{"not_picked":["Rebound","Coolheaded","White Noise"],"picked":"Echo Form","floor":4},{"not_picked":["Coolheaded","Scrape","Conserve Battery"],"picked":"Steam","floor":6},{"not_picked":["Streamline","Leap","Fission"],"picked":"Go for the Eyes","floor":8},{"not_picked":["Sweeping Beam","Rebound","Reinforced Body","Gash"],"picked":"SKIP","floor":11},{"not_picked":["Barrage","White Noise","Go for the Eyes"],"picked":"FTL","floor":13},{"not_picked":["White Noise","FTL","Static Discharge"],"picked":"Defragment","floor":14},{"not_picked":["Electrodynamics","Biased Cognition","Amplify"],"picked":"Seek","floor":16},{"not_picked":["Conserve Battery","Barrage","Blizzard+1"],"picked":"Steam","floor":18},{"not_picked":["Recycle","Reinforced Body+1","Hologram"],"picked":"Ball Lightning+1","floor":21},{"not_picked":["Fission","Go for the Eyes","Doom and Gloom"],"picked":"Conserve Battery","floor":24},{"not_picked":["Compile Driver","Coolheaded","Consume+1"],"picked":"BootSequence+1","floor":27},{"not_picked":["Genetic Algorithm","Aggregate+1","Steam+1","BootSequence+1"],"picked":"SKIP","floor":28},{"not_picked":["Coolheaded","Rebound+1","Stack"],"picked":"All For One","floor":30},{"not_picked":["Undo","Steam","Tempest"],"picked":"FTL","floor":31},{"not_picked":["All For One","Creative AI","Echo Form"],"picked":"Biased Cognition","floor":33},{"not_picked":["Lockon+1","Streamline+1","Steam"],"picked":"Sunder+1","floor":35},{"not_picked":["Stack+1","Gash","Streamline"],"picked":"Beam Cell+1","floor":37},{"not_picked":["Beam Cell","Conserve Battery","FTL+1"],"picked":"Reprogram","floor":38},{"not_picked":["FTL","Cold Snap+1","Streamline+1"],"picked":"Reboot","floor":41},{"not_picked":["Gash","Compile Driver","Rebound"],"picked":"Barrage+1","floor":42},{"not_picked":["Gash+1","Ball Lightning","Turbo+1"],"picked":"Hologram+1","floor":44},{"not_picked":["Conserve Battery+1","Melter+1","Go for the Eyes"],"picked":"Redo+1","floor":45},{"not_picked":["Coolheaded","Barrage+1","Beam Cell+1"],"picked":"Scrape+1","floor":46},{"not_picked":["Streamline","Capacitor","Stack+1"],"picked":"Machine Learning","floor":48}],"player_experience":60037,"relics_obtained":[{"floor":6,"key":"Bronze Scales"},{"floor":9,"key":"War Paint"},{"floor":14,"key":"Odd Mushroom"},{"floor":24,"key":"Blood Vial"},{"floor":26,"key":"Bag of Preparation"},{"floor":41,"key":"Dream Catcher"},{"floor":43,"key":"MawBank"},{"floor":46,"key":"Bottled Flame"}],"event_choices":[{"damage_healed":0,"gold_gain":75,"player_choice":"Gather Gold","damage_taken":11,"max_hp_gain":0,"max_hp_loss":0,"event_name":"World of Goop","floor":5,"gold_loss":0},{"damage_healed":0,"gold_gain":0,"player_choice":"Fought Mushrooms","damage_taken":0,"max_hp_gain":0,"max_hp_loss":0,"event_name":"Mushrooms","floor":14,"gold_loss":0},{"damage_healed":0,"gold_gain":0,"player_choice":"Became a vampire","damage_taken":0,"max_hp_gain":0,"max_hp_loss":23,"event_name":"Vampires","floor":19,"gold_loss":0,"cards_obtained":["Bite","Bite","Bite","Bite","Bite"]},{"damage_healed":0,"gold_gain":0,"player_choice":"Upgraded Two","damage_taken":0,"max_hp_gain":0,"max_hp_loss":0,"event_name":"Designer","floor":20,"gold_loss":40,"cards_upgraded":["Bite","Bite"]},{"damage_healed":0,"gold_gain":0,"player_choice":"Upgraded","damage_taken":0,"max_hp_gain":0,"max_hp_loss":0,"event_name":"Upgrade Shrine","floor":39,"gold_loss":0,"cards_upgraded":["Turbo"]}],"is_beta":false,"boss_relics":[{"not_picked":["Fusion Hammer","Orrery"],"picked":"Sozu"},{"not_picked":["Eternal Feather","Calling Bell"],"picked":"Inserter"}],"items_purged_floors":[22,36,47],"is_endless":false,"potions_floor_spawned":[6,8,11,13,16,18,21,27,37,38,41,45],"killed_by":"Donu and Deca","ascension_level":1}