{"gold_per_floor":[116,28,38,38,55,55,104,104,128,193,206,143,161,161,161,201],"floor_reached":16,"playtime":809,"items_purged":[],"score":220,"play_id":"a018ce58-944a-4e8b-aa91-cedaee317e01","local_time":"20190430203010","is_ascension_mode":true,"campfire_choices":[{"data":"vexMod:GoldenLightningCard","floor":6.0,"key":"SMITH"},{"data":"Chaos","floor":8.0,"key":"SMITH"},{"data":"BasicCrystalCard","floor":15,"key":"SMITH"}],"neow_cost":"NONE","seed_source_timestamp":6802171116506,"circlet_count":0,"master_deck":["AscendersBane","Strike_B+1","Strike_B","Strike_B+1","Strike_B","Defend_B","Defend_B","Defend_B","Defend_B","Zap","Dualcast","BasicCrystalCard+1","Chaos+1","ReplayTheSpireMod:Omega Cannon","vexMod:GoldenLightningCard+1","Steam","Steam Power","Ball Lightning","Sunder+1","ReplaySolidLightProjector"],"special_seed":0,"relics":["Honey Jar","Replay:Ringing Soul","vexMod:ConsolationPrize","vexMod:WellWornAnklet","Whetstone","Golden Idol"],"potions_floor_usage":[10,16],"damage_taken":[{"damage":1.0,"enemies":"Cultist","floor":1.0,"turns":4.0},{"damage":1.0,"enemies":"2 Louse","floor":3.0,"turns":4.0},{"damage":7.0,"enemies":"Jaw Worm","floor":5.0,"turns":2.0},{"damage":30.0,"enemies":"3 Sentries","floor":7.0,"turns":4.0},{"damage":17,"enemies":"Gremlin Nob","floor":10,"turns":3},{"damage":0,"enemies":"2 Fungi Beasts","floor":11,"turns":2},{"damage":2,"enemies":"Blue Slaver","floor":13,"turns":2},{"damage":20,"enemies":"The Guardian","floor":16,"turns":9}],"seed_played":"4409889104603030881","potions_obtained":[{"floor":5.0,"key":"SpeedPotion"},{"floor":7.0,"key":"AttackPotion"}],"is_trial":false,"path_per_floor":["M","$","M","T","M","R","E","R","T","E","M","$","M","?","R","B"],"character_chosen":"DEFECT","items_purchased":["Chaos","Sunder+1"],"campfire_rested":0,"item_purchase_floors":[2,12],"current_hp_per_floor":[63,63,62,62,58,58,31,31,31,17,20,23,24,24,24,4],"gold":201,"neow_bonus":"BOSS_RELIC","is_prod":false,"is_daily":false,"chose_seed":false,"campfire_upgraded":3,"win_rate":0,"timestamp":1556627410,"path_taken":["M","$","M","?","M","R","E","R","T","E","M","$","M","?","R","BOSS"],"build_version":"2019-01-23","purchased_purges":0,"victory":false,"max_hp_per_floor":[71,71,71,71,74,74,77,77,77,80,83,86,89,81,81,81],"card_choices":[{"not_picked":["Stack","Steam","vexMod:OrbBoomerang"],"picked":"BasicCrystalCard","floor":1.0},{"not_picked":["Aggregate","Barrage","Streamline"],"picked":"ReplayTheSpireMod:Omega Cannon","floor":3.0},{"not_picked":["vexMod:Hex","Cold Snap","Rebound"],"picked":"vexMod:GoldenLightningCard","floor":5.0},{"not_picked":["Beam Cell","vexMod:ShockKick","BasicCrystalCard"],"picked":"Steam","floor":7.0},{"not_picked":["Sweeping Beam","Conserve Battery","vexMod:GrowingStorm"],"picked":"Steam Power","floor":10},{"not_picked":["vexMod:TuneUp","ReplayTheSpireMod:Reroute Power","Tempest"],"picked":"Ball Lightning","floor":11},{"not_picked":["FTL","ReplayTheSpireMod:System Scan","Conserve Battery"],"picked":"ReplaySolidLightProjector","floor":13}],"player_experience":966582,"relics_obtained":[{"floor":4.0,"key":"Replay:Ringing Soul"},{"floor":7.0,"key":"vexMod:ConsolationPrize"},{"floor":9.0,"key":"vexMod:WellWornAnklet"},{"floor":10,"key":"Whetstone"}],"event_choices":[{"damage_healed":0,"gold_gain":0,"player_choice":"Lose Max HP","damage_taken":0,"relics_obtained":["Golden Idol"],"max_hp_gain":0,"max_hp_loss":8,"event_name":"Golden Idol","floor":14,"gold_loss":0}],"is_beta":false,"boss_relics":[],"items_purged_floors":[],"is_endless":false,"potions_floor_spawned":[5,7],"killed_by":"The Guardian","ascension_level":20}