{"gold_per_floor":[363,375,71,84,84,118,118,132,213,229,247,1,1,26,26,129,129,145,145,120,120],"floor_reached":21,"playtime":1742,"items_purged":["Strike_R"],"score":191,"play_id":"aee3e9fb-68e1-411e-978e-6edc3d05fdc5","local_time":"20190810143215","is_ascension_mode":false,"campfire_choices":[{"data":"Armaments","floor":7,"key":"SMITH"},{"data":"True Grit","floor":15,"key":"SMITH"}],"neow_cost":"PERCENT_DAMAGE","seed_source_timestamp":1639825808397100,"circlet_count":0,"master_deck":["Strike_R","Strike_R","Strike_R","Defend_R","Defend_R","Defend_R","Defend_R","Bash","Armaments+1","Clothesline","Inflame","Shrug It Off","Metallicize","Headbutt","Armaments","True Grit+1","Flex","Barricade","Offering","Writhe","Twin Strike"],"relics":["Burning Blood","Blood Vial","Du-Vu Doll","Bottled Tornado","Sling","Potion Belt","Mark of Pain","Mummified Hand"],"potions_floor_usage":[],"damage_taken":[{"damage":0,"enemies":"2 Louse","floor":1,"turns":4},{"damage":1,"enemies":"Cultist","floor":2,"turns":4},{"damage":1,"enemies":"Jaw Worm","floor":4,"turns":5},{"damage":31,"enemies":"Lagavulin","floor":6,"turns":14},{"damage":6,"enemies":"Large Slime","floor":8,"turns":7},{"damage":2,"enemies":"Looter","floor":10,"turns":4},{"damage":10,"enemies":"Exordium Wildlife","floor":11,"turns":10},{"damage":7,"enemies":"3 Sentries","floor":14,"turns":11},{"damage":23,"enemies":"The Guardian","floor":16,"turns":18},{"damage":11,"enemies":"Shell Parasite","floor":18,"turns":6},{"damage":23,"enemies":"2 Thieves","floor":20,"turns":5},{"damage":62,"enemies":"Masked Bandits","floor":21,"turns":5}],"seed_played":"-5429314319743764211","potions_obtained":[{"floor":2,"key":"Strength Potion"},{"floor":6,"key":"Strength Potion"},{"floor":8,"key":"SmokeBomb"},{"floor":14,"key":"AttackPotion"},{"floor":18,"key":"SkillPotion"},{"floor":20,"key":"Dexterity Potion"}],"is_trial":false,"path_per_floor":["M","M","$","M","?","E","R","M","T","M","M","$","?","E","R","B",null,"M","?","M","?"],"character_chosen":"IRONCLAD","items_purchased":["Inflame","Blood Vial","Sling","Flex"],"campfire_rested":0,"item_purchase_floors":[3,3,12,12],"current_hp_per_floor":[62,67,67,74,74,51,51,53,53,59,57,57,57,58,58,43,80,75,75,60,0],"gold":120,"neow_bonus":"TWO_FIFTY_GOLD","is_prod":false,"is_daily":false,"chose_seed":false,"campfire_upgraded":2,"win_rate":0.0,"timestamp":1565440335,"path_taken":["M","M","$","M","?","E","R","M","T","M","?","$","?","E","R","BOSS","M","?","M","?"],"build_version":"2019-07-17","purchased_purges":1,"victory":false,"max_hp_per_floor":[80,80,80,80,80,80,80,80,80,80,80,80,80,80,80,80,80,80,80,80,80],"card_choices":[{"not_picked":["Iron Wave","Pummel"],"picked":"Armaments","floor":1},{"not_picked":["Second Wind","Intimidate"],"picked":"Clothesline","floor":2},{"not_picked":["Bloodletting","Fire Breathing"],"picked":"Shrug It Off","floor":4},{"not_picked":["Evolve","Dark Embrace"],"picked":"Metallicize","floor":6},{"not_picked":["Sword Boomerang","Evolve"],"picked":"Headbutt","floor":8},{"not_picked":["Warcry","Searing Blow"],"picked":"Armaments","floor":10},{"not_picked":["Fire Breathing","Twin Strike"],"picked":"True Grit","floor":11},{"not_picked":["Thunderclap","Infernal Blade"],"picked":"Barricade","floor":14},{"not_picked":["Impervious","Exhume"],"picked":"Offering","floor":16},{"not_picked":["Second Wind+1","Perfected Strike+1","Wild Strike+1"],"picked":"SKIP","floor":18},{"not_picked":["Warcry","Pummel"],"picked":"Twin Strike","floor":20}],"player_experience":374235,"relics_obtained":[{"floor":6,"key":"Du-Vu Doll"},{"floor":9,"key":"Bottled Tornado"},{"floor":14,"key":"Potion Belt"}],"event_choices":[{"cards_removed":["Strike_R"],"damage_healed":0,"gold_gain":0,"player_choice":"Purged","damage_taken":0,"max_hp_gain":0,"max_hp_loss":0,"event_name":"Purifier","floor":5,"gold_loss":0},{"damage_healed":0,"gold_gain":0,"player_choice":"Ignored","damage_taken":0,"max_hp_gain":0,"max_hp_loss":0,"event_name":"Liars Game","floor":13,"gold_loss":0},{"damage_healed":0,"gold_gain":0,"player_choice":"Opened","damage_taken":0,"relics_obtained":["Mummified Hand"],"max_hp_gain":0,"max_hp_loss":0,"event_name":"The Mausoleum","floor":19,"gold_loss":0,"cards_obtained":["Writhe"]},{"damage_healed":0,"gold_gain":0,"player_choice":"Fought Bandits","damage_taken":0,"max_hp_gain":0,"max_hp_loss":0,"event_name":"Masked Bandits","floor":21,"gold_loss":0}],"is_beta":false,"boss_relics":[{"not_picked":["Runic Pyramid","Cursed Key"],"picked":"Mark of Pain"}],"items_purged_floors":[3],"is_endless":false,"potions_floor_spawned":[2,6,8,14,18,20],"killed_by":"Masked Bandits","ascension_level":0}