{"gold_per_floor":[14,14,14,30,30,30,45,45,68,93,70,97,97,130,130,208,208,219,229,229,245,25,25,41,41,41,60,60],"floor_reached":28,"playtime":635,"items_purged":["Strike_R"],"score":431,"play_id":"eed755ed-a6ad-4919-ae59-03b0e6bcda0d","local_time":"20190128180444","is_ascension_mode":true,"campfire_choices":[{"data":"Immolate","floor":6.0,"key":"SMITH"},{"data":"Trip","floor":8.0,"key":"SMITH"},{"data":"True Grit","floor":13.0,"key":"SMITH"},{"data":"Shockwave","floor":15.0,"key":"SMITH"},{"data":"Bash","floor":23,"key":"SMITH"}],"neow_cost":"NO_GOLD","seed_source_timestamp":33052432008829,"circlet_count":0,"master_deck":["AscendersBane","Strike_R","Strike_R","Strike_R","Strike_R","Defend_R","Defend_R","Defend_R","Defend_R","Bash+1","Immolate+1","Thunderclap","Trip+1","Shockwave+1","True Grit+1","Entrench+1"],"special_seed":0,"relics":["Burning Blood","PreservedInsect","Ancient Tea Set","Ornamental Fan","Frozen Egg 2","Velvet Choker","Bag of Marbles","Letter Opener"],"potions_floor_usage":[],"damage_taken":[{"damage":12.0,"enemies":"Jaw Worm","floor":1.0,"turns":2.0},{"damage":7.0,"enemies":"Small Slimes","floor":4.0,"turns":3.0},{"damage":0.0,"enemies":"Cultist","floor":7.0,"turns":2.0},{"damage":10.0,"enemies":"Lagavulin","floor":10.0,"turns":4.0},{"damage":8.0,"enemies":"Gremlin Nob","floor":12.0,"turns":3.0},{"damage":0.0,"enemies":"3 Sentries","floor":14.0,"turns":1.0},{"damage":25.0,"enemies":"Slime Boss","floor":16.0,"turns":5.0},{"damage":12.0,"enemies":"Shell Parasite","floor":18.0,"turns":5.0},{"damage":0.0,"enemies":"Chosen","floor":19.0,"turns":4.0},{"damage":3,"enemies":"3 Cultists","floor":21,"turns":3},{"damage":35,"enemies":"Snake Plant","floor":24,"turns":6},{"damage":8,"enemies":"Cultist and Chosen","floor":27,"turns":4},{"damage":35,"enemies":"Sentry and Sphere","floor":28,"turns":5}],"seed_played":"3448420944214005007","potions_obtained":[{"floor":1.0,"key":"Explosive Potion"},{"floor":10.0,"key":"SteroidPotion"},{"floor":19.0,"key":"Strength Potion"},{"floor":25,"key":"Swift Potion"},{"floor":25,"key":"Ancient Potion"},{"floor":25,"key":"SteroidPotion"}],"is_trial":false,"path_per_floor":["M","$","?","M","?","R","M","R","T","E","$","E","R","E","R","B",null,"M","M","?","M","$","R","M","?","T","M","M"],"character_chosen":"IRONCLAD","items_purchased":["True Grit","Bag of Marbles"],"campfire_rested":0,"item_purchase_floors":[11,22],"current_hp_per_floor":[66,66,66,65,65,65,71,71,71,67,67,65,65,71,71,52,73,67,73,73,76,76,76,47,47,47,45,10],"gold":60,"neow_bonus":"THREE_RARE_CARDS","is_prod":false,"is_daily":false,"chose_seed":false,"campfire_upgraded":5,"win_rate":0,"timestamp":1548669884,"path_taken":["M","$","?","M","?","R","M","R","T","E","$","E","R","E","R","BOSS","M","?","?","M","$","R","M","?","T","M","M"],"build_version":"2019-01-23","purchased_purges":1,"victory":false,"max_hp_per_floor":[80,80,80,80,80,80,80,80,80,80,80,80,80,80,80,80,80,80,80,80,80,80,80,80,80,80,80,80],"card_choices":[{"not_picked":["Double Tap","Dark Embrace"],"picked":"Immolate","floor":0.0},{"not_picked":["Rage","Iron Wave","Blood for Blood"],"picked":"SKIP","floor":1.0},{"not_picked":["Rupture","Shrug It Off"],"picked":"Thunderclap","floor":4.0},{"not_picked":["Sentinel","Uppercut","Thunderclap"],"picked":"SKIP","floor":7.0},{"not_picked":["Burning Pact","Inflame"],"picked":"Shockwave","floor":10.0},{"not_picked":["Inflame","Headbutt","Flame Barrier"],"picked":"SKIP","floor":12.0},{"not_picked":["Twin Strike","Clothesline","Thunderclap"],"picked":"SKIP","floor":14.0},{"not_picked":["Pommel Strike","Sever Soul+1","Armaments"],"picked":"SKIP","floor":18.0},{"not_picked":["Intimidate","Wild Strike","Rampage"],"picked":"SKIP","floor":19.0},{"not_picked":["Havoc","Anger+1"],"picked":"Entrench+1","floor":21},{"not_picked":["Rage","Twin Strike","Flex"],"picked":"SKIP","floor":24},{"not_picked":["Fire Breathing+1","Inflame+1","Armaments"],"picked":"SKIP","floor":27}],"player_experience":706959,"relics_obtained":[{"floor":9.0,"key":"PreservedInsect"},{"floor":10.0,"key":"Ancient Tea Set"},{"floor":12.0,"key":"Ornamental Fan"},{"floor":14.0,"key":"Frozen Egg 2"},{"floor":26,"key":"Letter Opener"}],"event_choices":[{"damage_healed":0.0,"max_hp_gain":0.0,"max_hp_loss":0.0,"gold_gain":0.0,"event_name":"The Cleric","player_choice":"Leave","floor":3.0,"gold_loss":0.0,"damage_taken":0.0},{"damage_healed":0.0,"max_hp_gain":0.0,"max_hp_loss":0.0,"gold_gain":0.0,"event_name":"Match and Keep!","player_choice":"1 cards matched","floor":5.0,"gold_loss":0.0,"damage_taken":0.0,"cards_obtained":["Trip"]},{"damage_healed":0,"gold_gain":0,"player_choice":"Ignored","damage_taken":0,"max_hp_gain":0,"max_hp_loss":0,"event_name":"The Mausoleum","floor":20,"gold_loss":0},{"damage_healed":0,"gold_gain":0,"player_choice":"Got Potions","damage_taken":0,"max_hp_gain":0,"max_hp_loss":0,"event_name":"Lab","floor":25,"gold_loss":0}],"is_beta":true,"boss_relics":[{"not_picked":["Astrolabe","Sozu"],"picked":"Velvet Choker"}],"items_purged_floors":[22],"is_endless":false,"potions_floor_spawned":[1,10,14,19,21,24],"killed_by":"Sentry and Sphere","ascension_level":13}