{"gold_per_floor":[115,129,143,156,167,167,180,6,6,6,22,22,42,61,61,162,162,177,92,111,111,111,111],"floor_reached":23,"playtime":808,"items_purged":[],"score":299,"play_id":"868a2b2b-ee51-49eb-9674-6033479a2211","local_time":"20180830090016","is_ascension_mode":true,"campfire_choices":[{"data":"Chaos","floor":6,"key":"SMITH"},{"floor":10,"key":"REST"},{"data":"Seek","floor":12,"key":"SMITH"},{"floor":15,"key":"REST"}],"neow_cost":"","seed_source_timestamp":3512457722549,"circlet_count":0,"master_deck":["Strike_B","Strike_B","Strike_B","Strike_B","Defend_B","Defend_B","Defend_B","Defend_B","Zap","Dualcast","AscendersBane","Ball Lightning","Capacitor","Coolheaded","Chaos+1","Core Surge","Sunder","Seek+1","Leap","Leap","Compile Driver","Electrodynamics","Ball Lightning","Glacier+1"],"relics":["Cracked Core","Dodecahedron","Eternal Feather","Ginger","Darkstone Periapt"],"potions_floor_usage":[4,7,18,23],"damage_taken":[{"damage":2,"enemies":"Jaw Worm","floor":1,"turns":3},{"damage":0,"enemies":"Small Slimes","floor":2,"turns":2},{"damage":2,"enemies":"2 Louse","floor":3,"turns":2},{"damage":20,"enemies":"Exordium Thugs","floor":4,"turns":4},{"damage":13,"enemies":"3 Louse","floor":5,"turns":3},{"damage":26,"enemies":"Lots of Slimes","floor":7,"turns":3},{"damage":11,"enemies":"Exordium Thugs","floor":11,"turns":5},{"damage":4,"enemies":"Looter","floor":13,"turns":4},{"damage":3,"enemies":"2 Fungi Beasts","floor":14,"turns":3},{"damage":22,"enemies":"Slime Boss","floor":16,"turns":6},{"damage":30,"enemies":"2 Thieves","floor":18,"turns":3},{"damage":3,"enemies":"3 Byrds","floor":20,"turns":3},{"damage":35,"enemies":"Book of Stabbing","floor":23,"turns":5}],"seed_played":"3656126798067076819","potions_obtained":[{"floor":3,"key":"Explosive Potion"},{"floor":5,"key":"Poison Potion"},{"floor":14,"key":"Ancient Potion"},{"floor":16,"key":"Regen Potion"},{"floor":18,"key":"SpeedPotion"}],"is_trial":false,"path_per_floor":["M","M","M","M","M","R","M","$","T","R","M","R","M","M","R","B",null,"M","?","M","?","T"],"character_chosen":"DEFECT","items_purchased":["Seek","Leap"],"campfire_rested":2,"item_purchase_floors":[8,8],"current_hp_per_floor":[66,66,64,44,31,31,5,5,5,27,16,16,12,9,31,9,59,38,38,35,35,35,0],"gold":111,"neow_bonus":"","is_prod":false,"is_daily":false,"chose_seed":false,"campfire_upgraded":2,"win_rate":0,"timestamp":1535590816,"path_taken":["M","M","M","M","M","R","M","$","T","R","M","R","M","M","R","BOSS","M","?","M","?","?","E"],"build_version":"2018-08-28","purchased_purges":0,"victory":false,"max_hp_per_floor":[75,75,75,75,75,75,75,75,75,75,75,75,75,75,75,75,75,75,75,75,75,75,75],"card_choices":[{"not_picked":["Coolheaded","Sunder"],"picked":"Ball Lightning","floor":1},{"not_picked":["Go for the Eyes","Steam"],"picked":"Capacitor","floor":2},{"not_picked":["Lockon","Streamline"],"picked":"Coolheaded","floor":3},{"not_picked":["Ball Lightning","Sunder"],"picked":"Chaos","floor":4},{"not_picked":["Double Energy","Go for the Eyes"],"picked":"Core Surge","floor":5},{"not_picked":["Lockon","Gash"],"picked":"Sunder","floor":7},{"not_picked":["Barrage","Compile Driver","Leap"],"picked":"SKIP","floor":11},{"not_picked":["Gash","Hello World"],"picked":"Leap","floor":13},{"not_picked":["Coolheaded","Scrape"],"picked":"Compile Driver","floor":14},{"not_picked":["Creative AI","Meteor Strike"],"picked":"Electrodynamics","floor":16},{"not_picked":["Cold Snap","Coolheaded"],"picked":"Ball Lightning","floor":18},{"not_picked":["Steam Power","Conserve Battery"],"picked":"Glacier+1","floor":20}],"player_experience":267765,"relics_obtained":[{"floor":9,"key":"Dodecahedron"},{"floor":22,"key":"Darkstone Periapt"}],"event_choices":[{"event_name":"Addict","player_choice":"Obtained Relic","floor":19,"damage_taken":0},{"event_name":"Beggar","player_choice":"Ignored","floor":21,"damage_taken":0}],"is_beta":true,"boss_relics":[{"not_picked":["Runic Dome","Runic Pyramid"],"picked":"Eternal Feather"}],"items_purged_floors":[],"is_endless":false,"potions_floor_spawned":[3,5,14,16,18],"killed_by":"Book of Stabbing","ascension_level":12}