{"gold_per_floor":[118,168,185,30,30,88,88,100,127,146,34,34,34,44,44,115,115,129,129,129,129,129],"floor_reached":22,"playtime":653,"items_purged":["Strike_B"],"score":414,"play_id":"cec73c23-fdcc-4a7c-84d3-3508a6cdaf04","local_time":"20190110211413","is_ascension_mode":true,"campfire_choices":[{"data":"Hologram","floor":7.0,"key":"SMITH"},{"data":"Multi-Cast","floor":15.0,"key":"SMITH"}],"neow_cost":"NONE","seed_source_timestamp":9650333421734,"circlet_count":0,"master_deck":["AscendersBane","Strike_B","Strike_B","Defend_B","Defend_B","Defend_B","Defend_B","Zap","Dualcast","Hologram+1","Darkness+1","Multi-Cast+1","Recycle","Doom and Gloom","Auto Shields","Ball Lightning","Biased Cognition","Conserve Battery"],"special_seed":0,"relics":["Cracked Core","NeowsBlessing","Tiny Chest","Potion Belt","Cursed Key","MutagenicStrength"],"potions_floor_usage":[],"damage_taken":[{"damage":0.0,"enemies":"Cultist","floor":1.0,"turns":1.0},{"damage":0.0,"enemies":"Jaw Worm","floor":3.0,"turns":1.0},{"damage":0.0,"enemies":"3 Sentries","floor":6.0,"turns":1.0},{"damage":13.0,"enemies":"Small Slimes","floor":8.0,"turns":5.0},{"damage":13.0,"enemies":"Red Slaver","floor":10.0,"turns":3.0},{"damage":8.0,"enemies":"2 Fungi Beasts","floor":14.0,"turns":4.0},{"damage":19.0,"enemies":"The Guardian","floor":16.0,"turns":8.0},{"damage":27.0,"enemies":"Spheric Guardian","floor":18.0,"turns":4.0},{"damage":22,"enemies":"Colosseum Slavers","floor":21,"turns":4},{"damage":0,"enemies":"Chosen","floor":22,"turns":2}],"seed_played":"-4326213475241868382","potions_obtained":[{"floor":6.0,"key":"Swift Potion"},{"floor":8.0,"key":"SteroidPotion"},{"floor":18.0,"key":"Fire Potion"}],"is_trial":false,"path_per_floor":["M","?","M","$","?","E","R","M","T","M","$","$","?","M","R","B",null,"M","T","?","?","M"],"character_chosen":"DEFECT","items_purchased":["Multi-Cast","Auto Shields"],"campfire_rested":0,"item_purchase_floors":[4,11],"current_hp_per_floor":[64,57,57,57,57,57,57,44,44,31,31,31,31,23,23,4,54,27,27,27,5,5],"gold":129,"neow_bonus":"THREE_ENEMY_KILL","is_prod":false,"is_daily":false,"chose_seed":false,"campfire_upgraded":2,"win_rate":0,"timestamp":1547126053,"path_taken":["M","?","?","$","?","E","R","M","T","M","?","$","?","M","R","BOSS","M","?","?","?","M"],"build_version":"2019-01-09","purchased_purges":1,"victory":false,"max_hp_per_floor":[71,71,71,71,71,71,71,71,71,71,71,71,71,71,71,71,71,71,71,71,71,71],"card_choices":[{"not_picked":["Leap","Auto Shields"],"picked":"Hologram","floor":1.0},{"not_picked":["Capacitor","Steam"],"picked":"Darkness","floor":3.0},{"not_picked":["Stack","Recycle","Gash"],"picked":"SKIP","floor":6.0},{"not_picked":["Stack","Gash"],"picked":"Recycle","floor":6.0},{"not_picked":["Go for the Eyes","Rebound"],"picked":"Doom and Gloom","floor":8.0},{"not_picked":["Sweeping Beam","Cold Snap","FTL"],"picked":"SKIP","floor":10.0},{"not_picked":["Hologram","Ball Lightning","Stack"],"picked":"SKIP","floor":14.0},{"not_picked":["Hologram","Stack"],"picked":"Ball Lightning","floor":14.0},{"not_picked":["Hyperbeam","Thunder Strike"],"picked":"Biased Cognition","floor":16.0},{"not_picked":["Recycle","Sweeping Beam"],"picked":"Conserve Battery","floor":18.0}],"player_experience":676586,"relics_obtained":[{"floor":6.0,"key":"Tiny Chest"},{"floor":9.0,"key":"Potion Belt"}],"event_choices":[{"damage_healed":0.0,"max_hp_gain":0.0,"max_hp_loss":0.0,"gold_gain":50.0,"event_name":"FaceTrader","player_choice":"Touch","floor":2.0,"gold_loss":0.0,"damage_taken":7.0},{"damage_healed":0.0,"max_hp_gain":0.0,"max_hp_loss":0.0,"gold_gain":0.0,"event_name":"Accursed Blacksmith","player_choice":"Forge","floor":5.0,"gold_loss":0.0,"damage_taken":0.0,"cards_upgraded":["Darkness"]},{"cards_removed":["Strike_B"],"damage_healed":0.0,"max_hp_gain":0.0,"max_hp_loss":0.0,"gold_gain":0.0,"event_name":"Purifier","player_choice":"Purged","floor":13.0,"gold_loss":0.0,"damage_taken":0.0},{"damage_healed":0,"gold_gain":0,"player_choice":"Inject Mutagens","damage_taken":0,"relics_obtained":["MutagenicStrength"],"max_hp_gain":0,"max_hp_loss":0,"event_name":"Drug Dealer","floor":20,"gold_loss":0},{"damage_healed":0,"gold_gain":0,"player_choice":"Fight","damage_taken":0,"max_hp_gain":0,"max_hp_loss":0,"event_name":"Colosseum","floor":21,"gold_loss":0},{"damage_healed":0,"gold_gain":0,"player_choice":"Fled From Nobs","damage_taken":0,"max_hp_gain":0,"max_hp_loss":0,"event_name":"Colosseum","floor":21,"gold_loss":0}],"is_beta":true,"boss_relics":[{"not_picked":["Calling Bell","White Beast Statue"],"picked":"Cursed Key"}],"items_purged_floors":[11],"is_endless":false,"potions_floor_spawned":[6,8,18],"killed_by":"Chosen","ascension_level":20}