{"gold_per_floor":[113,388,403,91,91,91,91,91,115,115,147,159,179,4,4,107,107,125,142,142,142,158,158,158,158,211,35,35],"floor_reached":28,"playtime":1375,"items_purged":["Regret"],"score":234,"play_id":"4d12b1a6-042e-42ad-a6ce-f0e6ced72546","local_time":"20190805011923","is_ascension_mode":false,"campfire_choices":[{"data":"Madness","floor":6,"key":"SMITH"},{"data":"Bash","floor":8,"key":"SMITH"},{"data":"Shrug It Off","floor":10,"key":"SMITH"},{"floor":15,"key":"REST"}],"neow_cost":"NONE","seed_source_timestamp":1095625593556904,"circlet_count":0,"master_deck":["Strike_R+1","Strike_R+1","Strike_R+1","Strike_R+1","Strike_R+1","Defend_R+1","Defend_R+1","Defend_R+1","Defend_R+1","Bash+1","Juggernaut+1","Dropkick","Shrug It Off+1","Madness+1","Seeing Red","Anger","Inflame","Thinking Ahead","Double Tap","Whirlwind","Flex+1","Infernal Blade","Perfected Strike"],"relics":["Burning Blood","Pen Nib","Orichalcum","PreservedInsect","Black Star","MutagenicStrength","Bag of Marbles","Vajra"],"potions_floor_usage":[13,18,18,19,23],"damage_taken":[{"damage":7,"enemies":"2 Louse","floor":1,"turns":3},{"damage":4,"enemies":"Cultist","floor":3,"turns":4},{"damage":29,"enemies":"Lagavulin","floor":11,"turns":7},{"damage":0,"enemies":"Jaw Worm","floor":12,"turns":3},{"damage":0,"enemies":"Exordium Thugs","floor":13,"turns":3},{"damage":60,"enemies":"Slime Boss","floor":16,"turns":10},{"damage":16,"enemies":"Shell Parasite","floor":18,"turns":6},{"damage":21,"enemies":"Spheric Guardian","floor":19,"turns":4},{"damage":27,"enemies":"Cultist and Chosen","floor":22,"turns":7},{"damage":45,"enemies":"Gremlin Leader","floor":23,"turns":6},{"damage":22,"enemies":"Shelled Parasite and Fungi","floor":28,"turns":4}],"seed_played":"1127860184965974938","potions_obtained":[{"floor":1,"key":"SmokeBomb"},{"floor":11,"key":"AttackPotion"},{"floor":13,"key":"SpeedPotion"},{"floor":16,"key":"Poison Potion"},{"floor":18,"key":"LiquidBronze"}],"is_trial":false,"path_per_floor":["M","?","M","$","?","R","?","R","T","R","E","M","M","$","R","B",null,"M","M","?","?","M","E","$","?","T","$","M"],"character_chosen":"IRONCLAD","items_purchased":["Pen Nib","Madness","Thinking Ahead","Vajra","Perfected Strike"],"campfire_rested":1,"item_purchase_floors":[4,4,14,27,27],"current_hp_per_floor":[79,79,80,80,80,80,64,64,64,64,41,47,53,53,77,23,80,70,55,55,80,59,20,20,20,20,20,0],"gold":35,"neow_bonus":"ONE_RANDOM_RARE_CARD","is_prod":false,"is_daily":false,"chose_seed":false,"campfire_upgraded":3,"win_rate":0,"timestamp":1564982363,"path_taken":["M","?","?","$","?","R","?","R","T","R","E","M","M","?","R","BOSS","M","M","?","?","M","E","$","?","T","$","?"],"build_version":"2019-06-28","purchased_purges":1,"victory":false,"max_hp_per_floor":[80,80,80,80,80,80,80,80,80,80,80,80,80,80,80,80,80,80,80,80,80,80,80,80,80,80,80,80],"card_choices":[{"not_picked":["Fire Breathing","Armaments"],"picked":"Dropkick","floor":1},{"not_picked":["Twin Strike","Combust"],"picked":"Shrug It Off","floor":3},{"not_picked":["Burning Pact","Hemokinesis"],"picked":"Seeing Red","floor":11},{"not_picked":["Clothesline","Thunderclap"],"picked":"Anger","floor":12},{"not_picked":["Clothesline","Headbutt"],"picked":"Inflame","floor":13},{"not_picked":["Feed","Bludgeon"],"picked":"Double Tap","floor":16},{"not_picked":["Rupture+1","Fire Breathing"],"picked":"Whirlwind","floor":18},{"not_picked":["Perfected Strike+1","Dropkick"],"picked":"Flex+1","floor":19},{"not_picked":["Clash","Cleave+1"],"picked":"Infernal Blade","floor":22}],"player_experience":15171,"relics_obtained":[{"floor":9,"key":"Orichalcum"},{"floor":11,"key":"PreservedInsect"},{"floor":26,"key":"Bag of Marbles"}],"event_choices":[{"damage_healed":0,"gold_gain":275,"player_choice":"Desecrate","damage_taken":0,"max_hp_gain":0,"max_hp_loss":0,"event_name":"Golden Shrine","floor":2,"gold_loss":0,"cards_obtained":["Regret"]},{"damage_healed":0,"gold_gain":0,"player_choice":"Ignored","damage_taken":0,"max_hp_gain":0,"max_hp_loss":0,"event_name":"Golden Wing","floor":5,"gold_loss":0},{"damage_healed":0,"gold_gain":0,"player_choice":"Entered Light","damage_taken":16,"max_hp_gain":0,"max_hp_loss":0,"event_name":"Shining Light","floor":7,"gold_loss":0,"cards_upgraded":["Defend_R","Juggernaut"]},{"damage_healed":0,"gold_gain":0,"player_choice":"Inject Mutagens","damage_taken":0,"relics_obtained":["MutagenicStrength"],"max_hp_gain":0,"max_hp_loss":0,"event_name":"Drug Dealer","floor":20,"gold_loss":0},{"damage_healed":26,"gold_gain":0,"player_choice":"Heal","damage_taken":0,"max_hp_gain":0,"max_hp_loss":0,"event_name":"The Library","floor":21,"gold_loss":0},{"damage_healed":0,"gold_gain":0,"player_choice":"Simplicity","damage_taken":0,"max_hp_gain":0,"max_hp_loss":0,"event_name":"Back to Basics","floor":25,"gold_loss":0,"cards_upgraded":["Strike_R","Strike_R","Strike_R","Strike_R","Strike_R","Defend_R","Defend_R","Defend_R"]}],"is_beta":true,"boss_relics":[{"not_picked":["Velvet Choker","Runic Pyramid"],"picked":"Black Star"}],"items_purged_floors":[4],"is_endless":false,"potions_floor_spawned":[1,11,13,16,18],"killed_by":"Shelled Parasite and Fungi","ascension_level":0}