{"gold_per_floor":[110,120,44,119,137,137,149,149,203,237,237,254,254,265,265,339,339,352,352,7,19,19,19,30,30,30,50,50,50,50,70,70,145,145,155,155,165,165,183,212,212,50,77,377,395,395,430,450,450,450,450],"floor_reached":52,"playtime":2659,"items_purged":[],"score":1924,"play_id":"6da8199d-0daf-4fd8-a221-d0a5a3448b4f","local_time":"20181206210825","is_ascension_mode":true,"campfire_choices":[{"data":"Genetic Algorithm","floor":6.0,"key":"SMITH"},{"data":"Zap","floor":11.0,"key":"SMITH"},{"data":"Dualcast","floor":13.0,"key":"SMITH"},{"data":"Beam Cell","floor":15.0,"key":"SMITH"},{"data":"Apotheosis","floor":23.0,"key":"SMITH"},{"floor":28.0,"key":"RECALL"},{"data":"RitualDagger","floor":30.0,"key":"SMITH"},{"data":"Consume","floor":32.0,"key":"SMITH"},{"data":"Coolheaded","floor":41.0,"key":"SMITH"},{"data":"Rainbow","floor":46.0,"key":"SMITH"},{"data":"Go for the Eyes","floor":49.0,"key":"SMITH"}],"neow_cost":"NONE","seed_source_timestamp":624923374651,"circlet_count":0,"master_deck":["AscendersBane","Defend_B","Defend_B","Defend_B","Defend_B","Zap+1","Dualcast+1","Self Repair","Ball Lightning","Genetic Algorithm+1","Cold Snap","Electrodynamics","Beam Cell+1","All For One","Capacitor+1","RitualDagger+1","FTL","Apotheosis+1","Finesse","Consume+1","Leap","Redo+1","Go for the Eyes+1","Biased Cognition","Steam+1","Violence","Panache","Coolheaded+1","BootSequence+1","Rainbow+1","Reprogram","Stack"],"special_seed":0,"relics":["Cracked Core","Bag of Preparation","Ancient Tea Set","Coffee Dripper","Meat on the Bone","Empty Cage","Matryoshka","DataDisk","Pantograph","Oddly Smooth Stone","Anchor"],"potions_floor_usage":[],"damage_taken":[{"damage":7.0,"enemies":"Small Slimes","floor":1.0,"turns":3.0},{"damage":7.0,"enemies":"2 Louse","floor":2.0,"turns":3.0},{"damage":0.0,"enemies":"Cultist","floor":5.0,"turns":3.0},{"damage":9.0,"enemies":"Looter","floor":7.0,"turns":3.0},{"damage":21.0,"enemies":"3 Sentries","floor":10.0,"turns":6.0},{"damage":1.0,"enemies":"3 Louse","floor":12.0,"turns":3.0},{"damage":0.0,"enemies":"Large Slime","floor":14.0,"turns":3.0},{"damage":30.0,"enemies":"The Guardian","floor":16.0,"turns":9.0},{"damage":13.0,"enemies":"Shell Parasite","floor":18.0,"turns":4.0},{"damage":0.0,"enemies":"Chosen","floor":21.0,"turns":2.0},{"damage":12.0,"enemies":"Snake Plant","floor":24.0,"turns":3.0},{"damage":24.0,"enemies":"3 Cultists","floor":27.0,"turns":4.0},{"damage":19.0,"enemies":"Centurion and Healer","floor":31.0,"turns":3.0},{"damage":32.0,"enemies":"Automaton","floor":33.0,"turns":8.0},{"damage":0.0,"enemies":"Orb Walker","floor":35.0,"turns":4.0},{"damage":18.0,"enemies":"3 Darklings","floor":37.0,"turns":7.0},{"damage":0.0,"enemies":"Sphere and 2 Shapes","floor":39.0,"turns":2.0},{"damage":55.0,"enemies":"Giant Head","floor":40.0,"turns":11.0},{"damage":3.0,"enemies":"Writhing Mass","floor":45.0,"turns":4.0},{"damage":9.0,"enemies":"Nemesis","floor":47.0,"turns":7.0},{"damage":19.0,"enemies":"3 Darklings","floor":48.0,"turns":3.0},{"damage":43.0,"enemies":"Time Eater","floor":50.0,"turns":12.0},{"damage":63,"enemies":"Awakened One","floor":51,"turns":19}],"seed_played":"9049856710848194996","potions_obtained":[{"floor":1.0,"key":"Energy Potion"},{"floor":7.0,"key":"Block Potion"},{"floor":18.0,"key":"PowerPotion"},{"floor":24.0,"key":"EssenceOfSteel"},{"floor":33.0,"key":"PowerPotion"},{"floor":35.0,"key":"SkillPotion"},{"floor":45.0,"key":"EssenceOfSteel"}],"is_trial":false,"path_per_floor":["M","M","$","?","M","R","M","?","T","E","R","M","R","M","R","B",null,"M","?","$","M","$","R","M","?","T","M","R","?","R","M","R","B",null,"M","?","M","?","M","E","R","$","T","?","M","R","E","M","R","B","B",null],"character_chosen":"DEFECT","items_purchased":["Genetic Algorithm","FTL","Apotheosis","Finesse","DataDisk"],"campfire_rested":0,"item_purchase_floors":[3,20,20,20,42],"current_hp_per_floor":[57,57,57,46,53,53,51,51,51,37,37,43,43,50,50,27,60,54,48,48,48,48,48,46,46,46,41,41,41,41,34,34,21,59,59,49,50,71,71,38,38,38,38,38,47,47,45,45,45,49,20],"gold":450,"neow_bonus":"REMOVE_CARD","is_prod":false,"is_daily":false,"chose_seed":false,"campfire_upgraded":10,"win_rate":0,"timestamp":1544101705,"path_taken":["M","M","$","?","M","R","M","?","T","E","R","?","R","M","R","BOSS","M","?","$","M","$","R","M","?","T","M","R","?","R","M","R","BOSS","M","?","M","?","?","E","R","$","T","?","?","R","E","M","R","BOSS","BOSS"],"build_version":"2018-12-06","purchased_purges":0,"victory":true,"max_hp_per_floor":[71,71,71,71,71,71,71,71,71,71,71,71,71,71,71,71,71,71,71,71,71,71,71,71,71,71,71,71,71,71,71,71,71,71,71,71,71,71,71,71,71,71,71,71,71,71,71,71,71,71,71],"card_choices":[{"not_picked":["Redo","Conserve Battery"],"picked":"Self Repair","floor":1.0},{"not_picked":["Compile Driver","Sweeping Beam"],"picked":"Ball Lightning","floor":2.0},{"not_picked":["Steam","Turbo"],"picked":"Cold Snap","floor":5.0},{"not_picked":["Stack","Cold Snap"],"picked":"Hello World","floor":7.0},{"not_picked":["Aggregate","Hologram","Storm"],"picked":"SKIP","floor":10.0},{"not_picked":["Streamline","Go for the Eyes"],"picked":"Electrodynamics","floor":12.0},{"not_picked":["Loop","Go for the Eyes"],"picked":"Beam Cell","floor":14.0},{"not_picked":["Amplify","Thunder Strike"],"picked":"All For One","floor":16.0},{"not_picked":["Rebound","Steam"],"picked":"Capacitor+1","floor":18.0},{"not_picked":["Hello World","Fusion"],"picked":"Consume","floor":21.0},{"not_picked":["Turbo","Sweeping Beam"],"picked":"Leap","floor":24.0},{"not_picked":["Leap","Fusion"],"picked":"Redo+1","floor":27.0},{"not_picked":["Steam Power","Ball Lightning"],"picked":"Go for the Eyes","floor":31.0},{"not_picked":["Machine Learning","Reboot"],"picked":"Biased Cognition","floor":33.0},{"not_picked":["Aggregate","Beam Cell"],"picked":"Steam+1","floor":35.0},{"not_picked":["Magnetism","Mind Blast"],"picked":"Violence","floor":36.0},{"not_picked":["Deep Breath","Metamorphosis"],"picked":"Panache","floor":36.0},{"not_picked":["Gash","Leap"],"picked":"Coolheaded","floor":37.0},{"not_picked":["Beam Cell+1","Streamline"],"picked":"BootSequence+1","floor":39.0},{"not_picked":["Capacitor","Steam"],"picked":"Rainbow","floor":40.0},{"not_picked":["Skim","Gash"],"picked":"Reprogram","floor":45.0},{"not_picked":["Beam Cell","Sweeping Beam","Barrage"],"picked":"SKIP","floor":47.0},{"not_picked":["Hello World","Genetic Algorithm"],"picked":"Stack","floor":48.0}],"player_experience":591816,"relics_obtained":[{"floor":9.0,"key":"Bag of Preparation"},{"floor":10.0,"key":"Ancient Tea Set"},{"floor":26.0,"key":"Meat on the Bone"},{"floor":40.0,"key":"Matryoshka"},{"floor":43.0,"key":"Pantograph"},{"floor":43.0,"key":"Oddly Smooth Stone"},{"floor":47.0,"key":"Anchor"}],"event_choices":[{"damage_healed":0.0,"max_hp_gain":0.0,"max_hp_loss":0.0,"gold_gain":75.0,"event_name":"World of Goop","player_choice":"Gather Gold","floor":4.0,"gold_loss":0.0,"damage_taken":11.0},{"cards_removed":["Strike_B"],"damage_healed":0.0,"max_hp_gain":0.0,"max_hp_loss":0.0,"gold_gain":0.0,"event_name":"Purifier","player_choice":"Purged","floor":8.0,"gold_loss":0.0,"damage_taken":0.0},{"damage_healed":0.0,"max_hp_gain":0.0,"max_hp_loss":0.0,"gold_gain":0.0,"event_name":"Nest","player_choice":"Joined the Cult","floor":19.0,"gold_loss":0.0,"damage_taken":6.0,"cards_obtained":["RitualDagger"]},{"damage_healed":0.0,"max_hp_gain":0.0,"max_hp_loss":0.0,"gold_gain":0.0,"event_name":"The Mausoleum","player_choice":"Ignored","floor":29.0,"gold_loss":0.0,"damage_taken":0.0},{"damage_healed":0.0,"max_hp_gain":0.0,"max_hp_loss":0.0,"gold_gain":0.0,"event_name":"SensoryStone","player_choice":"Memory 3","floor":36.0,"gold_loss":0.0,"damage_taken":10.0},{"cards_removed":["Hello World"],"damage_healed":21.0,"max_hp_gain":0.0,"max_hp_loss":0.0,"gold_gain":0.0,"event_name":"Bonfire Elementals","player_choice":"Offered Uncommon","floor":38.0,"gold_loss":0.0,"damage_taken":0.0},{"damage_healed":0.0,"max_hp_gain":0.0,"max_hp_loss":0.0,"gold_gain":300.0,"event_name":"Wheel of Change","player_choice":"Gold","floor":44.0,"gold_loss":0.0,"damage_taken":0.0}],"is_beta":true,"boss_relics":[{"not_picked":["Ectoplasm","Fusion Hammer"],"picked":"Coffee Dripper"},{"not_picked":["Philosopher\u0027s Stone","Velvet Choker"],"picked":"Empty Cage"}],"items_purged_floors":[],"is_endless":false,"potions_floor_spawned":[1,7,10,18,21,24,33,35,37,39,45],"ascension_level":20}