{"gold_per_floor":[111,125,11,86,236,236,261,276,276,276,276,306,306],"floor_reached":13,"playtime":276,"items_purged":[],"score":182,"play_id":"be998f98-d9f6-4f52-83a9-96146e119f56","local_time":"20180922150620","is_ascension_mode":true,"campfire_choices":[{"data":"Hyperbeam","floor":6,"key":"SMITH"},{"data":"Beam Cell","floor":10,"key":"SMITH"}],"neow_cost":"NONE","seed_source_timestamp":3077517838786,"circlet_count":0,"master_deck":["Strike_B","Strike_B","Strike_B","Strike_B","Defend_B","Defend_B","Defend_B","Defend_B","Zap","Dualcast","AscendersBane","Hyperbeam+1","Streamline","Double Energy","Beam Cell+1","Doubt","Sunder","Stack","Steam"],"special_seed":0,"relics":["Cracked Core","Cables","Darkstone Periapt","Symbiotic Virus","Ancient Tea Set"],"potions_floor_usage":[7,7,12],"damage_taken":[{"damage":9.0,"enemies":"Jaw Worm","floor":1.0,"turns":3.0},{"damage":5.0,"enemies":"2 Louse","floor":2.0,"turns":3.0},{"damage":13,"enemies":"Lagavulin","floor":7,"turns":4},{"damage":6,"enemies":"Cultist","floor":8,"turns":3},{"damage":24,"enemies":"3 Sentries","floor":12,"turns":6}],"seed_played":"545937334566189915","potions_obtained":[{"floor":1.0,"key":"Strength Potion"},{"floor":2.0,"key":"Regen Potion"},{"floor":7,"key":"SkillPotion"},{"floor":8,"key":"PowerPotion"}],"is_trial":false,"path_per_floor":["M","M","$","?","?","R","E","M","T","R","T","E"],"character_chosen":"DEFECT","items_purchased":["Beam Cell","Block Potion"],"campfire_rested":0,"item_purchase_floors":[3,3],"current_hp_per_floor":[55,50,50,39,39,39,38,32,32,32,32,8,0],"gold":306,"neow_bonus":"ONE_RANDOM_RARE_CARD","is_prod":false,"is_daily":false,"chose_seed":false,"campfire_upgraded":2,"win_rate":0,"timestamp":1537599980,"path_taken":["M","M","$","?","?","R","E","M","T","R","?","E","?"],"build_version":"2018-09-20","purchased_purges":0,"victory":false,"max_hp_per_floor":[71,71,71,71,71,71,71,71,71,71,71,71,71],"card_choices":[{"not_picked":["Loop","Storm"],"picked":"Streamline","floor":1.0},{"not_picked":["Skim","Conserve Battery"],"picked":"Double Energy","floor":2.0},{"not_picked":["Beam Cell","Steam Power"],"picked":"Sunder","floor":7},{"not_picked":["Hologram","Steam"],"picked":"Stack","floor":8},{"not_picked":["Loop","Beam Cell"],"picked":"Steam","floor":12}],"player_experience":376287,"relics_obtained":[{"floor":7,"key":"Cables"},{"floor":9,"key":"Darkstone Periapt"},{"floor":11,"key":"Symbiotic Virus"},{"floor":12,"key":"Ancient Tea Set"}],"event_choices":[{"event_name":"World of Goop","player_choice":"Gather Gold","floor":4,"damage_taken":0},{"event_name":"Liars Game","player_choice":"agreed","floor":5,"damage_taken":0}],"is_beta":true,"boss_relics":[],"items_purged_floors":[],"is_endless":false,"potions_floor_spawned":[1,2,7,8],"ascension_level":20}