{"gold_per_floor":[209,209,222,222,222,222,232,232,232,232,232,249,263,296,296,370,370,370,47,47,47,47,47,47,47,47,47,47,47],"floor_reached":29,"playtime":5511,"items_purged":["Strike_B"],"score":522,"play_id":"e78c6bc3-e1a8-4fcf-8cb5-2b4b53c71095","local_time":"20190124204028","is_ascension_mode":true,"campfire_choices":[{"data":"Dualcast","floor":6.0,"key":"SMITH"},{"data":"Doom and Gloom","floor":8.0,"key":"SMITH"},{"data":"Defend_B","floor":11.0,"key":"SMITH"},{"data":"Redo","floor":15.0,"key":"SMITH"},{"data":"Defragment","floor":25.0,"key":"SMITH"},{"data":"Hologram","floor":28.0,"key":"SMITH"}],"neow_cost":"NONE","seed_source_timestamp":7730137051946,"circlet_count":0,"master_deck":["AscendersBane","Strike_B","Strike_B","Defend_B","Defend_B","Defend_B","Defend_B+1","Zap+1","Dualcast+1","Self Repair+1","Doom and Gloom+1","Sunder","Leap","Redo+1","Echo Form","Hologram+1","Defragment+1","Reboot","Creative AI"],"special_seed":0,"relics":["Cracked Core","Shuriken","Ancient Tea Set","Ectoplasm","DataDisk","Bag of Marbles","Juzu Bracelet","Oddly Smooth Stone"],"potions_floor_usage":[],"damage_taken":[{"damage":4.0,"enemies":"Small Slimes","floor":1.0,"turns":3.0},{"damage":4.0,"enemies":"2 Louse","floor":3.0,"turns":2.0},{"damage":0.0,"enemies":"Cultist","floor":7.0,"turns":3.0},{"damage":3.0,"enemies":"Blue Slaver","floor":12.0,"turns":3.0},{"damage":1.0,"enemies":"2 Fungi Beasts","floor":13.0,"turns":3.0},{"damage":15.0,"enemies":"3 Sentries","floor":14.0,"turns":5.0},{"damage":33.0,"enemies":"Slime Boss","floor":16.0,"turns":6.0},{"damage":38.0,"enemies":"Shell Parasite","floor":18.0,"turns":6.0},{"damage":13.0,"enemies":"theJungle:MUSHROOMGANG","floor":20.0,"turns":4.0},{"damage":26.0,"enemies":"theJungle:Cassacara","floor":23.0,"turns":5.0},{"damage":11.0,"enemies":"theJungle:SlimyTreeVines","floor":24.0,"turns":7.0},{"damage":11.0,"enemies":"theJungle:MamaSnecko","floor":27.0,"turns":6.0},{"damage":28,"enemies":"theJungle:2_Snecko_Cultists","floor":29,"turns":2}],"seed_played":"-7695236587249886433","potions_obtained":[{"floor":7.0,"key":"Weak Potion"},{"floor":12.0,"key":"Weak Potion"},{"floor":20.0,"key":"Explosive Potion"}],"is_trial":false,"path_per_floor":["M","?","M","?","?","R","M","R","T","?","R","M","M","E","R","B",null,"M","$","M","?","$","E","M","R","T","E","R","M"],"character_chosen":"DEFECT","items_purchased":["DataDisk","Defragment"],"campfire_rested":0,"item_purchase_floors":[19,19],"current_hp_per_floor":[60,65,61,61,54,54,61,61,61,61,61,68,76,71,71,48,69,51,51,48,48,48,22,27,27,27,16,16,0],"gold":47,"neow_bonus":"HUNDRED_GOLD","is_prod":false,"is_daily":false,"chose_seed":false,"campfire_upgraded":6,"win_rate":0,"timestamp":1548333628,"path_taken":["M","?","M","?","?","R","M","R","T","?","R","M","M","E","R","BOSS","M","$","?","?","$","E","M","R","T","E","R","M"],"build_version":"2019-01-23","purchased_purges":1,"victory":false,"max_hp_per_floor":[71,76,76,76,76,76,76,76,76,76,76,76,76,76,76,76,76,76,76,76,76,76,76,76,76,76,76,76,76],"card_choices":[{"not_picked":["Barrage","Static Discharge","Turbo"],"picked":"SKIP","floor":1.0},{"not_picked":["Cold Snap","Consume"],"picked":"Self Repair","floor":3.0},{"not_picked":["Redo","Turbo"],"picked":"Doom and Gloom","floor":7.0},{"not_picked":["Stack","Tempest"],"picked":"Sunder","floor":12.0},{"not_picked":["Gash","Coolheaded"],"picked":"Leap","floor":13.0},{"not_picked":["Machine Learning","Static Discharge"],"picked":"Redo","floor":14.0},{"not_picked":["Amplify","Machine Learning"],"picked":"Echo Form","floor":16.0},{"not_picked":["Rebound","Hologram","Leap"],"picked":"SKIP","floor":18.0},{"not_picked":["Rebound","Leap"],"picked":"Hologram","floor":18.0},{"not_picked":["Leap","Reinforced Body"],"picked":"Reboot","floor":20.0},{"not_picked":["Go for the Eyes","Conserve Battery"],"picked":"Creative AI","floor":23.0},{"not_picked":["Lockon+1","Cold Snap","Fusion"],"picked":"SKIP","floor":24.0},{"not_picked":["Storm","FTL","Turbo"],"picked":"SKIP","floor":27.0}],"player_experience":689353,"relics_obtained":[{"floor":9.0,"key":"Shuriken"},{"floor":14.0,"key":"Ancient Tea Set"},{"floor":23.0,"key":"Bag of Marbles"},{"floor":26.0,"key":"Juzu Bracelet"},{"floor":27.0,"key":"Oddly Smooth Stone"}],"event_choices":[{"damage_healed":0.0,"max_hp_gain":5.0,"max_hp_loss":0.0,"gold_gain":0.0,"event_name":"Big Fish","player_choice":"Donut","floor":2.0,"gold_loss":0.0,"damage_taken":0.0},{"damage_healed":0.0,"max_hp_gain":0.0,"max_hp_loss":0.0,"gold_gain":0.0,"event_name":"Living Wall","player_choice":"Grow","floor":4.0,"gold_loss":0.0,"damage_taken":0.0,"cards_upgraded":["Zap"]},{"cards_removed":["Strike_B"],"damage_healed":0.0,"max_hp_gain":0.0,"max_hp_loss":0.0,"gold_gain":0.0,"event_name":"Golden Wing","player_choice":"Card Removal","floor":5.0,"gold_loss":0.0,"damage_taken":7.0},{"damage_healed":0.0,"max_hp_gain":0.0,"max_hp_loss":0.0,"gold_gain":0.0,"event_name":"Upgrade Shrine","player_choice":"Upgraded","floor":10.0,"gold_loss":0.0,"damage_taken":0.0,"cards_upgraded":["Self Repair"]}],"is_beta":true,"boss_relics":[{"not_picked":["Sozu","Runic Dome"],"picked":"Ectoplasm"}],"items_purged_floors":[19],"is_endless":false,"potions_floor_spawned":[7,12,16,20,24,27],"killed_by":"theJungle:2_Snecko_Cultists","ascension_level":20}