{"gold_per_floor":[117,130,100,111,131,101,131,131,131,131],"floor_reached":10,"playtime":630,"items_purged":[],"score":68,"play_id":"ccb53dfc-91b1-45e4-8892-321e37589fbe","local_time":"20190809152402","is_ascension_mode":false,"campfire_choices":[{"floor":8,"key":"REST"}],"neow_cost":"NONE","seed_source_timestamp":1557649257498700,"circlet_count":0,"master_deck":["Strike_R","Strike_R","Strike_R","Strike_R","Strike_R","Defend_R","Defend_R","Defend_R","Defend_R","Bash","Body Slam","Feel No Pain","True Grit","Dropkick","Thunderclap"],"relics":["Burning Blood","Boot","Bag of Preparation"],"potions_floor_usage":[],"damage_taken":[{"damage":0,"enemies":"2 Louse","floor":1,"turns":5},{"damage":22,"enemies":"Cultist","floor":2,"turns":7},{"damage":1,"enemies":"Jaw Worm","floor":4,"turns":5},{"damage":6,"enemies":"Exordium Wildlife","floor":5,"turns":6},{"damage":0,"enemies":"Looter","floor":6,"turns":4},{"damage":60,"enemies":"Gremlin Nob","floor":7,"turns":6},{"damage":55,"enemies":"Lagavulin","floor":10,"turns":8}],"seed_played":"-2550560503009476338","potions_obtained":[{"floor":2,"key":"Swift Potion"},{"floor":3,"key":"Swift Potion"},{"floor":3,"key":"SpeedPotion"}],"is_trial":false,"path_per_floor":["M","M","?","M","M","M","E","R","T","E"],"character_chosen":"IRONCLAD","items_purchased":[],"campfire_rested":1,"item_purchase_floors":[],"current_hp_per_floor":[80,64,64,69,69,75,21,45,45,0],"gold":131,"neow_bonus":"RANDOM_COMMON_RELIC","is_prod":false,"is_daily":false,"chose_seed":false,"campfire_upgraded":0,"win_rate":0.0,"timestamp":1565357042,"path_taken":["M","M","?","M","M","M","E","R","T","E"],"build_version":"2019-07-17","purchased_purges":0,"victory":false,"max_hp_per_floor":[80,80,80,80,80,80,80,80,80,80],"card_choices":[{"not_picked":["Wild Strike","Ghostly Armor","Rage"],"picked":"SKIP","floor":1},{"not_picked":["Sever Soul","Twin Strike"],"picked":"Body Slam","floor":2},{"not_picked":["Flex","Havoc"],"picked":"Feel No Pain","floor":4},{"not_picked":["Shockwave","Thunderclap"],"picked":"True Grit","floor":5},{"not_picked":["Power Through","Heavy Blade"],"picked":"Dropkick","floor":6},{"not_picked":["Sword Boomerang","Hemokinesis"],"picked":"Thunderclap","floor":7}],"player_experience":348869,"relics_obtained":[{"floor":7,"key":"Bag of Preparation"}],"event_choices":[{"damage_healed":0,"gold_gain":0,"player_choice":"Bought 2 Potions","damage_taken":0,"max_hp_gain":0,"max_hp_loss":0,"event_name":"The Woman in Blue","floor":3,"gold_loss":0}],"is_beta":false,"boss_relics":[],"items_purged_floors":[],"is_endless":false,"potions_floor_spawned":[2],"killed_by":"Lagavulin","ascension_level":0}