{"gold_per_floor":[118,128,128,1,1,1,36,36,36,57,97,115,115,148,148,244,244,260,260,279,300,313,313,23,43,69,84,99,99,99],"floor_reached":30,"playtime":1813,"items_purged":["Strike_G","Strike_G"],"score":554,"play_id":"8b06ff50-438c-4c7b-bfae-272c7e73ddd8","local_time":"20181125114608","is_ascension_mode":true,"campfire_choices":[{"data":"Terror","floor":6.0,"key":"SMITH"},{"data":"Tools of the Trade","floor":8.0,"key":"SMITH"},{"data":"Phantasmal Killer","floor":13.0,"key":"SMITH"},{"data":"Cloak And Dagger","floor":15.0,"key":"SMITH"},{"data":"A Thousand Cuts","floor":23.0,"key":"SMITH"}],"neow_cost":"NONE","seed_source_timestamp":0,"circlet_count":0,"master_deck":["AscendersBane","Defend_G+1","Defend_G","Defend_G","Defend_G","Defend_G","Strike_G","Strike_G","Strike_G","Survivor","Neutralize+1","Terror+1","Backflip+1","Tools of the Trade+1","Dagger Spray","Phantasmal Killer+1","Footwork","Cloak And Dagger+1","A Thousand Cuts+1","Blur","Blade Dance","Accuracy"],"special_seed":0,"relics":["Ring of the Snake","NeowsBlessing","Golden Idol","The Courier","Lantern","Kunai","War Paint","Philosopher\u0027s Stone","Paper Crane","Ancient Tea Set"],"potions_floor_usage":[30],"damage_taken":[{"damage":0.0,"enemies":"Jaw Worm","floor":1.0,"turns":1.0},{"damage":0.0,"enemies":"2 Louse","floor":2.0,"turns":1.0},{"damage":0.0,"enemies":"Gremlin Nob","floor":7.0,"turns":1.0},{"damage":0.0,"enemies":"Cultist","floor":10.0,"turns":3.0},{"damage":17.0,"enemies":"3 Sentries","floor":11.0,"turns":7.0},{"damage":10.0,"enemies":"Red Slaver","floor":12.0,"turns":2.0},{"damage":10.0,"enemies":"Lagavulin","floor":14.0,"turns":5.0},{"damage":6.0,"enemies":"Slime Boss","floor":16.0,"turns":7.0},{"damage":0.0,"enemies":"Spheric Guardian","floor":18.0,"turns":6.0},{"damage":0.0,"enemies":"Chosen","floor":20.0,"turns":4.0},{"damage":18.0,"enemies":"Sentry and Sphere","floor":21.0,"turns":10.0},{"damage":0.0,"enemies":"Centurion and Healer","floor":22.0,"turns":6.0},{"damage":7.0,"enemies":"Snake Plant","floor":25.0,"turns":4.0},{"damage":11.0,"enemies":"Shelled Parasite and Fungi","floor":27.0,"turns":7.0},{"damage":9.0,"enemies":"Centurion and Healer","floor":28.0,"turns":4.0},{"damage":10,"enemies":"Sentry and Sphere","floor":30,"turns":3}],"seed_played":"2803040607359726374","potions_obtained":[{"floor":7.0,"key":"AttackPotion"},{"floor":10.0,"key":"Dexterity Potion"},{"floor":11.0,"key":"SteroidPotion"},{"floor":14.0,"key":"SkillPotion"},{"floor":18.0,"key":"Dexterity Potion"},{"floor":20.0,"key":"SteroidPotion"},{"floor":28.0,"key":"Fire Potion"}],"is_trial":false,"path_per_floor":["M","M","?","$","?","R","E","R","T","M","E","M","R","E","R","B",null,"M","?","M","M","M","R","$","M","T","M","M","$","M"],"character_chosen":"THE_SILENT","items_purchased":["Backflip","Paper Crane"],"campfire_rested":0,"item_purchase_floors":[4,24],"current_hp_per_floor":[59,59,59,59,59,59,59,59,59,59,42,32,32,22,22,16,49,49,49,49,31,31,31,31,24,24,13,4,4,0],"gold":99,"neow_bonus":"THREE_ENEMY_KILL","is_prod":false,"is_daily":false,"chose_seed":false,"campfire_upgraded":5,"win_rate":0,"timestamp":1543117568,"path_taken":["M","M","?","$","?","R","E","R","T","M","E","M","R","E","R","BOSS","M","?","?","M","M","R","$","M","T","M","M","?","M"],"build_version":"2018-11-15","purchased_purges":2,"victory":false,"max_hp_per_floor":[66,66,60,60,60,60,60,60,60,60,60,60,60,60,60,60,60,60,60,60,60,60,60,60,60,60,60,60,60,60],"card_choices":[{"not_picked":["Outmaneuver","PiercingWail","Dagger Throw"],"picked":"SKIP","floor":1.0},{"not_picked":["Poisoned Stab","Flechettes"],"picked":"Terror","floor":2.0},{"not_picked":["Deflect","Dodge and Roll"],"picked":"Tools of the Trade","floor":7.0},{"not_picked":["Outmaneuver","Deadly Poison"],"picked":"Dagger Spray","floor":10.0},{"not_picked":["Dagger Spray","Terror"],"picked":"Phantasmal Killer","floor":11.0},{"not_picked":["Deadly Poison","Backflip"],"picked":"Footwork","floor":12.0},{"not_picked":["Flying Knee","Footwork"],"picked":"Cloak And Dagger","floor":14.0},{"not_picked":["Die Die Die","Night Terror"],"picked":"A Thousand Cuts","floor":16.0},{"not_picked":["Flying Knee","Prepared"],"picked":"Blur","floor":18.0},{"not_picked":["Dash","Distraction","Predator"],"picked":"SKIP","floor":20.0},{"not_picked":["Quick Slash","Backflip","Poisoned Stab"],"picked":"SKIP","floor":21.0},{"not_picked":["Slice","Prepared","Dodge and Roll"],"picked":"SKIP","floor":22.0},{"not_picked":["Setup","PiercingWail"],"picked":"Blade Dance","floor":25.0},{"not_picked":["Flechettes+1","Deflect","Eviscerate"],"picked":"SKIP","floor":27.0},{"not_picked":["Endless Agony","Caltrops"],"picked":"Accuracy","floor":28.0}],"player_experience":564578,"relics_obtained":[{"floor":7.0,"key":"The Courier"},{"floor":9.0,"key":"Lantern"},{"floor":11.0,"key":"Kunai"},{"floor":14.0,"key":"War Paint"},{"floor":26.0,"key":"Ancient Tea Set"}],"event_choices":[{"damage_healed":0.0,"max_hp_gain":0.0,"max_hp_loss":6.0,"gold_gain":0.0,"event_name":"Golden Idol","player_choice":"Lose Max HP","floor":3.0,"gold_loss":0.0,"damage_taken":0.0,"relics_obtained":["Golden Idol"]},{"damage_healed":0.0,"max_hp_gain":0.0,"max_hp_loss":0.0,"gold_gain":0.0,"event_name":"Living Wall","player_choice":"Grow","floor":5.0,"gold_loss":0.0,"damage_taken":0.0,"cards_upgraded":["Neutralize"]},{"damage_healed":0.0,"max_hp_gain":0.0,"max_hp_loss":0.0,"gold_gain":0.0,"event_name":"N\u0027loth","player_choice":"Ignored","floor":19.0,"gold_loss":0.0,"damage_taken":0.0}],"is_beta":true,"boss_relics":[{"not_picked":["Eternal Feather","Coffee Dripper"],"picked":"Philosopher\u0027s Stone"}],"items_purged_floors":[4,24],"is_endless":false,"potions_floor_spawned":[7,10,11,14,18,20,22,28],"killed_by":"Sentry and Sphere","ascension_level":20}