{"gold_per_floor":[116,131,150,150,166,166,166,166,166,166,181,225,225,245,245,340,340,355,373,373,229,253,253,274,274,356,377,377,398,398,434,434,434],"floor_reached":33,"playtime":1111,"items_purged":["Strike_B"],"score":471,"play_id":"2b4d443c-c1fd-457f-8742-a0eb02fda25a","local_time":"20190222193310","is_ascension_mode":true,"campfire_choices":[{"data":"Hologram","floor":6.0,"key":"SMITH"},{"floor":8.0,"key":"REST"},{"data":"Dualcast","floor":10.0,"key":"SMITH"},{"data":"Coolheaded","floor":15.0,"key":"SMITH"},{"data":"Defragment","floor":23.0,"key":"SMITH"},{"data":"Defragment","floor":28,"key":"SMITH"},{"floor":32,"key":"REST"}],"neow_cost":"NONE","seed_source_timestamp":1623432991039,"circlet_count":0,"master_deck":["AscendersBane","Strike_B","Strike_B+1","Strike_B","Defend_B","Defend_B","Defend_B","Defend_B","Zap+1","Dualcast+1","Hologram+1","Melter+1","Undo","Hyperbeam","Doom and Gloom+1","Coolheaded+1","All For One+1","Leap+1","Defragment+1","Multi-Cast","Beam Cell+1","Defragment+1","Sunder+1","Electrodynamics"],"special_seed":0,"relics":["Cracked Core","Golden Idol","Gremlin Horn","Molten Egg 2","Snecko Eye","Question Card"],"potions_floor_usage":[31],"damage_taken":[{"damage":1.0,"enemies":"Cultist","floor":1.0,"turns":3.0},{"damage":6.0,"enemies":"Jaw Worm","floor":2.0,"turns":4.0},{"damage":0.0,"enemies":"2 Louse","floor":3.0,"turns":3.0},{"damage":13.0,"enemies":"Exordium Wildlife","floor":5.0,"turns":4.0},{"damage":2.0,"enemies":"Lots of Slimes","floor":11.0,"turns":3.0},{"damage":17.0,"enemies":"Lagavulin","floor":12.0,"turns":5.0},{"damage":5.0,"enemies":"Exordium Thugs","floor":14.0,"turns":4.0},{"damage":15.0,"enemies":"Hexaghost","floor":16.0,"turns":9.0},{"damage":2.0,"enemies":"3 Byrds","floor":18.0,"turns":2.0},{"damage":0.0,"enemies":"Chosen","floor":19.0,"turns":1.0},{"damage":18.0,"enemies":"Centurion and Healer","floor":22.0,"turns":3.0},{"damage":0.0,"enemies":"Sentry and Sphere","floor":24.0,"turns":2.0},{"damage":10.0,"enemies":"Colosseum Slavers","floor":25.0,"turns":2.0},{"damage":2,"enemies":"Shelled Parasite and Fungi","floor":27,"turns":3},{"damage":1,"enemies":"Snecko","floor":29,"turns":3},{"damage":36,"enemies":"Book of Stabbing","floor":31,"turns":5},{"damage":73,"enemies":"Automaton","floor":33,"turns":6}],"seed_played":"7286877863248817419","potions_obtained":[{"floor":1.0,"key":"SkillPotion"},{"floor":11.0,"key":"Block Potion"},{"floor":31,"key":"Regen Potion"}],"is_trial":false,"path_per_floor":["M","M","M","?","M","R","?","R","T","R","M","E","?","M","R","B",null,"M","M","?","$","M","R","M","?","T","M","R","M","?","E","R","B"],"character_chosen":"DEFECT","items_purchased":["Defragment"],"campfire_rested":2,"item_purchase_floors":[21],"current_hp_per_floor":[63,57,57,36,23,23,23,42,42,42,40,23,44,39,39,24,54,52,52,57,57,39,39,39,29,29,27,27,26,39,3,22,0],"gold":434,"neow_bonus":"UPGRADE_CARD","is_prod":false,"is_daily":false,"chose_seed":false,"campfire_upgraded":5,"win_rate":0,"timestamp":1550835190,"path_taken":["M","M","M","?","M","R","?","R","T","R","M","E","?","M","R","BOSS","M","M","?","$","M","R","?","?","T","M","R","M","?","E","R","BOSS"],"build_version":"2019-02-06","purchased_purges":1,"victory":false,"max_hp_per_floor":[71,71,71,71,71,71,64,64,64,64,64,64,64,64,64,64,64,64,64,64,64,64,64,64,64,64,64,64,64,64,64,64,64],"card_choices":[{"not_picked":["Leap","Steam"],"picked":"Hologram","floor":1.0},{"not_picked":["Steam","Redo","Hologram"],"picked":"SKIP","floor":2.0},{"not_picked":["Gash","Stack"],"picked":"Melter","floor":3.0},{"not_picked":["Cold Snap","Fusion"],"picked":"Undo","floor":5.0},{"not_picked":["Hologram","Streamline"],"picked":"Hyperbeam","floor":11.0},{"not_picked":["Gash","Darkness"],"picked":"Doom and Gloom","floor":12.0},{"not_picked":["Go for the Eyes+1","Heatsinks"],"picked":"Coolheaded","floor":14.0},{"not_picked":["Echo Form","Electrodynamics"],"picked":"All For One+1","floor":16.0},{"not_picked":["Conserve Battery","Ball Lightning+1"],"picked":"Go for the Eyes+1","floor":18.0},{"not_picked":["Fusion","Barrage+1"],"picked":"Leap+1","floor":19.0},{"not_picked":["Stack","Conserve Battery+1"],"picked":"Multi-Cast","floor":22.0},{"not_picked":["Steam","Aggregate"],"picked":"Beam Cell+1","floor":24.0},{"not_picked":["Go for the Eyes+1","Ball Lightning+1"],"picked":"Defragment","floor":27},{"not_picked":["Melter+1","Gash+1"],"picked":"Sunder+1","floor":29},{"not_picked":["Self Repair","Compile Driver+1"],"picked":"Electrodynamics","floor":31}],"player_experience":804415,"relics_obtained":[{"floor":9.0,"key":"Gremlin Horn"},{"floor":12.0,"key":"Molten Egg 2"},{"floor":31,"key":"Question Card"}],"event_choices":[{"damage_healed":0.0,"max_hp_gain":0.0,"max_hp_loss":0.0,"gold_gain":0.0,"event_name":"Shining Light","player_choice":"Entered Light","floor":4.0,"gold_loss":0.0,"damage_taken":21.0,"cards_upgraded":["Melter","Strike_B"]},{"damage_healed":0.0,"max_hp_gain":0.0,"max_hp_loss":7.0,"gold_gain":0.0,"event_name":"Golden Idol","player_choice":"Lose Max HP","floor":7.0,"gold_loss":0.0,"damage_taken":0.0,"relics_obtained":["Golden Idol"]},{"damage_healed":21.0,"max_hp_gain":0.0,"max_hp_loss":0.0,"gold_gain":0.0,"event_name":"Big Fish","player_choice":"Banana","floor":13.0,"gold_loss":0.0,"damage_taken":0.0},{"cards_removed":["Go for the Eyes"],"damage_healed":5.0,"max_hp_gain":0.0,"max_hp_loss":0.0,"gold_gain":0.0,"event_name":"Bonfire Elementals","player_choice":"Offered Common","floor":20.0,"gold_loss":0.0,"damage_taken":0.0},{"cards_removed":["Go for the Eyes"],"damage_healed":5.0,"max_hp_gain":0.0,"max_hp_loss":0.0,"gold_gain":0.0,"event_name":"Bonfire Elementals","player_choice":"Offered Special","floor":20.0,"gold_loss":0.0,"damage_taken":0.0},{"damage_healed":0.0,"max_hp_gain":0.0,"max_hp_loss":0.0,"gold_gain":0.0,"event_name":"Colosseum","player_choice":"Fight","floor":25.0,"gold_loss":0.0,"damage_taken":0.0},{"damage_healed":0.0,"max_hp_gain":0.0,"max_hp_loss":0.0,"gold_gain":0.0,"event_name":"Colosseum","player_choice":"Fled From Nobs","floor":25.0,"gold_loss":0.0,"damage_taken":0.0},{"damage_healed":13,"gold_gain":0,"player_choice":"Heal","damage_taken":0,"max_hp_gain":0,"max_hp_loss":0,"event_name":"The Library","floor":30,"gold_loss":0}],"is_beta":true,"boss_relics":[{"not_picked":["Fusion Hammer","Eternal Feather"],"picked":"Snecko Eye"}],"items_purged_floors":[21],"is_endless":false,"potions_floor_spawned":[1,11,16,19,25,31],"killed_by":"Automaton","ascension_level":15}