{"gold_per_floor":[113,38,58,74,74,74,84,97,123,142,142,142,172,190,190,265,265,284,284,42,92,103,103,116,127,174,49,0,0,33,33,33,105,105,121,121,121,132,145,145,165,0,0,0,35,35,52,65,65,65],"floor_reached":51,"playtime":3840,"items_purged":["Defend_B"],"score":1136,"play_id":"57b81336-81e2-4811-9497-1e77602b2b95","local_time":"20190125171736","is_ascension_mode":true,"campfire_choices":[{"data":"Dualcast","floor":6.0,"key":"SMITH"},{"data":"Steam Power","floor":11.0,"key":"SMITH"},{"floor":15.0,"key":"REST"},{"data":"Apotheosis","floor":23.0,"key":"SMITH"},{"floor":32.0,"key":"REST"},{"floor":40.0,"key":"REST"},{"floor":46.0,"key":"REST"},{"floor":49.0,"key":"REST"}],"neow_cost":"NONE","seed_source_timestamp":0,"circlet_count":0,"master_deck":["AscendersBane","Defend_B","Defend_B","Defend_B","Zap+1","Dualcast+1","Rebound","Darkness+1","Cold Snap","Stack","Steam Power+1","Ball Lightning","Reboot","Defragment","Seek","Multi-Cast+1","Self Repair+1","Steam Power+1","Defragment","Reinforced Body","Apotheosis+1","Leap","Chill","Turbo","Undo","Redo","Auto Shields","Electrodynamics","Hologram","Chaos+1"],"special_seed":0,"relics":["Cracked Core","Oddly Smooth Stone","PreservedInsect","Bag of Marbles","Astrolabe","Dream Catcher","Strawberry","Runic Dome","Red Mask","Molten Egg 2","Mercury Hourglass"],"potions_floor_usage":[50],"damage_taken":[{"damage":1.0,"enemies":"Cultist","floor":1.0,"turns":4.0},{"damage":1.0,"enemies":"2 Louse","floor":3.0,"turns":2.0},{"damage":4.0,"enemies":"Small Slimes","floor":4.0,"turns":3.0},{"damage":5.0,"enemies":"2 Fungi Beasts","floor":7.0,"turns":3.0},{"damage":1.0,"enemies":"Looter","floor":8.0,"turns":3.0},{"damage":4.0,"enemies":"Large Slime","floor":10.0,"turns":4.0},{"damage":12.0,"enemies":"Lagavulin","floor":13.0,"turns":4.0},{"damage":8.0,"enemies":"3 Louse","floor":14.0,"turns":2.0},{"damage":6.0,"enemies":"Slime Boss","floor":16.0,"turns":5.0},{"damage":22.0,"enemies":"Shell Parasite","floor":18.0,"turns":5.0},{"damage":3.0,"enemies":"Spheric Guardian","floor":22.0,"turns":5.0},{"damage":0.0,"enemies":"Snecko","floor":24.0,"turns":5.0},{"damage":37.0,"enemies":"Shelled Parasite and Fungi","floor":25.0,"turns":5.0},{"damage":21.0,"enemies":"Colosseum Slavers","floor":29.0,"turns":7.0},{"damage":14.0,"enemies":"Book of Stabbing","floor":30.0,"turns":4.0},{"damage":49.0,"enemies":"Automaton","floor":33.0,"turns":13.0},{"damage":0.0,"enemies":"Orb Walker","floor":35.0,"turns":3.0},{"damage":0.0,"enemies":"3 Shapes","floor":38.0,"turns":2.0},{"damage":40.0,"enemies":"Transient","floor":39.0,"turns":5.0},{"damage":11.0,"enemies":"Writhing Mass","floor":41.0,"turns":6.0},{"damage":44.0,"enemies":"Reptomancer","floor":45.0,"turns":8.0},{"damage":0.0,"enemies":"4 Shapes","floor":47.0,"turns":2.0},{"damage":20.0,"enemies":"Jaw Worm Horde","floor":48.0,"turns":4.0},{"damage":17,"enemies":"Time Eater","floor":50,"turns":7}],"seed_played":"7520574050747873165","potions_obtained":[{"floor":4.0,"key":"Dexterity Potion"},{"floor":7.0,"key":"Energy Potion"},{"floor":30.0,"key":"Regen Potion"},{"floor":35.0,"key":"Regen Potion"},{"floor":38.0,"key":"Energy Potion"},{"floor":48.0,"key":"Dexterity Potion"}],"is_trial":false,"path_per_floor":["M","?","M","M","?","R","M","M","T","M","R","?","E","M","R","B",null,"M","?","$","?","M","R","M","M","T","$","?","?","E","?","R","B",null,"M","?","?","M","M","R","M","?","T","$","E","R","M","M","R","B",null],"character_chosen":"DEFECT","items_purchased":["Apotheosis","Leap","Redo"],"campfire_rested":5,"item_purchase_floors":[20,20,27],"current_hp_per_floor":[63,63,62,58,58,58,53,52,52,48,48,22,10,2,23,17,58,46,46,46,46,53,53,53,26,26,26,26,15,18,18,41,7,60,60,60,60,60,20,42,41,41,41,41,22,44,44,24,46,39],"gold":65,"neow_bonus":"UPGRADE_CARD","is_prod":false,"is_daily":false,"chose_seed":false,"campfire_upgraded":3,"win_rate":0,"timestamp":1548407856,"path_taken":["M","?","M","M","?","R","M","M","T","M","R","?","E","M","R","BOSS","M","?","$","?","M","R","M","M","T","$","?","?","E","?","R","BOSS","M","?","?","M","M","R","M","?","T","?","E","R","M","M","R","BOSS"],"build_version":"2019-01-23","purchased_purges":1,"victory":true,"max_hp_per_floor":[71,71,71,71,71,71,71,71,71,71,71,71,71,71,71,71,71,71,71,71,71,71,71,71,71,71,71,71,71,78,78,78,78,78,78,74,74,74,74,74,74,74,74,74,74,74,74,74,74,74],"card_choices":[{"not_picked":["Redo","Melter"],"picked":"Rebound","floor":1.0},{"not_picked":["Steam","Ball Lightning"],"picked":"Darkness","floor":3.0},{"not_picked":["Hologram","Coolheaded"],"picked":"Cold Snap","floor":4.0},{"not_picked":["Turbo","Beam Cell"],"picked":"Stack","floor":7.0},{"not_picked":["Stack","Hologram"],"picked":"Steam Power","floor":8.0},{"not_picked":["Conserve Battery","Streamline"],"picked":"Ball Lightning","floor":10.0},{"not_picked":["BootSequence","Redo"],"picked":"Reboot","floor":13.0},{"not_picked":["Go for the Eyes","Streamline"],"picked":"Defragment","floor":14.0},{"not_picked":["Fission","Machine Learning"],"picked":"Seek","floor":16.0},{"not_picked":["Force Field","Cold Snap"],"picked":"Defragment","floor":18.0},{"not_picked":["Cold Snap","Rebound"],"picked":"Chill","floor":22.0},{"not_picked":["Heatsinks","Compile Driver"],"picked":"Turbo","floor":24.0},{"not_picked":["Rebound","Aggregate+1"],"picked":"Undo","floor":25.0},{"not_picked":["Self Repair","Turbo"],"picked":"Auto Shields","floor":30.0},{"not_picked":["Rainbow","Core Surge"],"picked":"Electrodynamics","floor":33.0},{"not_picked":["Streamline","Cold Snap","Turbo+1"],"picked":"SKIP","floor":35.0},{"not_picked":["Turbo","Fusion"],"picked":"Hologram","floor":38.0},{"not_picked":["Steam+1","Barrage","Beam Cell"],"picked":"SKIP","floor":39.0},{"not_picked":["Go for the Eyes","Conserve Battery"],"picked":"Chaos+1","floor":40.0},{"not_picked":["Blizzard","Cold Snap","Static Discharge+1"],"picked":"SKIP","floor":41.0},{"not_picked":["White Noise","Storm+1","Rip and Tear+1"],"picked":"SKIP","floor":45.0},{"not_picked":["Melter+1","Cold Snap+1","Redo"],"picked":"SKIP","floor":47.0},{"not_picked":["Go for the Eyes+1","Meteor Strike+1","Hologram+1"],"picked":"SKIP","floor":48.0}],"player_experience":691984,"relics_obtained":[{"floor":9.0,"key":"Oddly Smooth Stone"},{"floor":13.0,"key":"Bag of Marbles"},{"floor":26.0,"key":"Dream Catcher"},{"floor":30.0,"key":"Strawberry"},{"floor":43.0,"key":"Molten Egg 2"},{"floor":45.0,"key":"Mercury Hourglass"}],"event_choices":[{"cards_removed":["Strike_B"],"damage_healed":0.0,"max_hp_gain":0.0,"max_hp_loss":0.0,"gold_gain":0.0,"event_name":"The Cleric","player_choice":"Card Removal","floor":2.0,"gold_loss":75.0,"damage_taken":0.0},{"damage_healed":0.0,"max_hp_gain":0.0,"max_hp_loss":0.0,"gold_gain":0.0,"event_name":"Living Wall","player_choice":"Grow","floor":5.0,"gold_loss":0.0,"damage_taken":0.0,"cards_upgraded":["Darkness"]},{"damage_healed":0.0,"max_hp_gain":0.0,"max_hp_loss":0.0,"gold_gain":0.0,"event_name":"Scrap Ooze","player_choice":"Success","floor":12.0,"gold_loss":0.0,"damage_taken":26.0,"relics_obtained":["PreservedInsect"]},{"damage_healed":0.0,"max_hp_gain":0.0,"max_hp_loss":0.0,"gold_gain":0.0,"event_name":"The Library","player_choice":"Read","floor":19.0,"gold_loss":0.0,"damage_taken":0.0,"cards_obtained":["Reinforced Body"]},{"damage_healed":0.0,"max_hp_gain":0.0,"max_hp_loss":0.0,"gold_gain":50.0,"event_name":"Nest","player_choice":"Stole From Cult","floor":21.0,"gold_loss":0.0,"damage_taken":0.0},{"damage_healed":0.0,"max_hp_gain":0.0,"max_hp_loss":0.0,"gold_gain":0.0,"event_name":"Masked Bandits","player_choice":"Paid Fearfully","floor":28.0,"gold_loss":49.0,"damage_taken":0.0},{"damage_healed":0.0,"max_hp_gain":0.0,"max_hp_loss":0.0,"gold_gain":0.0,"event_name":"Colosseum","player_choice":"Fight","floor":29.0,"gold_loss":0.0,"damage_taken":0.0},{"damage_healed":0.0,"max_hp_gain":0.0,"max_hp_loss":0.0,"gold_gain":0.0,"event_name":"Colosseum","player_choice":"Fled From Nobs","floor":29.0,"gold_loss":0.0,"damage_taken":0.0},{"damage_healed":0.0,"max_hp_gain":0.0,"max_hp_loss":4.0,"gold_gain":0.0,"event_name":"Winding Halls","player_choice":"Max HP","floor":36.0,"gold_loss":0.0,"damage_taken":0.0},{"damage_healed":0.0,"max_hp_gain":0.0,"max_hp_loss":0.0,"gold_gain":0.0,"event_name":"SensoryStone","player_choice":"Memory 1","floor":37.0,"gold_loss":0.0,"damage_taken":0.0},{"damage_healed":0.0,"max_hp_gain":0.0,"max_hp_loss":0.0,"gold_gain":0.0,"event_name":"Tomb of Lord Red Mask","player_choice":"Paid","floor":42.0,"gold_loss":165.0,"damage_taken":0.0,"relics_obtained":["Red Mask"]}],"is_beta":true,"boss_relics":[{"not_picked":["Runic Pyramid","Philosopher\u0027s Stone"],"picked":"Astrolabe"},{"not_picked":["Tiny House","Pandora\u0027s Box"],"picked":"Runic Dome"}],"items_purged_floors":[27],"is_endless":false,"potions_floor_spawned":[4,7,13,16,18,29,30,35,38,48],"ascension_level":15}