{"gold_per_floor":[111,131,149,162,162,162,79,79,79,111,131,9,9,37,37,134,134,150,163,41,141,22,22,22,33,63,63,82,97,115,131,131,131],"floor_reached":33,"playtime":1519,"items_purged":["Writhe"],"score":272,"play_id":"2beae524-a160-4eb1-93d9-b84cbbcf41f7","local_time":"20180713214330","is_ascension_mode":true,"campfire_choices":[{"data":"Sunder","floor":6.0,"key":"SMITH"},{"floor":15.0,"key":"REST"},{"floor":23.0,"key":"REST"},{"data":"Streamline","floor":27.0,"key":"SMITH"},{"floor":32.0,"key":"REST"}],"neow_cost":"","seed_source_timestamp":0,"circlet_count":0,"master_deck":["Strike_B","Strike_B","Strike_B","Defend_B","Defend_B","Defend_B","Zap","Dualcast+1","Capacitor","FTL+1","Glacier","Sunder+1","Tempest","Streamline+1","Storm","Sweeping Beam","Undo","Turbo","Rainbow","Clumsy","Decay","Heatsinks+1","Fusion+1","Static Discharge+1","Static Discharge+1","Turbo","Cold Snap","Defragment+1","Conserve Battery","Chaos"],"special_seed":0,"relics":["Cracked Core","The Courier","Centennial Puzzle","DataDisk","Ancient Tea Set","Calling Bell","Lantern","Sundial","Frozen Egg 2","Tiny Chest"],"potions_floor_usage":[],"damage_taken":[{"damage":0.0,"enemies":"Cultist","floor":1.0,"turns":3.0},{"damage":0.0,"enemies":"2 Louse","floor":2.0,"turns":3.0},{"damage":3.0,"enemies":"Jaw Worm","floor":3.0,"turns":3.0},{"damage":0.0,"enemies":"Looter","floor":4.0,"turns":4.0},{"damage":2.0,"enemies":"Gremlin Nob","floor":10.0,"turns":3.0},{"damage":16.0,"enemies":"Exordium Wildlife","floor":11.0,"turns":2.0},{"damage":8.0,"enemies":"3 Sentries","floor":14.0,"turns":4.0},{"damage":35.0,"enemies":"Hexaghost","floor":16.0,"turns":8.0},{"damage":30.0,"enemies":"3 Byrds","floor":18.0,"turns":3.0},{"damage":33.0,"enemies":"2 Thieves","floor":19.0,"turns":4.0},{"damage":11.0,"enemies":"Centurion and Healer","floor":25.0,"turns":4.0},{"damage":0.0,"enemies":"Snecko","floor":28.0,"turns":2.0},{"damage":12.0,"enemies":"Chosen and Byrds","floor":29.0,"turns":5.0},{"damage":12.0,"enemies":"Centurion and Healer","floor":30.0,"turns":7.0},{"damage":1.0,"enemies":"Snake Plant","floor":31.0,"turns":6.0},{"damage":42,"enemies":"Collector","floor":33,"turns":3}],"seed_played":"-4108202444139438060","potions_obtained":[{"floor":1.0,"key":"Ancient Potion"},{"floor":2.0,"key":"Poison Potion"},{"floor":4.0,"key":"Block Potion"},{"floor":10.0,"key":"Swift Potion"},{"floor":18.0,"key":"SkillPotion"},{"floor":24.0,"key":"Fruit Juice"},{"floor":24.0,"key":"Weak Potion"},{"floor":28.0,"key":"Poison Potion"}],"is_trial":false,"path_per_floor":["M","M","M","M","?","R","$","?","T","E","M","$","?","E","R","B",null,"M","M","$","?","$","R","?","M","T","R","M","M","M","M","R"],"character_chosen":"DEFECT","items_purchased":["Tempest","Streamline","DataDisk","Static Discharge+1","Static Discharge+1","Turbo","Cold Snap"],"campfire_rested":3,"item_purchase_floors":[7,7,12,20,20,22,22],"current_hp_per_floor":[75,75,72,72,72,72,72,57,57,55,39,39,39,31,53,18,75,45,12,12,12,12,34,34,28,28,28,28,16,4,3,27,0],"gold":131,"neow_bonus":"","is_prod":false,"is_daily":false,"chose_seed":false,"campfire_upgraded":2,"win_rate":0,"timestamp":1531489410,"path_taken":["M","M","?","M","?","R","?","?","T","E","M","$","?","E","R","BOSS","M","M","$","?","?","R","?","M","T","R","?","?","M","M","R","BOSS"],"build_version":"2018-07-12","purchased_purges":1,"victory":false,"max_hp_per_floor":[75,75,75,75,75,75,75,75,75,75,75,75,75,75,75,75,75,75,75,75,75,75,75,75,80,80,80,80,80,80,80,80,80],"card_choices":[{"not_picked":["Melter","Barrage"],"picked":"Capacitor","floor":1.0},{"not_picked":["Sweeping Beam","Stack"],"picked":"FTL","floor":2.0},{"not_picked":["Conserve Battery","Beam Cell"],"picked":"Glacier","floor":3.0},{"not_picked":["Force Field","Chill"],"picked":"Sunder","floor":4.0},{"not_picked":["Redo","Hologram"],"picked":"Storm","floor":10.0},{"not_picked":["Rebound","Rainbow"],"picked":"Sweeping Beam","floor":11.0},{"not_picked":["Multi-Cast","Gash"],"picked":"Turbo","floor":14.0},{"not_picked":["Meteor Strike","Echo Form"],"picked":"Rainbow","floor":16.0},{"not_picked":["Ball Lightning","Undo+1"],"picked":"Heatsinks+1","floor":18.0},{"not_picked":["Sunder","Doom and Gloom"],"picked":"Fusion+1","floor":19.0},{"not_picked":["Stack","Compile Driver+1"],"picked":"Defragment+1","floor":25.0},{"not_picked":["Reprogram","Rebound","Undo"],"picked":"SKIP","floor":28.0},{"not_picked":["Leap","Hologram"],"picked":"Conserve Battery","floor":29.0},{"not_picked":["Rebound+1","Conserve Battery","Ball Lightning"],"picked":"SKIP","floor":30.0},{"not_picked":["Capacitor+1","Streamline"],"picked":"Chaos","floor":31.0}],"player_experience":90296,"relics_obtained":[{"floor":9.0,"key":"The Courier"},{"floor":10.0,"key":"Centennial Puzzle"},{"floor":14.0,"key":"Ancient Tea Set"},{"floor":17.0,"key":"Lantern"},{"floor":17.0,"key":"Sundial"},{"floor":17.0,"key":"Frozen Egg 2"},{"floor":26.0,"key":"Tiny Chest"}],"event_choices":[{"event_name":"Purifier","player_choice":"One Purge","floor":5.0,"damage_taken":0.0},{"event_name":"Shining Light","player_choice":"Entered Light","floor":8.0,"damage_taken":0.0},{"event_name":"Transmorgrifier","player_choice":"Transform","floor":13.0,"damage_taken":0.0},{"event_name":"Golden Shrine","player_choice":"Pray","floor":21.0,"damage_taken":0.0},{"event_name":"The Lab","player_choice":"Got Potions","floor":24.0,"damage_taken":0.0}],"boss_relics":[{"not_picked":["Coffee Dripper","White Beast Statue"],"picked":"Calling Bell"}],"items_purged_floors":[22],"is_endless":false,"potions_floor_spawned":[1,2,4,10,18,28],"killed_by":"Collector","ascension_level":1}