{"gold_per_floor":[112,112,112,112,126,158,107,107,133,159,179,179,179,209,209,314,314,332,332,351,276,276,306,14,39,65,94,121,49,49,68,68,68],"floor_reached":33,"playtime":1528,"items_purged":[],"score":410,"play_id":"12cf0a28-e2b3-4cae-9766-b1178a6bcbbe","local_time":"20180718163155","is_ascension_mode":true,"campfire_choices":[{"data":"Beam Cell","floor":8,"key":"SMITH"},{"data":"Double Energy","floor":12,"key":"SMITH"},{"data":"Chaos","floor":15,"key":"SMITH"},{"data":"Ghostly","floor":32,"key":"SMITH"}],"neow_cost":"NONE","seed_source_timestamp":0,"circlet_count":0,"master_deck":["Strike_B+1","Strike_B+1","Defend_B","Defend_B","Defend_B","Zap","Dualcast","FTL","Glacier","Leap","Chaos+1","Beam Cell+1","Double Energy+1","FTL","Machine Learning","Cold Snap","Ghostly","Ghostly","Ghostly","Ghostly","Ghostly+1","Steam+1","Stack","Conserve Battery+1","Sweeping Beam+1","Reboot","Reprogram"],"special_seed":17730,"relics":["Cracked Core","Whetstone","Bronze Scales","Gremlin Horn","Anchor","Vajra","Juzu Bracelet","Nuclear Battery","Boot","Centennial Puzzle","Dream Catcher","Strawberry","Omamori","Pen Nib","Smiling Mask","Potion Belt","Happy Flower"],"potions_floor_usage":[10,27,33],"damage_taken":[{"damage":1,"enemies":"Small Slimes","floor":1,"turns":3},{"damage":0,"enemies":"2 Louse","floor":5,"turns":1},{"damage":10,"enemies":"3 Sentries","floor":6,"turns":7},{"damage":2,"enemies":"Gremlin Nob","floor":10,"turns":4},{"damage":0,"enemies":"Jaw Worm","floor":11,"turns":2},{"damage":0,"enemies":"3 Sentries","floor":14,"turns":5},{"damage":29,"enemies":"The Guardian","floor":16,"turns":10},{"damage":8,"enemies":"Shell Parasite","floor":18,"turns":4},{"damage":6,"enemies":"2 Thieves","floor":20,"turns":4},{"damage":0,"enemies":"Gremlin Leader","floor":23,"turns":7},{"damage":1,"enemies":"Book of Stabbing","floor":25,"turns":6},{"damage":1,"enemies":"Slavers","floor":27,"turns":6},{"damage":0,"enemies":"Snake Plant","floor":31,"turns":4},{"damage":61,"enemies":"Champ","floor":33,"turns":13}],"seed_played":"-3893125077617489196","potions_obtained":[{"floor":1,"key":"Regen Potion"},{"floor":5,"key":"Block Potion"},{"floor":6,"key":"GamblersBrew"},{"floor":16,"key":"SpeedPotion"},{"floor":25,"key":"AttackPotion"}],"is_trial":false,"path_per_floor":["M","?","?","?","M","E","$","R","T","E","M","R","?","E","R","B",null,"M","?","M","?","?","E","$","E","T","E","T","$","T","M","R"],"character_chosen":"DEFECT","items_purchased":["Beam Cell","Dream Catcher","Strawberry","Reboot"],"campfire_rested":0,"item_purchase_floors":[7,24,24,29],"current_hp_per_floor":[74,79,79,72,72,62,62,62,62,60,60,60,53,53,53,24,80,72,40,34,34,34,34,41,40,40,39,39,39,39,39,39,0],"gold":68,"neow_bonus":"RANDOM_COMMON_RELIC","is_prod":false,"is_daily":false,"chose_seed":false,"campfire_upgraded":4,"win_rate":0,"timestamp":1531902715,"path_taken":["M","?","?","?","M","E","?","R","T","E","?","R","?","E","R","BOSS","M","?","M","?","?","E","$","E","T","E","?","$","?","M","R","BOSS"],"build_version":"2018-07-12","purchased_purges":0,"victory":false,"max_hp_per_floor":[75,80,80,80,80,80,80,80,80,80,80,80,80,80,80,80,80,80,40,40,40,40,40,47,47,47,47,47,47,47,47,47,47],"card_choices":[{"not_picked":["Darkness","Recycle"],"picked":"FTL","floor":1},{"not_picked":["Fusion","Stack"],"picked":"Leap","floor":5},{"not_picked":["Heatsinks","Gash"],"picked":"Chaos","floor":6},{"not_picked":["Undo","Rainbow"],"picked":"Double Energy","floor":10},{"not_picked":["Redo","Streamline"],"picked":"FTL","floor":11},{"not_picked":["Beam Cell","Lockon","Stack"],"picked":"SKIP","floor":14},{"not_picked":["Core Surge","Fission"],"picked":"Machine Learning","floor":16},{"not_picked":["Hologram","Gash"],"picked":"Cold Snap","floor":18},{"not_picked":["Skim","Capacitor"],"picked":"Steam+1","floor":20},{"not_picked":["Blizzard","Recycle"],"picked":"Stack","floor":23},{"not_picked":["Ball Lightning","Hyperbeam"],"picked":"Conserve Battery+1","floor":25},{"not_picked":["Darkness","Static Discharge"],"picked":"Sweeping Beam+1","floor":27},{"not_picked":["Reinforced Body","Lockon+1"],"picked":"Reprogram","floor":31}],"player_experience":103008,"relics_obtained":[{"floor":6,"key":"Gremlin Horn"},{"floor":9,"key":"Anchor"},{"floor":10,"key":"Vajra"},{"floor":14,"key":"Juzu Bracelet"},{"floor":23,"key":"Centennial Puzzle"},{"floor":25,"key":"Omamori"},{"floor":26,"key":"Pen Nib"},{"floor":27,"key":"Smiling Mask"},{"floor":28,"key":"Potion Belt"},{"floor":30,"key":"Happy Flower"}],"event_choices":[{"event_name":"Big Fish","player_choice":"Donut","floor":2,"damage_taken":0},{"event_name":"Living Wall","player_choice":"Change","floor":3,"damage_taken":0},{"event_name":"Scrap Ooze","player_choice":"success","floor":4,"damage_taken":7},{"event_name":"Golden Wing","player_choice":"Card Removal","floor":13,"damage_taken":0},{"event_name":"Ghosts","player_choice":"Became a Ghost","floor":19,"damage_taken":0},{"event_name":"Beggar","player_choice":"Gave Gold","floor":21,"damage_taken":0},{"event_name":"Wheel of Change","player_choice":"Relic","floor":22,"damage_taken":0}],"boss_relics":[{"not_picked":["Runic Pyramid","Coffee Dripper"],"picked":"Nuclear Battery"}],"items_purged_floors":[],"is_endless":false,"potions_floor_spawned":[1,5,6,16,18,23,25],"killed_by":"Champ","ascension_level":1}