{"gold_per_floor":[117,192,36,36,48,48,80,100,123,454,454,454,24,24,24,96,96,107,122,137,153,168,168,184,184,184,184,26,26,45,104,104,176,176,194,214,99,99,119,119,139,159,159,191,211,243,143,143,143,143,143,143,143,53,81,81],"floor_reached":57,"playtime":3704,"items_purged":["Strike_B","Strike_B"],"score":2759,"play_id":"942fec2a-c5a1-4b49-be43-031323e3d2f7","local_time":"20190404201654","is_ascension_mode":true,"campfire_choices":[{"data":"Beam Cell","floor":6.0,"key":"SMITH"},{"data":"Loop","floor":11.0,"key":"SMITH"},{"data":"Creative AI","floor":15.0,"key":"SMITH"},{"data":"Electrodynamics","floor":23.0,"key":"SMITH"},{"data":"Heatsinks","floor":25.0,"key":"SMITH"},{"data":"Amplify","floor":27.0,"key":"SMITH"},{"data":"Coolheaded","floor":32.0,"key":"SMITH"},{"floor":40.0,"key":"RECALL"},{"floor":49.0,"key":"REST"},{"floor":53.0,"key":"REST"}],"neow_cost":"NONE","seed_source_timestamp":385032111164,"circlet_count":0,"master_deck":["AscendersBane","Strike_B","Defend_B","Defend_B","Defend_B","Defend_B+1","Zap","Dualcast+1","Glacier","Sunder+1","Capacitor","Beam Cell+1","Self Repair","Ball Lightning","Loop+1","Creative AI+1","Electrodynamics+1","Amplify+1","Reinforced Body+1","Hologram+1","Turbo","Heatsinks+1","Steam Power+1","Echo Form","Consume","Coolheaded+1","Core Surge","Glacier+1","Skim","Recycle","Skim+1","Storm","Redo+1"],"special_seed":0,"relics":["Cracked Core","NeowsBlessing","Orichalcum","Blood Vial","Old Coin","Mummified Hand","Nuclear Battery","Bottled Lightning","Tiny Chest","Fusion Hammer","FaceOfCleric","Bird Faced Urn","PreservedInsect","Blue Candle"],"potions_floor_usage":[],"damage_taken":[{"damage":0.0,"enemies":"Jaw Worm","floor":1.0,"turns":1.0},{"damage":0.0,"enemies":"2 Louse","floor":5.0,"turns":1.0},{"damage":0.0,"enemies":"Gremlin Nob","floor":7.0,"turns":1.0},{"damage":0.0,"enemies":"Cultist","floor":8.0,"turns":3.0},{"damage":17.0,"enemies":"Lagavulin","floor":10.0,"turns":8.0},{"damage":8.0,"enemies":"Hexaghost","floor":16.0,"turns":9.0},{"damage":11.0,"enemies":"2 Thieves","floor":18.0,"turns":5.0},{"damage":15.0,"enemies":"3 Byrds","floor":19.0,"turns":5.0},{"damage":10.0,"enemies":"Cultist and Chosen","floor":20.0,"turns":7.0},{"damage":1.0,"enemies":"Chosen and Byrds","floor":21.0,"turns":5.0},{"damage":6.0,"enemies":"3 Cultists","floor":22.0,"turns":3.0},{"damage":15.0,"enemies":"Snecko","floor":24.0,"turns":5.0},{"damage":3.0,"enemies":"Snake Plant","floor":30.0,"turns":2.0},{"damage":4.0,"enemies":"Book of Stabbing","floor":31.0,"turns":3.0},{"damage":2.0,"enemies":"Automaton","floor":33.0,"turns":8.0},{"damage":0.0,"enemies":"3 Shapes","floor":35.0,"turns":3.0},{"damage":0.0,"enemies":"Orb Walker","floor":36.0,"turns":4.0},{"damage":4.0,"enemies":"Sphere and 2 Shapes","floor":39.0,"turns":3.0},{"damage":0.0,"enemies":"3 Darklings","floor":41.0,"turns":2.0},{"damage":29.0,"enemies":"Maw","floor":42.0,"turns":8.0},{"damage":52.0,"enemies":"Giant Head","floor":44.0,"turns":7.0},{"damage":5.0,"enemies":"4 Shapes","floor":45.0,"turns":10.0},{"damage":6.0,"enemies":"Reptomancer","floor":46.0,"turns":7.0},{"damage":76.0,"enemies":"Awakened One","floor":50.0,"turns":9.0},{"damage":13.0,"enemies":"Donu and Deca","floor":51.0,"turns":5.0},{"damage":49.0,"enemies":"Shield and Spear","floor":55.0,"turns":5.0},{"damage":43,"enemies":"The Heart","floor":56,"turns":12}],"seed_played":"-6041753191353371419","potions_obtained":[{"floor":1.0,"key":"SkillPotion"},{"floor":16.0,"key":"Fruit Juice"},{"floor":20.0,"key":"Swift Potion"},{"floor":24.0,"key":"SkillPotion"},{"floor":31.0,"key":"AttackPotion"},{"floor":35.0,"key":"GamblersBrew"},{"floor":42.0,"key":"Fruit Juice"},{"floor":44.0,"key":"Ancient Potion"},{"floor":46.0,"key":"Explosive Potion"}],"is_trial":false,"path_per_floor":["M","?","$","?","M","R","E","M","T","E","R","?","$","?","R","B",null,"M","M","M","M","M","R","M","R","T","R","$","?","M","E","R","B",null,"M","M","$","?","M","R","M","M","T","E","M","E","$","?","R","B","B",null,"R","$","E","B",null],"character_chosen":"DEFECT","items_purchased":["Sunder","Capacitor","Mummified Hand","Creative AI","Echo Form","Skim","Storm"],"campfire_rested":2,"item_purchase_floors":[3,3,13,13,28,37,54],"current_hp_per_floor":[64,53,53,53,53,53,53,60,60,52,52,31,31,31,31,37,66,64,51,50,51,54,54,48,48,48,48,48,48,61,73,73,76,76,76,76,76,76,73,73,78,62,62,20,86,87,87,83,83,63,85,85,85,85,49,87],"gold":81,"neow_bonus":"THREE_ENEMY_KILL","is_prod":false,"is_daily":false,"chose_seed":false,"campfire_upgraded":7,"win_rate":0,"timestamp":1554380214,"path_taken":["M","?","$","?","M","R","E","M","T","E","R","?","$","?","R","BOSS","M","M","M","?","M","R","M","R","T","R","$","?","M","E","R","BOSS","M","?","$","?","M","R","?","M","T","E","?","E","?","?","R","BOSS","BOSS","R","$","E","BOSS"],"build_version":"2019-01-23","purchased_purges":2,"victory":true,"max_hp_per_floor":[71,71,71,71,71,71,71,71,71,71,71,71,71,71,71,76,76,76,76,76,76,76,76,76,76,76,76,76,76,76,76,76,76,76,76,76,76,76,77,77,78,84,84,85,86,87,87,83,83,84,85,85,85,85,86,87],"card_choices":[{"not_picked":["Turbo","Redo"],"picked":"Glacier","floor":1.0},{"not_picked":["Barrage","Melter"],"picked":"Beam Cell","floor":5.0},{"not_picked":["Turbo","Thunder Strike"],"picked":"Self Repair","floor":7.0},{"not_picked":["Streamline","Steam"],"picked":"Ball Lightning","floor":8.0},{"not_picked":["Glacier","Cold Snap"],"picked":"Loop","floor":10.0},{"not_picked":["Hyperbeam","Thunder Strike"],"picked":"Amplify","floor":16.0},{"not_picked":["Darkness","Ball Lightning"],"picked":"Reinforced Body+1","floor":18.0},{"not_picked":["Stack","Barrage"],"picked":"Hologram+1","floor":19.0},{"not_picked":["Lockon","Loop"],"picked":"Turbo","floor":20.0},{"not_picked":["Sweeping Beam","Beam Cell"],"picked":"Heatsinks","floor":21.0},{"not_picked":["Hologram+1","Auto Shields","Leap"],"picked":"SKIP","floor":22.0},{"not_picked":["Static Discharge","Hologram","Steam Power+1"],"picked":"SKIP","floor":24.0},{"not_picked":["Static Discharge","Hologram"],"picked":"Steam Power+1","floor":24.0},{"not_picked":["Auto Shields","Barrage"],"picked":"Consume","floor":30.0},{"not_picked":["Amplify","Glacier"],"picked":"Coolheaded","floor":31.0},{"not_picked":["Hyperbeam","Reboot"],"picked":"Core Surge","floor":33.0},{"not_picked":["Ball Lightning","Stack"],"picked":"Glacier+1","floor":35.0},{"not_picked":["Redo","BootSequence","Self Repair"],"picked":"SKIP","floor":36.0},{"not_picked":["Lockon","Rebound","Self Repair+1"],"picked":"SKIP","floor":39.0},{"not_picked":["Conserve Battery","Creative AI","Cold Snap"],"picked":"SKIP","floor":41.0},{"not_picked":["Reinforced Body","Conserve Battery+1","Beam Cell"],"picked":"SKIP","floor":42.0},{"not_picked":["Tempest+1","Lockon+1"],"picked":"Recycle","floor":44.0},{"not_picked":["Beam Cell","Chill"],"picked":"Skim+1","floor":45.0},{"not_picked":["Leap","Hologram","Rip and Tear"],"picked":"SKIP","floor":46.0},{"not_picked":["Storm+1","Reprogram"],"picked":"Redo+1","floor":55.0}],"player_experience":910157,"relics_obtained":[{"floor":7.0,"key":"Orichalcum"},{"floor":9.0,"key":"Blood Vial"},{"floor":10.0,"key":"Old Coin"},{"floor":26.0,"key":"Bottled Lightning"},{"floor":31.0,"key":"Tiny Chest"},{"floor":44.0,"key":"Bird Faced Urn"},{"floor":46.0,"key":"PreservedInsect"},{"floor":55.0,"key":"Blue Candle"}],"event_choices":[{"damage_healed":0.0,"max_hp_gain":0.0,"max_hp_loss":0.0,"gold_gain":75.0,"event_name":"World of Goop","player_choice":"Gather Gold","floor":2.0,"gold_loss":0.0,"damage_taken":11.0},{"damage_healed":0.0,"max_hp_gain":0.0,"max_hp_loss":0.0,"gold_gain":0.0,"event_name":"Living Wall","player_choice":"Grow","floor":4.0,"gold_loss":0.0,"damage_taken":0.0,"cards_upgraded":["Sunder"]},{"damage_healed":0.0,"max_hp_gain":0.0,"max_hp_loss":0.0,"gold_gain":0.0,"event_name":"Shining Light","player_choice":"Entered Light","floor":12.0,"gold_loss":0.0,"damage_taken":21.0,"cards_upgraded":["Defend_B","Dualcast"]},{"damage_healed":0.0,"max_hp_gain":0.0,"max_hp_loss":0.0,"gold_gain":0.0,"cards_transformed":["Strike_B"],"event_name":"Transmorgrifier","player_choice":"Transformed","floor":14.0,"gold_loss":0.0,"damage_taken":0.0,"cards_obtained":["Electrodynamics"]},{"damage_healed":0.0,"max_hp_gain":0.0,"max_hp_loss":0.0,"gold_gain":0.0,"event_name":"Match and Keep!","player_choice":"0 cards matched","floor":29.0,"gold_loss":0.0,"damage_taken":0.0,"cards_obtained":[]},{"damage_healed":0.0,"max_hp_gain":0.0,"max_hp_loss":0.0,"gold_gain":0.0,"event_name":"FaceTrader","player_choice":"Trade","floor":38.0,"gold_loss":0.0,"damage_taken":0.0,"relics_obtained":["FaceOfCleric"]},{"damage_healed":0.0,"max_hp_gain":0.0,"max_hp_loss":4.0,"gold_gain":0.0,"event_name":"Winding Halls","player_choice":"Max HP","floor":48.0,"gold_loss":0.0,"damage_taken":0.0}],"is_beta":false,"boss_relics":[{"not_picked":["Astrolabe","Philosopher\u0027s Stone"],"picked":"Nuclear Battery"},{"not_picked":["Velvet Choker","Eternal Feather"],"picked":"Fusion Hammer"}],"items_purged_floors":[37,47],"is_endless":false,"potions_floor_spawned":[1,16,20,24,30,31,35,36,42,44,46],"ascension_level":20}