{"gold_per_floor":[111,127,52,66,85,119,136,11,11,38,38,55,55,28,28,132,132,117,216,141,141,159,159,176,22,46,64,64,64,79,92,92,194,194,213,213,233,288,299,299,315,190,213,223,240,340,357,390,390,390],"floor_reached":51,"playtime":7456,"items_purged":["Strike_B","Strike_B","Defend_B"],"score":718,"play_id":"6f8f39ad-bd68-47cb-8a02-1bb07b1703c2","local_time":"20190808225331","is_ascension_mode":false,"campfire_choices":[{"data":"Defragment","floor":15,"key":"SMITH"},{"data":"Defragment","floor":23,"key":"SMITH"},{"data":"Sunder","floor":28,"key":"SMITH"},{"data":"Loop","floor":32,"key":"SMITH"},{"data":"Seek","floor":40,"key":"SMITH"},{"floor":49,"key":"REST"}],"neow_cost":"NONE","seed_source_timestamp":349911557822453,"circlet_count":0,"master_deck":["Defend_B","Zap","Dualcast+1","Consume","Glacier","Sunder+1","Defragment+1","Defragment+1","Hologram","Double Energy+1","Amplify","Steam","Machine Learning","Turbo+1","Reprogram+1","Beam Cell+1","Chill","Coolheaded","Loop+1","Seek+1","Turbo+1","Auto Shields+1","Rebound+1","Go for the Eyes+1","Hologram+1","Echo Form"],"relics":["Cracked Core","Letter Opener","Pear","Darkstone Periapt","Empty Cage","Anchor","Potion Belt","Sozu","Incense Burner","Strawberry","Molten Egg 2"],"potions_floor_usage":[6,16,16,33,41,50],"damage_taken":[{"damage":1,"enemies":"Cultist","floor":1,"turns":3},{"damage":6,"enemies":"Jaw Worm","floor":2,"turns":4},{"damage":0,"enemies":"2 Louse","floor":4,"turns":2},{"damage":3,"enemies":"Exordium Wildlife","floor":5,"turns":6},{"damage":0,"enemies":"Lagavulin","floor":6,"turns":7},{"damage":0,"enemies":"2 Fungi Beasts","floor":7,"turns":2},{"damage":15,"enemies":"Gremlin Nob","floor":10,"turns":6},{"damage":2,"enemies":"3 Louse","floor":12,"turns":3},{"damage":3,"enemies":"The Guardian","floor":16,"turns":16},{"damage":5,"enemies":"2 Thieves","floor":18,"turns":4},{"damage":18,"enemies":"3 Byrds","floor":22,"turns":4},{"damage":0,"enemies":"Cultist and Chosen","floor":24,"turns":6},{"damage":0,"enemies":"Centurion and Healer","floor":27,"turns":8},{"damage":6,"enemies":"Snake Plant","floor":30,"turns":2},{"damage":0,"enemies":"Sentry and Sphere","floor":31,"turns":4},{"damage":12,"enemies":"Automaton","floor":33,"turns":10},{"damage":3,"enemies":"Orb Walker","floor":35,"turns":5},{"damage":18,"enemies":"3 Darklings","floor":37,"turns":8},{"damage":41,"enemies":"2 Orb Walkers","floor":38,"turns":8},{"damage":1,"enemies":"Sphere and 2 Shapes","floor":39,"turns":8},{"damage":18,"enemies":"Jaw Worm Horde","floor":41,"turns":5},{"damage":0,"enemies":"Maw","floor":44,"turns":8},{"damage":0,"enemies":"Spire Growth","floor":45,"turns":7},{"damage":4,"enemies":"Transient","floor":47,"turns":5},{"damage":0,"enemies":"Giant Head","floor":48,"turns":8},{"damage":27,"enemies":"Time Eater","floor":50,"turns":15}],"seed_played":"7788418746401496425","potions_obtained":[{"floor":2,"key":"PowerPotion"},{"floor":6,"key":"SpeedPotion"},{"floor":10,"key":"FearPotion"},{"floor":12,"key":"FocusPotion"},{"floor":30,"key":"Poison Potion"},{"floor":31,"key":"FocusPotion"}],"is_trial":false,"path_per_floor":["M","M","$","M","M","E","M","$","T","E","?","M","?","$","R","B",null,"M","?","?","?","M","R","M","$","T","M","R","?","M","M","R","B",null,"M","?","M","?","M","R","M","$","T","M","M","?","M","E","R","B",null],"character_chosen":"DEFECT","items_purchased":["Hologram","Steam","Anchor"],"campfire_rested":1,"item_purchase_floors":[8,14,25],"current_hp_per_floor":[74,68,68,68,65,65,65,65,75,60,60,58,58,58,58,55,85,80,80,80,80,62,62,62,62,62,62,62,62,56,56,56,44,85,82,82,64,23,22,22,4,4,11,11,11,11,7,7,34,7],"gold":390,"neow_bonus":"UPGRADE_CARD","is_prod":false,"is_daily":false,"chose_seed":false,"campfire_upgraded":5,"win_rate":0.0,"timestamp":1565297611,"path_taken":["M","M","$","M","M","E","M","?","T","E","?","?","?","?","R","BOSS","M","?","?","?","?","R","M","$","T","M","R","?","M","M","R","BOSS","M","?","?","?","M","R","M","$","T","M","M","?","M","E","R","BOSS"],"build_version":"2019-07-17","purchased_purges":3,"victory":true,"max_hp_per_floor":[75,75,75,75,75,75,75,75,85,85,85,85,85,85,85,85,85,85,85,85,85,85,85,85,85,85,85,85,85,85,85,85,85,85,85,85,85,85,85,85,85,85,92,92,92,92,92,92,92,92],"card_choices":[{"not_picked":["Cold Snap","Ball Lightning"],"picked":"Consume","floor":1},{"not_picked":["Sweeping Beam","Coolheaded"],"picked":"Glacier","floor":2},{"not_picked":["Reinforced Body","Compile Driver"],"picked":"Sunder","floor":4},{"not_picked":["Steam","Beam Cell"],"picked":"Defragment","floor":5},{"not_picked":["Redo","BootSequence"],"picked":"Defragment","floor":6},{"not_picked":["Stack","Conserve Battery","Ball Lightning"],"picked":"SKIP","floor":7},{"not_picked":["Beam Cell","Leap"],"picked":"Double Energy","floor":10},{"not_picked":["Go for the Eyes","Beam Cell"],"picked":"Amplify","floor":12},{"not_picked":["Amplify","Meteor Strike"],"picked":"Machine Learning","floor":16},{"not_picked":["Cold Snap","Fusion"],"picked":"Turbo","floor":18},{"not_picked":["Leap","Hologram+1","Chaos"],"picked":"SKIP","floor":22},{"not_picked":["Sweeping Beam","Rebound"],"picked":"Reprogram+1","floor":24},{"not_picked":["Ball Lightning+1","Go for the Eyes"],"picked":"Beam Cell+1","floor":27},{"not_picked":["Hologram+1","Chaos"],"picked":"Coolheaded","floor":30},{"not_picked":["Streamline+1","Sunder"],"picked":"Loop","floor":31},{"not_picked":["Creative AI","Fission"],"picked":"Seek","floor":33},{"not_picked":["Compile Driver+1","Ball Lightning"],"picked":"Turbo+1","floor":35},{"not_picked":["Steam","Coolheaded","Meteor Strike"],"picked":"SKIP","floor":37},{"not_picked":["Rebound+1","Beam Cell"],"picked":"Auto Shields+1","floor":38},{"not_picked":["Heatsinks","Leap"],"picked":"Rebound+1","floor":39},{"not_picked":["Steam+1","Compile Driver+1"],"picked":"Go for the Eyes+1","floor":41},{"not_picked":["Rebound+1","Turbo"],"picked":"Hologram+1","floor":44},{"not_picked":["Auto Shields","Turbo","Cold Snap"],"picked":"SKIP","floor":45},{"not_picked":["Streamline+1","Genetic Algorithm+1"],"picked":"Echo Form","floor":47},{"not_picked":["Stack+1","Barrage+1","Melter"],"picked":"SKIP","floor":48}],"player_experience":45040,"relics_obtained":[{"floor":6,"key":"Letter Opener"},{"floor":9,"key":"Pear"},{"floor":10,"key":"Darkstone Periapt"},{"floor":26,"key":"Potion Belt"},{"floor":38,"key":"Incense Burner"},{"floor":43,"key":"Strawberry"},{"floor":48,"key":"Molten Egg 2"}],"event_choices":[{"cards_removed":["Strike_B"],"damage_healed":0,"gold_gain":0,"player_choice":"Offered Basic","damage_taken":0,"max_hp_gain":0,"max_hp_loss":0,"event_name":"Bonfire Elementals","floor":11,"gold_loss":0},{"damage_healed":0,"gold_gain":0,"player_choice":"Grow","damage_taken":0,"max_hp_gain":0,"max_hp_loss":0,"event_name":"Living Wall","floor":13,"gold_loss":0,"cards_upgraded":["Double Energy"]},{"damage_healed":0,"gold_gain":99,"player_choice":"Stole From Cult","damage_taken":0,"max_hp_gain":0,"max_hp_loss":0,"event_name":"Nest","floor":19,"gold_loss":0},{"cards_removed":["Strike_B"],"damage_healed":0,"gold_gain":0,"player_choice":"Gave Gold","damage_taken":0,"max_hp_gain":0,"max_hp_loss":0,"event_name":"Beggar","floor":20,"gold_loss":75},{"damage_healed":0,"gold_gain":0,"player_choice":"Upgraded","damage_taken":0,"max_hp_gain":0,"max_hp_loss":0,"event_name":"Upgrade Shrine","floor":21,"gold_loss":0,"cards_upgraded":["Turbo"]},{"damage_healed":0,"gold_gain":0,"player_choice":"Read","damage_taken":0,"max_hp_gain":0,"max_hp_loss":0,"event_name":"The Library","floor":29,"gold_loss":0,"cards_obtained":["Chill"]},{"damage_healed":0,"gold_gain":0,"player_choice":"0 cards matched","damage_taken":0,"max_hp_gain":0,"max_hp_loss":0,"event_name":"Match and Keep!","floor":36,"gold_loss":0,"cards_obtained":[]},{"damage_healed":0,"gold_gain":0,"player_choice":"Fight","damage_taken":0,"max_hp_gain":0,"max_hp_loss":0,"event_name":"Mysterious Sphere","floor":38,"gold_loss":0},{"damage_healed":0,"gold_gain":100,"player_choice":"Pray","damage_taken":0,"max_hp_gain":0,"max_hp_loss":0,"event_name":"Golden Shrine","floor":46,"gold_loss":0}],"is_beta":false,"boss_relics":[{"not_picked":["Tiny House","Lizard Tail"],"picked":"Empty Cage"},{"not_picked":["Nuclear Battery","Orrery"],"picked":"Sozu"}],"items_purged_floors":[3,8,42],"is_endless":false,"potions_floor_spawned":[2,6,10,12,30,31,38,39,41,45,48],"ascension_level":0}