{"gold_per_floor":[109,59,59,134,134,134,153,164,164,45,73,88,88,118,118,193,193,203,17,116,128,139,139,173,191,191,219,219,219,57,75,75,75],"floor_reached":33,"playtime":1177,"items_purged":["Strike_G"],"score":498,"play_id":"b313e539-2271-4bbf-98b1-4994aec9c04a","local_time":"20181028120647","is_ascension_mode":true,"campfire_choices":[{"data":"Neutralize","floor":6.0,"key":"SMITH"},{"data":"Crippling Poison","floor":13.0,"key":"SMITH"},{"data":"Skewer","floor":15.0,"key":"SMITH"},{"floor":23.0,"key":"REST"},{"data":"Bouncing Flask","floor":29.0,"key":"SMITH"},{"data":"Footwork","floor":32,"key":"SMITH"}],"neow_cost":"NONE","seed_source_timestamp":453434718887,"circlet_count":0,"master_deck":["Defend_G","Defend_G","Defend_G","Defend_G+1","Defend_G","Strike_G","Strike_G+1","Strike_G","Survivor","Neutralize+1","AscendersBane","All Out Attack","Terror","Venomology","Crippling Poison+1","Backstab","Skewer+1","Doppelganger","Sucker Punch+1","Footwork+1","Leg Sweep","Bouncing Flask+1","Catalyst"],"special_seed":0,"relics":["Velvet Choker","The Courier","Matryoshka","Strawberry","Runic Dome","Omamori","Gremlin Horn","PreservedInsect","Singing Bowl","Pantograph","Toy Ornithopter"],"potions_floor_usage":[31,33],"damage_taken":[{"damage":0.0,"enemies":"Cultist","floor":1.0,"turns":5.0},{"damage":7.0,"enemies":"Jaw Worm","floor":7.0,"turns":3.0},{"damage":0.0,"enemies":"Small Slimes","floor":8.0,"turns":3.0},{"damage":8.0,"enemies":"3 Sentries","floor":11.0,"turns":6.0},{"damage":0.0,"enemies":"2 Fungi Beasts","floor":12.0,"turns":3.0},{"damage":12.0,"enemies":"Lagavulin","floor":14.0,"turns":7.0},{"damage":33.0,"enemies":"The Guardian","floor":16.0,"turns":10.0},{"damage":0.0,"enemies":"Spheric Guardian","floor":18.0,"turns":4.0},{"damage":14.0,"enemies":"Shell Parasite","floor":21.0,"turns":3.0},{"damage":11.0,"enemies":"Sentry and Sphere","floor":22.0,"turns":5.0},{"damage":25.0,"enemies":"Slavers","floor":24.0,"turns":4.0},{"damage":1.0,"enemies":"Cultist and Chosen","floor":25.0,"turns":4.0},{"damage":7.0,"enemies":"Book of Stabbing","floor":27.0,"turns":2.0},{"damage":7,"enemies":"3 Cultists","floor":31,"turns":5},{"damage":71,"enemies":"Automaton","floor":33,"turns":8}],"seed_played":"-2083477948688521953","potions_obtained":[{"floor":7.0,"key":"PowerPotion"},{"floor":24.0,"key":"Dexterity Potion"}],"is_trial":false,"path_per_floor":["M","?","?","?","?","R","M","M","T","$","E","M","R","E","R","B",null,"M","$","?","M","M","R","E","M","T","E","?","R","$","M","R"],"character_chosen":"THE_SILENT","items_purchased":["GhostInAJar","Venomology","Omamori","Toy Ornithopter"],"campfire_rested":1,"item_purchase_floors":[10,10,19,30],"current_hp_per_floor":[59,59,46,35,57,57,50,50,50,50,42,42,42,37,37,4,56,56,56,56,42,31,52,27,26,26,19,43,43,43,41,41,0],"gold":75,"neow_bonus":"BOSS_RELIC","is_prod":false,"is_daily":false,"chose_seed":false,"campfire_upgraded":5,"win_rate":0,"timestamp":1540699607,"path_taken":["M","?","?","?","?","R","M","M","T","$","E","M","R","E","R","BOSS","M","$","?","M","M","R","E","M","T","E","?","R","$","M","R","BOSS"],"build_version":"2018-10-25v2","purchased_purges":1,"victory":false,"max_hp_per_floor":[66,66,66,66,66,66,66,66,66,66,66,66,66,73,73,73,73,73,73,73,73,73,73,73,73,73,73,73,73,73,73,73,73],"card_choices":[{"not_picked":["PiercingWail","Dagger Throw"],"picked":"All Out Attack","floor":1.0},{"not_picked":["Prepared","PiercingWail"],"picked":"Terror","floor":7.0},{"not_picked":["Tactician","Outmaneuver","Underhanded Strike"],"picked":"SKIP","floor":8.0},{"not_picked":["Concentrate","Bane"],"picked":"Crippling Poison","floor":11.0},{"not_picked":["Reflex","Prepared"],"picked":"Backstab","floor":12.0},{"not_picked":["Backflip","Deflect"],"picked":"Skewer","floor":14.0},{"not_picked":["Envenom","After Image"],"picked":"Doppelganger","floor":16.0},{"not_picked":["Calculated Gamble","Acrobatics"],"picked":"Sucker Punch+1","floor":18.0},{"not_picked":["Choke","Slice","Tactician"],"picked":"SKIP","floor":21.0},{"not_picked":["Outmaneuver","Backstab","Flying Knee"],"picked":"SKIP","floor":22.0},{"not_picked":["Slice","Underhanded Strike"],"picked":"Footwork","floor":24.0},{"not_picked":["Dagger Spray","Endless Agony"],"picked":"Leg Sweep","floor":25.0},{"not_picked":["Expertise+1","Crippling Poison"],"picked":"Bouncing Flask","floor":27.0},{"not_picked":["Well Laid Plans","Setup"],"picked":"Catalyst","floor":31}],"player_experience":474068,"relics_obtained":[{"floor":9.0,"key":"The Courier"},{"floor":11.0,"key":"Matryoshka"},{"floor":14.0,"key":"Strawberry"},{"floor":24.0,"key":"Gremlin Horn"},{"floor":26.0,"key":"PreservedInsect"},{"floor":26.0,"key":"Singing Bowl"},{"floor":27.0,"key":"Pantograph"}],"event_choices":[{"cards_removed":["Strike_G"],"damage_healed":0.0,"max_hp_gain":0.0,"max_hp_loss":0.0,"gold_gain":0.0,"event_name":"The Cleric","player_choice":"Card Removal","floor":2.0,"gold_loss":50.0,"damage_taken":0.0},{"damage_healed":0.0,"max_hp_gain":0.0,"max_hp_loss":0.0,"gold_gain":0.0,"event_name":"Shining Light","player_choice":"Entered Light","floor":3.0,"gold_loss":0.0,"damage_taken":13.0,"cards_upgraded":["Defend_G","Strike_G"]},{"damage_healed":0.0,"max_hp_gain":0.0,"max_hp_loss":0.0,"gold_gain":75.0,"event_name":"World of Goop","player_choice":"Gather Gold","floor":4.0,"gold_loss":0.0,"damage_taken":11.0},{"damage_healed":22.0,"max_hp_gain":0.0,"max_hp_loss":0.0,"gold_gain":0.0,"event_name":"Big Fish","player_choice":"Banana","floor":5.0,"gold_loss":0.0,"damage_taken":0.0},{"damage_healed":0.0,"max_hp_gain":0.0,"max_hp_loss":0.0,"gold_gain":99.0,"event_name":"Nest","player_choice":"Stole From Cult","floor":20.0,"gold_loss":0.0,"damage_taken":0.0},{"damage_healed":24.0,"max_hp_gain":0.0,"max_hp_loss":0.0,"gold_gain":0.0,"event_name":"The Library","player_choice":"Heal","floor":28.0,"gold_loss":0.0,"damage_taken":0.0}],"is_beta":true,"boss_relics":[{"not_picked":["WristBlade","Busted Crown"],"picked":"Runic Dome"}],"items_purged_floors":[19],"is_endless":false,"potions_floor_spawned":[7,14,16,18,24],"killed_by":"Automaton","ascension_level":14}