{"gold_per_floor":[113,113,113,128,105,105,131,131,131,144,144,144,144,171,171,171],"floor_reached":16,"playtime":1016,"items_purged":[],"score":106,"play_id":"e6422535-0829-4a6d-ba21-66bd3c868fcf","local_time":"20190806194658","is_ascension_mode":false,"campfire_choices":[{"floor":6,"key":"RECALL"},{"floor":8,"key":"REST"},{"floor":11,"key":"REST"},{"floor":15,"key":"REST"}],"neow_cost":"NONE","seed_source_timestamp":67601518955827,"circlet_count":0,"master_deck":["Strike_R","Strike_R","Strike_R","Strike_R","Defend_R","Defend_R","Defend_R","Defend_R","Wild Strike","Wild Strike","Shrug It Off+1","Infernal Blade","Feel No Pain","Shrug It Off"],"relics":["Mark of Pain","Thread and Needle","Potion Belt","Dream Catcher"],"potions_floor_usage":[16],"damage_taken":[{"damage":5,"enemies":"Small Slimes","floor":1,"turns":3},{"damage":15,"enemies":"Jaw Worm","floor":4,"turns":5},{"damage":40,"enemies":"Gremlin Nob","floor":7,"turns":5},{"damage":0,"enemies":"2 Louse","floor":10,"turns":1},{"damage":50,"enemies":"3 Sentries","floor":14,"turns":9},{"damage":36,"enemies":"Hexaghost","floor":16,"turns":11}],"seed_played":"4597147006075525596","potions_obtained":[{"floor":1,"key":"Ancient Potion"}],"is_trial":false,"path_per_floor":["M","?","?","M","$","R","E","R","T","M","R","T","?","E","R","B"],"character_chosen":"IRONCLAD","items_purchased":["Shrug It Off"],"campfire_rested":3,"item_purchase_floors":[5],"current_hp_per_floor":[75,75,68,53,53,53,13,37,37,37,61,61,61,11,35,0],"gold":171,"neow_bonus":"BOSS_RELIC","is_prod":false,"is_daily":false,"chose_seed":false,"campfire_upgraded":0,"win_rate":0,"timestamp":1565135218,"path_taken":["M","?","?","M","$","R","E","R","T","?","R","?","?","E","R","BOSS"],"build_version":"2019-07-17","purchased_purges":0,"victory":false,"max_hp_per_floor":[80,80,80,80,80,80,80,80,80,80,80,80,80,80,80,80],"card_choices":[{"not_picked":["Dual Wield","Warcry"],"picked":"Wild Strike","floor":1},{"not_picked":["Heavy Blade","Headbutt"],"picked":"Wild Strike","floor":4},{"not_picked":["Heavy Blade","Barricade","Anger"],"picked":"SKIP","floor":7},{"not_picked":["Clash","Twin Strike"],"picked":"Infernal Blade","floor":10},{"not_picked":["Shrug It Off","Burning Pact"],"picked":"Feel No Pain","floor":14},{"not_picked":["Spot Weakness","Entrench"],"picked":"Shrug It Off","floor":15}],"player_experience":26065,"relics_obtained":[{"floor":7,"key":"Thread and Needle"},{"floor":12,"key":"Potion Belt"},{"floor":14,"key":"Dream Catcher"}],"event_choices":[{"cards_removed":["Bash"],"damage_healed":0,"gold_gain":0,"player_choice":"Forget","damage_taken":0,"max_hp_gain":0,"max_hp_loss":0,"event_name":"Living Wall","floor":2,"gold_loss":0},{"cards_removed":["Strike_R"],"damage_healed":0,"gold_gain":0,"player_choice":"Card Removal","damage_taken":7,"max_hp_gain":0,"max_hp_loss":0,"event_name":"Golden Wing","floor":3,"gold_loss":0},{"damage_healed":0,"gold_gain":0,"player_choice":"Upgraded","damage_taken":0,"max_hp_gain":0,"max_hp_loss":0,"event_name":"Upgrade Shrine","floor":13,"gold_loss":0,"cards_upgraded":["Shrug It Off"]}],"is_beta":false,"boss_relics":[],"items_purged_floors":[],"is_endless":false,"potions_floor_spawned":[1],"killed_by":"Hexaghost","ascension_level":0}