{"gold_per_floor":[112,31,50,66,84,117,117,117,167,179,213,213,213,183,183,282,282,251,265,276,276,276,276,276],"floor_reached":24,"playtime":6606,"items_purged":[],"score":206,"play_id":"9cac1039-5471-48a2-8a74-a8c40e56d40d","local_time":"20190809184527","is_ascension_mode":false,"campfire_choices":[{"floor":8,"key":"REST"},{"floor":12,"key":"REST"},{"floor":15,"key":"REST"},{"floor":23,"key":"REST"}],"neow_cost":"NONE","seed_source_timestamp":1563757341910500,"circlet_count":0,"master_deck":["Strike_G","Strike_G","Strike_G","Strike_G","Defend_G","Defend_G","Defend_G","Defend_G","Defend_G","Survivor","Neutralize","Quick Slash","Noxious Fumes","Deflect","Quick Slash","Deadly Poison","Poisoned Stab","Dagger Throw","Tools of the Trade","Predator","Backflip","Deflect","Backstab","Sucker Punch+1","Deflect"],"relics":["Ring of the Snake","NeowsBlessing","Paper Crane","Pen Nib","Strawberry","Orrery","Sundial"],"potions_floor_usage":[],"damage_taken":[{"damage":0,"enemies":"Jaw Worm","floor":1,"turns":1},{"damage":0,"enemies":"2 Louse","floor":3,"turns":2},{"damage":0,"enemies":"Small Slimes","floor":4,"turns":1},{"damage":19,"enemies":"Gremlin Gang","floor":5,"turns":6},{"damage":25,"enemies":"Lagavulin","floor":6,"turns":9},{"damage":3,"enemies":"2 Fungi Beasts","floor":10,"turns":4},{"damage":21,"enemies":"3 Sentries","floor":11,"turns":8},{"damage":0,"enemies":"Looter","floor":14,"turns":4},{"damage":51,"enemies":"The Guardian","floor":16,"turns":11},{"damage":28,"enemies":"2 Thieves","floor":18,"turns":5},{"damage":19,"enemies":"Spheric Guardian","floor":19,"turns":7},{"damage":25,"enemies":"Snake Plant","floor":20,"turns":6},{"damage":63,"enemies":"3 Cultists","floor":24,"turns":6}],"seed_played":"-6468124309670073780","potions_obtained":[{"floor":4,"key":"Ancient Potion"},{"floor":5,"key":"Regen Potion"},{"floor":10,"key":"EssenceOfSteel"},{"floor":16,"key":"Ancient Potion"}],"is_trial":false,"path_per_floor":["M","$","M","M","M","E","?","R","T","M","E","R","?","M","R","B",null,"M","M","M","?","T","R","M"],"character_chosen":"THE_SILENT","items_purchased":["Noxious Fumes"],"campfire_rested":4,"item_purchase_floors":[2],"current_hp_per_floor":[70,70,70,70,51,26,26,47,47,44,30,53,53,53,76,25,77,49,30,5,30,30,53,0],"gold":276,"neow_bonus":"THREE_ENEMY_KILL","is_prod":false,"is_daily":false,"chose_seed":false,"campfire_upgraded":0,"win_rate":0.0,"timestamp":1565369127,"path_taken":["M","$","M","M","M","E","?","R","T","M","E","R","?","M","R","BOSS","M","M","M","?","?","R","M"],"build_version":"2019-07-17","purchased_purges":0,"victory":false,"max_hp_per_floor":[70,70,70,70,70,70,70,70,70,70,77,77,77,77,77,77,77,77,77,77,77,77,77,77],"card_choices":[{"not_picked":["Dagger Throw","Acrobatics"],"picked":"Quick Slash","floor":1},{"not_picked":["Dagger Throw","Dodge and Roll"],"picked":"Deflect","floor":3},{"not_picked":["Deadly Poison","Finisher"],"picked":"Quick Slash","floor":4},{"not_picked":["Outmaneuver","Escape Plan","PiercingWail"],"picked":"SKIP","floor":5},{"not_picked":["Eviscerate","Outmaneuver","Burst"],"picked":"SKIP","floor":6},{"not_picked":["Acrobatics","Prepared"],"picked":"Deadly Poison","floor":10},{"not_picked":["Escape Plan","Underhanded Strike"],"picked":"Poisoned Stab","floor":11},{"not_picked":["Caltrops","Crippling Poison"],"picked":"Dagger Throw","floor":14},{"not_picked":["Venomology","Doppelganger"],"picked":"Tools of the Trade","floor":16},{"not_picked":["Blade Dance","Deflect"],"picked":"Predator","floor":17},{"not_picked":["Finisher","Flechettes"],"picked":"Backflip","floor":17},{"not_picked":["Quick Slash","Dodge and Roll"],"picked":"Deflect","floor":17},{"not_picked":["Quick Slash","Deadly Poison"],"picked":"Backstab","floor":17},{"not_picked":["Deflect","Choke"],"picked":"Sucker Punch+1","floor":18},{"not_picked":["Flechettes","Deadly Poison","Bullet Time"],"picked":"SKIP","floor":19},{"not_picked":["Blade Dance+1","Flying Knee"],"picked":"Deflect","floor":20}],"player_experience":354374,"relics_obtained":[{"floor":6,"key":"Paper Crane"},{"floor":9,"key":"Pen Nib"},{"floor":11,"key":"Strawberry"},{"floor":22,"key":"Sundial"}],"event_choices":[{"damage_healed":0,"gold_gain":0,"player_choice":"Ignored","damage_taken":0,"max_hp_gain":0,"max_hp_loss":0,"event_name":"Liars Game","floor":7,"gold_loss":0},{"cards_removed":["Strike_G"],"damage_healed":0,"gold_gain":0,"player_choice":"Forget","damage_taken":0,"max_hp_gain":0,"max_hp_loss":0,"event_name":"Living Wall","floor":13,"gold_loss":0},{"damage_healed":25,"gold_gain":0,"player_choice":"Heal","damage_taken":0,"max_hp_gain":0,"max_hp_loss":0,"event_name":"The Library","floor":21,"gold_loss":0}],"is_beta":false,"boss_relics":[{"not_picked":["HoveringKite","Fusion Hammer"],"picked":"Orrery"}],"items_purged_floors":[],"is_endless":false,"potions_floor_spawned":[4,5,10,11,16,20],"killed_by":"3 Cultists","ascension_level":0}