{"gold_per_floor":[109,184,184,334,28,61,79,79,79,79,99,99,124,10,10,89,89,102,112,112],"floor_reached":20,"playtime":736,"items_purged":["Doubt"],"score":410,"play_id":"cd8445b9-0268-47c9-8cc3-f13baca9a85b","local_time":"20190413114457","is_ascension_mode":true,"campfire_choices":[{"data":"Fission","floor":8.0,"key":"SMITH"},{"data":"Discovery","floor":10.0,"key":"SMITH"},{"data":"Chaos","floor":12.0,"key":"SMITH"},{"data":"Dualcast","floor":15.0,"key":"SMITH"}],"neow_cost":"NONE","seed_source_timestamp":643591735751,"circlet_count":0,"master_deck":["AscendersBane","Strike_B","Strike_B","Strike_B","Strike_B","Defend_B","Defend_B","Defend_B","Defend_B","Zap","Dualcast+1","Genetic Algorithm","Discovery+1","Fission+1","Cold Snap","Chaos+1","Streamline","Heatsinks","Recycle"],"special_seed":0,"relics":["Cracked Core","NeowsBlessing","Membership Card","Oddly Smooth Stone","Bottled Lightning","OrangePellets","Nuclear Battery"],"potions_floor_usage":[],"damage_taken":[{"damage":0.0,"enemies":"Jaw Worm","floor":1.0,"turns":1.0},{"damage":0.0,"enemies":"3 Sentries","floor":6.0,"turns":1.0},{"damage":0.0,"enemies":"Small Slimes","floor":7.0,"turns":1.0},{"damage":2.0,"enemies":"2 Louse","floor":11.0,"turns":3.0},{"damage":1.0,"enemies":"Gremlin Nob","floor":13.0,"turns":3.0},{"damage":47.0,"enemies":"The Guardian","floor":16.0,"turns":11.0},{"damage":10,"enemies":"2 Thieves","floor":18,"turns":4},{"damage":7,"enemies":"Spheric Guardian","floor":19,"turns":4},{"damage":35,"enemies":"Snecko","floor":20,"turns":9}],"seed_played":"-2384718979739065432","potions_obtained":[{"floor":6.0,"key":"SteroidPotion"},{"floor":11.0,"key":"Dexterity Potion"}],"is_trial":false,"path_per_floor":["M","?","?","?","$","E","M","R","T","R","M","R","E","$","R","B",null,"M","M","M"],"character_chosen":"DEFECT","items_purchased":["Membership Card","Discovery","OrangePellets"],"campfire_rested":0,"item_purchase_floors":[5,5,14],"current_hp_per_floor":[64,53,53,53,53,53,53,53,53,53,51,51,50,50,50,3,54,44,37,2],"gold":112,"neow_bonus":"THREE_ENEMY_KILL","is_prod":false,"is_daily":false,"chose_seed":false,"campfire_upgraded":4,"win_rate":0,"timestamp":1555127097,"path_taken":["M","?","?","?","$","E","?","R","T","R","M","R","E","$","R","BOSS","M","M","M"],"build_version":"2019-01-23","purchased_purges":1,"victory":false,"max_hp_per_floor":[71,71,71,71,71,71,71,71,71,71,71,71,71,71,71,71,71,71,71,71],"card_choices":[{"not_picked":["Compile Driver","Steam"],"picked":"Genetic Algorithm","floor":1.0},{"not_picked":["Rebound","Streamline"],"picked":"Fission","floor":6.0},{"not_picked":["Go for the Eyes","Barrage"],"picked":"Cold Snap","floor":7.0},{"not_picked":["Turbo","Sweeping Beam"],"picked":"Chaos","floor":11.0},{"not_picked":["Gash","Scrape"],"picked":"Streamline","floor":13.0},{"not_picked":["Ball Lightning","Streamline+1"],"picked":"Heatsinks","floor":18},{"not_picked":["Sweeping Beam","Turbo"],"picked":"Recycle","floor":19}],"player_experience":933156,"relics_obtained":[{"floor":9.0,"key":"Oddly Smooth Stone"},{"floor":13.0,"key":"Bottled Lightning"}],"event_choices":[{"damage_healed":0.0,"max_hp_gain":0.0,"max_hp_loss":0.0,"gold_gain":75.0,"event_name":"World of Goop","player_choice":"Gather Gold","floor":2.0,"gold_loss":0.0,"damage_taken":11.0},{"damage_healed":0.0,"max_hp_gain":0.0,"max_hp_loss":0.0,"gold_gain":0.0,"event_name":"The Cleric","player_choice":"Leave","floor":3.0,"gold_loss":0.0,"damage_taken":0.0},{"damage_healed":0.0,"max_hp_gain":0.0,"max_hp_loss":0.0,"gold_gain":150.0,"event_name":"Liars Game","player_choice":"AGREE","floor":4.0,"gold_loss":0.0,"damage_taken":0.0,"cards_obtained":["Doubt"]}],"is_beta":false,"boss_relics":[{"not_picked":["Tiny House","Sozu"],"picked":"Nuclear Battery"}],"items_purged_floors":[5],"is_endless":false,"potions_floor_spawned":[6,11],"killed_by":"Snecko","ascension_level":20}