{"gold_per_floor":[112,130,130,141,141,172,172,185,233,258,270,166,166,179,179,305,305,329,279,305,330,330,330],"floor_reached":23,"playtime":1047,"items_purged":[],"score":296,"play_id":"67191e41-dd35-46db-9380-65bf413f0eaa","local_time":"20180813185721","is_ascension_mode":true,"campfire_choices":[{"data":"Coolheaded","floor":7.0,"key":"SMITH"},{"data":"Chaos","floor":15.0,"key":"SMITH"}],"neow_cost":"","seed_source_timestamp":0,"circlet_count":0,"master_deck":["Zap","Dualcast","AscendersBane","Auto Shields","Chill","Coolheaded+1","Streamline","All For One","Defragment","Go for the Eyes","Deep Breath","Chaos+1","Defragment","Multi-Cast","Conserve Battery","Beam Cell","Chill","Melter","Compile Driver","Hello World","Double Energy"],"special_seed":0,"relics":["Cracked Core","Bloody Idol","Blue Candle","MawBank","Pandora\u0027s Box","Boot"],"potions_floor_usage":[],"damage_taken":[{"damage":2.0,"enemies":"Jaw Worm","floor":1.0,"turns":3.0},{"damage":0.0,"enemies":"2 Louse","floor":2.0,"turns":4.0},{"damage":0.0,"enemies":"Cultist","floor":4.0,"turns":4.0},{"damage":11.0,"enemies":"3 Sentries","floor":6.0,"turns":11.0},{"damage":0.0,"enemies":"Large Slime","floor":8.0,"turns":5.0},{"damage":13.0,"enemies":"Exordium Wildlife","floor":10.0,"turns":5.0},{"damage":0.0,"enemies":"Exordium Thugs","floor":14.0,"turns":5.0},{"damage":18.0,"enemies":"The Guardian","floor":16.0,"turns":11.0},{"damage":7.0,"enemies":"2 Thieves","floor":18.0,"turns":5.0},{"damage":12,"enemies":"Chosen","floor":21,"turns":4},{"damage":48,"enemies":"Slavers","floor":23,"turns":3}],"seed_played":"-6391132822055240055","potions_obtained":[{"floor":2.0,"key":"Swift Potion"},{"floor":6.0,"key":"Energy Potion"},{"floor":16.0,"key":"EssenceOfSteel"}],"is_trial":false,"path_per_floor":["M","M","?","M","?","E","R","M","T","M","?","$","?","M","R","B",null,"M","?","T","M","?"],"character_chosen":"DEFECT","items_purchased":["Go for the Eyes","Deep Breath"],"campfire_rested":0,"item_purchase_floors":[12,12],"current_hp_per_floor":[66,66,66,66,66,55,55,55,55,42,42,42,42,42,42,24,58,51,51,51,39,39,0],"gold":330,"neow_bonus":"","is_prod":false,"is_daily":false,"chose_seed":false,"campfire_upgraded":2,"win_rate":0,"timestamp":1534157841,"path_taken":["M","M","?","?","?","E","R","M","T","?","?","?","?","?","R","BOSS","M","?","?","M","?","E"],"build_version":"2018-08-09","purchased_purges":0,"victory":false,"max_hp_per_floor":[75,75,75,75,69,69,69,69,69,69,69,69,69,69,69,69,69,69,69,69,69,69,69],"card_choices":[{"not_picked":["Conserve Battery","Recycle"],"picked":"Auto Shields","floor":1.0},{"not_picked":["Heatsinks","Recycle"],"picked":"Chill","floor":2.0},{"not_picked":["Loop","Heatsinks"],"picked":"Coolheaded","floor":4.0},{"not_picked":["Sweeping Beam","Cold Snap"],"picked":"Streamline","floor":6.0},{"not_picked":["Redo","Sweeping Beam"],"picked":"All For One","floor":8.0},{"not_picked":["Redo","Stack"],"picked":"Defragment","floor":10.0},{"not_picked":["Barrage","Undo"],"picked":"Defragment","floor":14.0},{"not_picked":["Fission","Biased Cognition"],"picked":"Multi-Cast","floor":16.0},{"not_picked":["Self Repair+1","Rip and Tear+1"],"picked":"Double Energy","floor":18.0},{"not_picked":["Streamline","Coolheaded","Hello World+1"],"picked":"SKIP","floor":21}],"player_experience":238469,"relics_obtained":[{"floor":6.0,"key":"Blue Candle"},{"floor":9.0,"key":"MawBank"},{"floor":20,"key":"Boot"}],"event_choices":[{"event_name":"The Cleric","player_choice":"Leave","floor":3.0,"damage_taken":0.0},{"event_name":"Golden Idol","player_choice":"Lose Max HP","floor":5.0,"damage_taken":0.0},{"event_name":"Wheel of Change","player_choice":"Card Removal","floor":11.0,"damage_taken":0.0},{"event_name":"Living Wall","player_choice":"Change","floor":13.0,"damage_taken":0.0},{"event_name":"The Joust","player_choice":"Bet on Murderer","floor":19,"damage_taken":0},{"event_name":"Forgotten Altar","player_choice":"Gave Idol","floor":22,"damage_taken":0}],"is_beta":false,"boss_relics":[{"not_picked":["Lizard Tail","Runic Pyramid"],"picked":"Pandora\u0027s Box"}],"items_purged_floors":[],"is_endless":false,"potions_floor_spawned":[2,6,10,14,16],"killed_by":"Slavers","ascension_level":11}