{"gold_per_floor":[119,119,138,152,5,5,0,0,26,26,2,2,2,14,14,117,117],"floor_reached":17,"playtime":956,"items_purged":[],"score":164,"play_id":"af7ccc72-0d4f-41e6-9351-0d62e019937e","local_time":"20180830133431","is_ascension_mode":true,"campfire_choices":[{"data":"Noxious Fumes","floor":6.0,"key":"SMITH"},{"data":"Neutralize","floor":8.0,"key":"SMITH"},{"data":"Concentrate","floor":13.0,"key":"SMITH"},{"data":"Leg Sweep","floor":15.0,"key":"SMITH"}],"neow_cost":"","seed_source_timestamp":0,"circlet_count":0,"master_deck":["Defend_G","Defend_G","Defend_G+1","Defend_G","Defend_G","Strike_G","Strike_G+1","Strike_G","Strike_G","Strike_G","Survivor","Neutralize+1","Concentrate+1","Noxious Fumes+1","Leg Sweep+1","Die Die Die","Dagger Spray","Quick Slash","Glass Knife","Malaise"],"special_seed":0,"relics":["Ring of the Snake","Dead Branch","Juzu Bracelet"],"potions_floor_usage":[],"damage_taken":[{"damage":0.0,"enemies":"2 Louse","floor":1.0,"turns":2.0},{"damage":7.0,"enemies":"Jaw Worm","floor":3.0,"turns":7.0},{"damage":1.0,"enemies":"Cultist","floor":4.0,"turns":3.0},{"damage":3.0,"enemies":"Looter","floor":7.0,"turns":4.0},{"damage":11.0,"enemies":"3 Louse","floor":14.0,"turns":2.0},{"damage":9.0,"enemies":"Hexaghost","floor":16.0,"turns":13.0}],"seed_played":"-8441146227058381017","potions_obtained":[{"floor":4.0,"key":"FearPotion"},{"floor":14.0,"key":"Explosive Potion"},{"floor":16.0,"key":"Regen Potion"}],"is_trial":false,"path_per_floor":["M","?","M","M","$","R","M","R","T","?","$","?","R","M","R","B"],"character_chosen":"THE_SILENT","items_purchased":["Die Die Die","Quick Slash"],"campfire_rested":0,"item_purchase_floors":[5,11],"current_hp_per_floor":[70,52,45,44,44,44,41,41,41,27,27,27,27,16,16,7,7],"gold":117,"neow_bonus":"","is_prod":false,"is_daily":false,"chose_seed":false,"campfire_upgraded":4,"win_rate":0,"timestamp":1535607271,"path_taken":["M","?","M","M","$","R","M","R","T","?","?","?","R","M","R","BOSS"],"build_version":"2018-08-28","purchased_purges":0,"victory":false,"max_hp_per_floor":[70,70,70,70,70,70,70,70,70,70,70,70,70,70,70,70,70],"card_choices":[{"not_picked":["Sucker Punch","Infinite Blades"],"picked":"Concentrate","floor":1.0},{"not_picked":["Backflip","PiercingWail"],"picked":"Noxious Fumes","floor":3.0},{"not_picked":["Escape Plan","Blade Dance"],"picked":"Leg Sweep","floor":4.0},{"not_picked":["Underhanded Strike","Blade Dance"],"picked":"Dagger Spray","floor":7.0},{"not_picked":["Calculated Gamble","Setup"],"picked":"Glass Knife","floor":14.0},{"not_picked":["Wraith Form v2","Glass Knife"],"picked":"Malaise","floor":16.0}],"player_experience":275769,"relics_obtained":[{"floor":9.0,"key":"Juzu Bracelet"}],"event_choices":[{"event_name":"Scrap Ooze","player_choice":"success","floor":2.0,"damage_taken":18.0},{"event_name":"Shining Light","player_choice":"Entered Light","floor":10.0,"damage_taken":0.0},{"event_name":"The Cleric","player_choice":"Leave","floor":12.0,"damage_taken":0.0}],"is_beta":true,"boss_relics":[],"items_purged_floors":[],"is_endless":false,"potions_floor_spawned":[4,14,16],"ascension_level":3}