{"gold_per_floor":[115,4,4,19,39,72,90,90,144,207,217,250,250,90,90,90],"floor_reached":16,"playtime":638,"items_purged":["Barrage"],"score":176,"play_id":"647af255-fde0-4775-a5ec-a0ae3bbc4ecd","local_time":"20181007133514","is_ascension_mode":true,"campfire_choices":[{"data":"Chaos","floor":8,"key":"SMITH"},{"data":"Defragment","floor":13,"key":"SMITH"},{"data":"Genetic Algorithm","floor":15,"key":"SMITH"}],"neow_cost":"NONE","seed_source_timestamp":7948410064387,"circlet_count":0,"master_deck":["Zap","Dualcast","AscendersBane","Rebound","Glacier","Barrage","Recycle","Heatsinks","Chaos+1","Conserve Battery","Reinforced Body","Defragment+1","Sunder","Genetic Algorithm+1","Rainbow","Skim","Cold Snap","Turbo","Meteor Strike"],"relics":["Pandora\u0027s Box","Dodecahedron","DataDisk","Orichalcum","Peace Pipe"],"potions_floor_usage":[6],"damage_taken":[{"damage":16,"enemies":"2 Louse","floor":1,"turns":3},{"damage":4,"enemies":"Small Slimes","floor":4,"turns":4},{"damage":0,"enemies":"Jaw Worm","floor":5,"turns":6},{"damage":4,"enemies":"3 Sentries","floor":6,"turns":8},{"damage":10,"enemies":"Large Slime","floor":7,"turns":5},{"damage":1,"enemies":"Lagavulin Event","floor":10,"turns":5},{"damage":12,"enemies":"Lots of Slimes","floor":11,"turns":3},{"damage":12,"enemies":"Gremlin Nob","floor":12,"turns":6},{"damage":10,"enemies":"Hexaghost","floor":16,"turns":7}],"seed_played":"-8832139198370521271","potions_obtained":[{"floor":4,"key":"SkillPotion"},{"floor":10,"key":"Strength Potion"},{"floor":11,"key":"FocusPotion"}],"is_trial":false,"path_per_floor":["M","$","?","M","M","E","M","R","T","?","M","E","R","$","R"],"character_chosen":"DEFECT","items_purchased":["Defragment","Meteor Strike"],"campfire_rested":0,"item_purchase_floors":[2,14],"current_hp_per_floor":[52,52,52,48,48,44,34,34,34,33,21,9,9,9,9,0],"gold":90,"neow_bonus":"BOSS_RELIC","is_prod":false,"is_daily":false,"chose_seed":false,"campfire_upgraded":3,"win_rate":0,"timestamp":1538890514,"path_taken":["M","$","?","M","M","E","M","R","T","?","M","E","R","$","R","BOSS"],"build_version":"2018-10-04","purchased_purges":1,"victory":false,"max_hp_per_floor":[75,75,75,75,75,75,75,75,75,75,75,75,75,75,75,75],"card_choices":[{"not_picked":["Barrage","Hologram"],"picked":"Reinforced Body","floor":1},{"not_picked":["Compile Driver","Leap"],"picked":"Sunder","floor":4},{"not_picked":["Rebound","Barrage"],"picked":"Genetic Algorithm","floor":5},{"not_picked":["Turbo","Doom and Gloom"],"picked":"Rainbow","floor":6},{"not_picked":["Conserve Battery","Steam"],"picked":"Skim","floor":7},{"not_picked":["Compile Driver","Blizzard"],"picked":"Cold Snap","floor":11},{"not_picked":["Beam Cell","Lockon"],"picked":"Turbo","floor":12}],"player_experience":425390,"relics_obtained":[{"floor":6,"key":"Dodecahedron"},{"floor":9,"key":"DataDisk"},{"floor":10,"key":"Orichalcum"},{"floor":12,"key":"Peace Pipe"}],"event_choices":[{"event_name":"The Cleric","player_choice":"Leave","floor":3,"damage_taken":0},{"event_name":"Dead Adventurer","player_choice":"Searched \u00272\u0027 times","floor":10,"damage_taken":0}],"is_beta":true,"boss_relics":[],"items_purged_floors":[2],"is_endless":false,"potions_floor_spawned":[4,10,11,12],"killed_by":"Hexaghost","ascension_level":12}