{"gold_per_floor":[117,134,145,145,158,191,41,41,109,109,126,126,126,51,51,151,151,171,186,186,186,204,204,224,224,249,249,262,262,262,293,293,396,396,415,415,143,143,153,153,153],"floor_reached":41,"playtime":7764,"items_purged":["Pain"],"score":409,"play_id":"e74b7cf3-daaf-4a10-ae4e-5336f57b317e","local_time":"20190805205738","is_ascension_mode":false,"campfire_choices":[{"floor":8,"key":"REST"},{"data":"Dualcast","floor":10,"key":"SMITH"},{"data":"Storm","floor":12,"key":"SMITH"},{"floor":15,"key":"REST"},{"floor":23,"key":"REST"},{"data":"Beam Cell","floor":25,"key":"SMITH"},{"floor":27,"key":"REST"},{"data":"Storm","floor":32,"key":"SMITH"},{"data":"Machine Learning","floor":40,"key":"SMITH"}],"neow_cost":"NONE","seed_source_timestamp":83411322361745,"circlet_count":0,"master_deck":["Strike_B","Strike_B","Defend_B","Defend_B","Defend_B","Zap+1","Dualcast+1","Doom and Gloom","Coolheaded+1","Ball Lightning","Steam","Hologram","Storm+1","All For One","Sweeping Beam+1","Beam Cell+1","Sweeping Beam+1","Machine Learning+1","Storm+1","Electrodynamics","Scrape+1","Self Repair","Ball Lightning","Capacitor"],"relics":["Cracked Core","Bird Faced Urn","War Paint","WarpedTongs","Empty Cage","Kunai","Lantern","Nloth\u0027s Gift","Juzu Bracelet","Inserter","Happy Flower"],"potions_floor_usage":[33,33,41,41],"damage_taken":[{"damage":1,"enemies":"Cultist","floor":1,"turns":3},{"damage":7,"enemies":"Small Slimes","floor":2,"turns":3},{"damage":5,"enemies":"2 Louse","floor":3,"turns":2},{"damage":21,"enemies":"Exordium Wildlife","floor":5,"turns":4},{"damage":23,"enemies":"Lagavulin","floor":6,"turns":5},{"damage":6,"enemies":"Gremlin Gang","floor":11,"turns":3},{"damage":51,"enemies":"Hexaghost","floor":16,"turns":8},{"damage":10,"enemies":"Spheric Guardian","floor":18,"turns":4},{"damage":13,"enemies":"3 Byrds","floor":19,"turns":5},{"damage":10,"enemies":"Cultist and Chosen","floor":22,"turns":5},{"damage":2,"enemies":"Chosen and Byrds","floor":24,"turns":5},{"damage":5,"enemies":"Shelled Parasite and Fungi","floor":28,"turns":4},{"damage":18,"enemies":"Gremlin Leader","floor":31,"turns":5},{"damage":36,"enemies":"Automaton","floor":33,"turns":10},{"damage":11,"enemies":"Orb Walker","floor":35,"turns":3},{"damage":7,"enemies":"3 Shapes","floor":39,"turns":2},{"damage":94,"enemies":"Giant Head","floor":41,"turns":7}],"seed_played":"-1104203040077068836","potions_obtained":[{"floor":1,"key":"Dexterity Potion"},{"floor":2,"key":"SteroidPotion"},{"floor":6,"key":"GamblersBrew"},{"floor":19,"key":"FearPotion"},{"floor":39,"key":"Fire Potion"}],"is_trial":false,"path_per_floor":["M","M","M","?","M","E","$","R","T","R","M","R","?","$","R","B",null,"M","M","?","T","M","R","M","R","T","R","M","?","?","E","R","B",null,"M","?","$","?","M","R","E"],"character_chosen":"DEFECT","items_purchased":["War Paint","Happy Flower","Self Repair","Ball Lightning"],"campfire_rested":4,"item_purchase_floors":[7,37,37,37],"current_hp_per_floor":[81,74,69,69,48,25,25,49,49,49,43,43,43,43,67,18,82,72,59,43,43,33,59,59,59,59,85,80,80,80,66,66,36,87,78,78,78,78,86,86,0],"gold":153,"neow_bonus":"TEN_PERCENT_HP_BONUS","is_prod":false,"is_daily":false,"chose_seed":false,"campfire_upgraded":5,"win_rate":0.0,"timestamp":1565031458,"path_taken":["M","M","?","?","M","E","?","R","T","R","M","R","?","$","R","BOSS","M","?","?","?","?","R","M","R","T","R","M","?","?","E","R","BOSS","M","?","$","?","M","R","E"],"build_version":"2019-07-17","purchased_purges":1,"victory":false,"max_hp_per_floor":[82,82,82,82,82,82,82,82,82,82,82,82,82,82,82,82,82,82,82,87,87,87,87,87,87,87,87,87,87,87,87,87,87,87,87,87,87,87,87,87,87],"card_choices":[{"not_picked":["White Noise","Coolheaded"],"picked":"Doom and Gloom","floor":1},{"not_picked":["Consume","Darkness"],"picked":"Coolheaded","floor":2},{"not_picked":["Storm","Aggregate"],"picked":"Ball Lightning","floor":3},{"not_picked":["Capacitor","Leap"],"picked":"Steam","floor":5},{"not_picked":["Lockon","Aggregate"],"picked":"Hologram","floor":6},{"not_picked":["Barrage","Gash","Leap"],"picked":"Storm","floor":11},{"not_picked":["Seek","Buffer","Multi-Cast"],"picked":"All For One","floor":16},{"not_picked":["Sweeping Beam","Auto Shields+1","Capacitor"],"picked":"Conserve Battery","floor":18},{"not_picked":["Beam Cell","Leap","Melter"],"picked":"Sweeping Beam+1","floor":19},{"not_picked":["Melter","Hologram","Barrage"],"picked":"Beam Cell","floor":22},{"not_picked":["Skim","Glacier","Stack"],"picked":"Sweeping Beam+1","floor":24},{"not_picked":["Chill","Capacitor","Tempest+1"],"picked":"Machine Learning","floor":28},{"not_picked":["Darkness","Creative AI"],"picked":"Storm","floor":31},{"not_picked":["Seek","Thunder Strike"],"picked":"Electrodynamics","floor":33},{"not_picked":["Hologram","Steam+1"],"picked":"Scrape+1","floor":35},{"not_picked":["Compile Driver","Barrage"],"picked":"Capacitor","floor":39}],"player_experience":4297,"relics_obtained":[{"floor":6,"key":"Bird Faced Urn"},{"floor":9,"key":"Question Card"},{"floor":21,"key":"Kunai"},{"floor":26,"key":"Lantern"},{"floor":31,"key":"Juzu Bracelet"}],"event_choices":[{"cards_removed":["Defend_B"],"damage_healed":0,"gold_gain":0,"player_choice":"Purged","damage_taken":0,"max_hp_gain":0,"max_hp_loss":0,"event_name":"Purifier","floor":4,"gold_loss":0},{"damage_healed":0,"gold_gain":0,"player_choice":"Rummage","damage_taken":0,"relics_obtained":["WarpedTongs"],"max_hp_gain":0,"max_hp_loss":0,"event_name":"Accursed Blacksmith","floor":13,"gold_loss":0,"cards_obtained":["Pain"]},{"damage_healed":0,"gold_gain":0,"player_choice":"Shed Blood","damage_taken":21,"max_hp_gain":5,"max_hp_loss":0,"event_name":"Forgotten Altar","floor":20,"gold_loss":0},{"damage_healed":0,"gold_gain":0,"player_choice":"Ignored","damage_taken":0,"max_hp_gain":0,"max_hp_loss":0,"event_name":"Vampires","floor":29,"gold_loss":0},{"damage_healed":0,"gold_gain":0,"player_choice":"Traded Relic","damage_taken":0,"relics_obtained":["Nloth\u0027s Gift"],"max_hp_gain":0,"max_hp_loss":0,"event_name":"N\u0027loth","floor":30,"relics_lost":["Question Card"],"gold_loss":0},{"damage_healed":0,"gold_gain":0,"player_choice":"Ignored","damage_taken":0,"max_hp_gain":0,"max_hp_loss":0,"event_name":"Tomb of Lord Red Mask","floor":36,"gold_loss":0},{"cards_removed":["Conserve Battery"],"damage_healed":0,"gold_gain":0,"player_choice":"Removed Skill","damage_taken":0,"max_hp_gain":0,"max_hp_loss":0,"event_name":"Falling","floor":38,"gold_loss":0}],"is_beta":false,"boss_relics":[{"not_picked":["Lizard Tail","Coffee Dripper"],"picked":"Empty Cage"},{"not_picked":["Runic Pyramid","Orrery"],"picked":"Inserter"}],"items_purged_floors":[14],"is_endless":false,"potions_floor_spawned":[1,2,6,19,22,31,39],"killed_by":"Giant Head","ascension_level":0}