{"gold_per_floor":[109,109,120,120,120,120,150,150,228,228,245,265,66,80,80,184,184,204,223,234,250,285,285,303,303,303,303,320,320,109,142,142,142],"floor_reached":33,"playtime":1117,"items_purged":[],"score":317,"play_id":"a920c168-59ca-460e-b31b-f6295a81a185","local_time":"20190804083012","is_ascension_mode":false,"campfire_choices":[{"floor":6,"key":"REST"},{"data":"Clash","floor":8,"key":"SMITH"},{"floor":10,"key":"REST"},{"data":"Whirlwind","floor":15,"key":"SMITH"},{"floor":23,"key":"REST"},{"floor":25,"key":"REST"},{"data":"Bloodletting","floor":29,"key":"SMITH"},{"data":"Perfected Strike","floor":32,"key":"SMITH"}],"neow_cost":"NONE","seed_source_timestamp":1035336998925147,"circlet_count":0,"master_deck":["Strike_R","Strike_R","Strike_R+1","Strike_R","Strike_R","Defend_R","Defend_R","Defend_R","Defend_R+1","Bash+1","Whirlwind+1","Sword Boomerang","Clash+1","Sever Soul","Whirlwind+1","Battle Trance+1","Fiend Fire","Perfected Strike","Clothesline","Perfected Strike+1","Bloodletting+1","Iron Wave","Inflame+1"],"relics":["Runic Dome","Frozen Egg 2","Whetstone","Dodecahedron","Chemical X","Busted Crown","Red Mask","Regal Pillow","War Paint","Ornamental Fan"],"potions_floor_usage":[20,31,33],"damage_taken":[{"damage":21,"enemies":"2 Louse","floor":1,"turns":3},{"damage":1,"enemies":"Cultist","floor":3,"turns":3},{"damage":21,"enemies":"Lagavulin","floor":7,"turns":5},{"damage":0,"enemies":"Small Slimes","floor":11,"turns":1},{"damage":0,"enemies":"Looter","floor":12,"turns":1},{"damage":0,"enemies":"Gremlin Gang","floor":14,"turns":1},{"damage":0,"enemies":"Slime Boss","floor":16,"turns":3},{"damage":0,"enemies":"Shell Parasite","floor":18,"turns":2},{"damage":0,"enemies":"Spheric Guardian","floor":19,"turns":3},{"damage":15,"enemies":"Centurion and Healer","floor":20,"turns":3},{"damage":15,"enemies":"Snake Plant","floor":21,"turns":2},{"damage":0,"enemies":"Masked Bandits","floor":22,"turns":1},{"damage":17,"enemies":"Sentry and Sphere","floor":24,"turns":4},{"damage":7,"enemies":"Cultist and Chosen","floor":28,"turns":3},{"damage":16,"enemies":"Gremlin Leader","floor":31,"turns":4},{"damage":63,"enemies":"Champ","floor":33,"turns":6}],"seed_played":"2772355211901613686","potions_obtained":[{"floor":1,"key":"SpeedPotion"},{"floor":3,"key":"SkillPotion"},{"floor":11,"key":"Poison Potion"},{"floor":16,"key":"AttackPotion"},{"floor":18,"key":"Block Potion"},{"floor":19,"key":"Swift Potion"},{"floor":21,"key":"Strength Potion"}],"is_trial":false,"path_per_floor":["M","?","M","?","?","R","E","R","T","R","M","M","$","M","R","B",null,"M","M","M","M","?","R","M","R","T","?","M","R","$","E","R","B"],"character_chosen":"IRONCLAD","items_purchased":["Chemical X","War Paint","Inflame+1"],"campfire_rested":4,"item_purchase_floors":[13,30,30],"current_hp_per_floor":[59,59,58,58,58,80,59,59,59,80,80,80,80,80,80,80,80,80,80,65,50,50,74,57,80,80,80,73,73,73,57,57,0],"gold":142,"neow_bonus":"BOSS_RELIC","is_prod":false,"is_daily":false,"chose_seed":false,"campfire_upgraded":4,"win_rate":0.0,"timestamp":1564921812,"path_taken":["M","?","M","?","?","R","E","R","T","R","M","?","$","M","R","BOSS","M","M","M","M","?","R","M","R","T","?","M","R","$","E","R","BOSS"],"build_version":"2019-06-28","purchased_purges":0,"victory":false,"max_hp_per_floor":[80,80,80,80,80,80,80,80,80,80,80,80,80,80,80,80,80,80,80,80,80,80,80,80,80,80,80,80,80,80,80,80,80],"card_choices":[{"not_picked":["Thunderclap","Entrench"],"picked":"Whirlwind","floor":1},{"not_picked":["Rupture","Iron Wave"],"picked":"Sword Boomerang","floor":3},{"not_picked":["True Grit","Intimidate"],"picked":"Clash","floor":7},{"not_picked":["Cleave","Spot Weakness"],"picked":"Sever Soul","floor":11},{"not_picked":["Feel No Pain+1","Armaments"],"picked":"Whirlwind","floor":12},{"not_picked":["True Grit","Twin Strike"],"picked":"Battle Trance","floor":14},{"not_picked":["Brutality+1","Juggernaut+1"],"picked":"Fiend Fire","floor":16},{"not_picked":[],"picked":"Perfected Strike","floor":18},{"not_picked":["Twin Strike"],"picked":"SKIP","floor":19},{"not_picked":[],"picked":"Clothesline","floor":20},{"not_picked":["Spot Weakness"],"picked":"SKIP","floor":21},{"not_picked":[],"picked":"Perfected Strike","floor":22},{"not_picked":[],"picked":"Bloodletting","floor":24},{"not_picked":[],"picked":"Iron Wave","floor":28},{"not_picked":["Sever Soul"],"picked":"SKIP","floor":31}],"player_experience":2736,"relics_obtained":[{"floor":7,"key":"Whetstone"},{"floor":9,"key":"Dodecahedron"},{"floor":22,"key":"Red Mask"},{"floor":26,"key":"Regal Pillow"},{"floor":31,"key":"Ornamental Fan"}],"event_choices":[{"damage_healed":0,"gold_gain":0,"player_choice":"Leave","damage_taken":0,"max_hp_gain":0,"max_hp_loss":0,"event_name":"The Cleric","floor":2,"gold_loss":0},{"damage_healed":0,"gold_gain":0,"player_choice":"Grow","damage_taken":0,"max_hp_gain":0,"max_hp_loss":0,"event_name":"Living Wall","floor":4,"gold_loss":0,"cards_upgraded":["Whirlwind"]},{"damage_healed":0,"gold_gain":0,"player_choice":"Gave Potion","damage_taken":0,"relics_obtained":["Frozen Egg 2"],"max_hp_gain":0,"max_hp_loss":0,"event_name":"WeMeetAgain","floor":5,"gold_loss":0},{"damage_healed":0,"gold_gain":0,"player_choice":"Fought Bandits","damage_taken":0,"max_hp_gain":0,"max_hp_loss":0,"event_name":"Masked Bandits","floor":22,"gold_loss":0},{"damage_healed":0,"gold_gain":0,"player_choice":"Ignored","damage_taken":0,"max_hp_gain":0,"max_hp_loss":0,"event_name":"Ghosts","floor":27,"gold_loss":0}],"is_beta":true,"boss_relics":[{"not_picked":["Astrolabe","White Beast Statue"],"picked":"Busted Crown"}],"items_purged_floors":[],"is_endless":false,"potions_floor_spawned":[1,3,11,16,18,19,21,22,28],"killed_by":"Champ","ascension_level":0}