{"gold_per_floor":[117,129,147,157,221,221,248,248,248,264,281,281,294,294,294,371,371,343,343,343,343,354,354,128,138,218,133,150,150,161,211,211,211],"floor_reached":33,"playtime":961,"items_purged":[],"score":498,"play_id":"de130508-23cc-4fba-a357-14d17a7814bf","local_time":"20181102212731","is_ascension_mode":true,"campfire_choices":[{"data":"Streamline","floor":6.0,"key":"SMITH"},{"data":"Defragment","floor":15.0,"key":"SMITH"},{"data":"Defragment","floor":23.0,"key":"SMITH"},{"data":"Genetic Algorithm","floor":29.0,"key":"SMITH"},{"data":"Buffer","floor":32.0,"key":"SMITH"}],"neow_cost":"NONE","seed_source_timestamp":9114527792055,"circlet_count":0,"master_deck":["AscendersBane","Strike_B+1","Strike_B+1","Strike_B+1","Defend_B+1","Defend_B+1","Defend_B+1","Defend_B+1","Zap","Dualcast","Conserve Battery","Streamline+1","Genetic Algorithm+1","Self Repair","Melter","Defragment+1","Defragment+1","Parasite","Biased Cognition","Ball Lightning","Stack+1","Go for the Eyes","Shame","Steam","Buffer+1"],"special_seed":0,"relics":["Cursed Key","Ornamental Fan","Torii","Inserter","DataDisk","The Courier","Pocketwatch"],"potions_floor_usage":[33],"damage_taken":[{"damage":2.0,"enemies":"Cultist","floor":1.0,"turns":4.0},{"damage":1.0,"enemies":"2 Louse","floor":2.0,"turns":4.0},{"damage":7.0,"enemies":"Small Slimes","floor":3.0,"turns":3.0},{"damage":14.0,"enemies":"Red Slaver","floor":4.0,"turns":3.0},{"damage":30.0,"enemies":"3 Sentries","floor":7.0,"turns":9.0},{"damage":16.0,"enemies":"3 Louse","floor":10.0,"turns":5.0},{"damage":14.0,"enemies":"Large Slime","floor":11.0,"turns":5.0},{"damage":1.0,"enemies":"Blue Slaver","floor":13.0,"turns":3.0},{"damage":23.0,"enemies":"Hexaghost","floor":16.0,"turns":9.0},{"damage":16.0,"enemies":"2 Thieves","floor":18.0,"turns":4.0},{"damage":11.0,"enemies":"Spheric Guardian","floor":22.0,"turns":3.0},{"damage":2.0,"enemies":"Centurion and Healer","floor":25.0,"turns":8.0},{"damage":9.0,"enemies":"Snake Plant","floor":28.0,"turns":4.0},{"damage":20.0,"enemies":"3 Cultists","floor":30.0,"turns":6.0},{"damage":39,"enemies":"Collector","floor":33,"turns":6}],"seed_played":"-4774632999011391185","potions_obtained":[{"floor":2.0,"key":"Regen Potion"},{"floor":7.0,"key":"Strength Potion"},{"floor":13.0,"key":"Strength Potion"},{"floor":16.0,"key":"LiquidBronze"},{"floor":28.0,"key":"FearPotion"}],"is_trial":false,"path_per_floor":["M","M","M","M","?","R","E","?","T","M","M","?","M","?","R","B",null,"M","?","?","?","M","R","$","M","T","?","M","R","M","?","R","B"],"character_chosen":"DEFECT","items_purchased":["DataDisk","Block Potion"],"campfire_rested":0,"item_purchase_floors":[24,24],"current_hp_per_floor":[62,61,54,40,40,40,31,31,31,22,8,8,14,31,31,15,57,48,48,48,48,37,37,37,42,42,42,40,40,27,27,27,0],"gold":211,"neow_bonus":"BOSS_RELIC","is_prod":false,"is_daily":false,"chose_seed":false,"campfire_upgraded":5,"win_rate":0,"timestamp":1541165251,"path_taken":["M","M","M","?","?","R","E","?","T","M","?","?","?","?","R","BOSS","M","?","?","?","M","R","$","M","T","?","M","R","M","?","R","BOSS"],"build_version":"2018-11-01v2","purchased_purges":0,"victory":false,"max_hp_per_floor":[71,71,71,71,71,71,71,71,71,71,71,71,71,71,71,71,71,71,71,71,71,71,71,71,71,71,71,71,71,71,71,71,71],"card_choices":[{"not_picked":["Sweeping Beam","Coolheaded"],"picked":"Conserve Battery","floor":1.0},{"not_picked":["Cold Snap","Reinforced Body"],"picked":"Streamline","floor":2.0},{"not_picked":["Hologram","Turbo"],"picked":"Genetic Algorithm","floor":3.0},{"not_picked":["Gash","BootSequence"],"picked":"Self Repair","floor":4.0},{"not_picked":["Rebound","Amplify"],"picked":"Melter","floor":7.0},{"not_picked":["Redo","Chaos"],"picked":"Defragment","floor":10.0},{"not_picked":["Hello World","Genetic Algorithm"],"picked":"Defragment","floor":11.0},{"not_picked":["Stack","Barrage","Gash"],"picked":"SKIP","floor":13.0},{"not_picked":["Thunder Strike","Seek"],"picked":"Biased Cognition","floor":16.0},{"not_picked":["Redo","Sweeping Beam","Gash"],"picked":"SKIP","floor":18.0},{"not_picked":["Barrage","Coolheaded"],"picked":"Stack+1","floor":22.0},{"not_picked":["Heatsinks","Coolheaded"],"picked":"Go for the Eyes","floor":25.0},{"not_picked":["Coolheaded","Genetic Algorithm"],"picked":"Steam","floor":28.0},{"not_picked":["Barrage","Gash"],"picked":"Buffer","floor":30.0}],"player_experience":488219,"relics_obtained":[{"floor":7.0,"key":"Ornamental Fan"},{"floor":9.0,"key":"Torii"},{"floor":26.0,"key":"The Courier"}],"event_choices":[{"damage_healed":0.0,"max_hp_gain":0.0,"max_hp_loss":0.0,"gold_gain":64.0,"event_name":"Golden Wing","player_choice":"Gained Gold","floor":5.0,"gold_loss":0.0,"damage_taken":0.0},{"cards_removed":["Strike_B"],"damage_healed":0.0,"max_hp_gain":0.0,"max_hp_loss":0.0,"gold_gain":0.0,"event_name":"Purifier","player_choice":"Purged","floor":8.0,"gold_loss":0.0,"damage_taken":0.0},{"cards_removed":["Decay"],"damage_healed":0.0,"max_hp_gain":0.0,"max_hp_loss":0.0,"gold_gain":0.0,"event_name":"Fountain of Cleansing","player_choice":"Removed Curses","floor":12.0,"gold_loss":0.0,"damage_taken":0.0},{"damage_healed":17.0,"max_hp_gain":0.0,"max_hp_loss":0.0,"gold_gain":0.0,"event_name":"Mushrooms","player_choice":"Healed and dodged fight","floor":14.0,"gold_loss":0.0,"damage_taken":0.0,"cards_obtained":["Parasite"]},{"damage_healed":0.0,"max_hp_gain":0.0,"max_hp_loss":0.0,"gold_gain":0.0,"event_name":"The Library","player_choice":"Read","floor":19.0,"gold_loss":0.0,"damage_taken":0.0,"cards_obtained":["Ball Lightning"]},{"damage_healed":0.0,"max_hp_gain":0.0,"max_hp_loss":0.0,"gold_gain":0.0,"event_name":"Vampires","player_choice":"Ignored","floor":20.0,"gold_loss":0.0,"damage_taken":0.0},{"damage_healed":0.0,"max_hp_gain":0.0,"max_hp_loss":0.0,"gold_gain":0.0,"event_name":"Back to Basics","player_choice":"Simplicity","floor":21.0,"gold_loss":0.0,"damage_taken":0.0,"cards_upgraded":["Strike_B","Strike_B","Strike_B","Defend_B","Defend_B","Defend_B","Defend_B"]},{"damage_healed":0.0,"max_hp_gain":0.0,"max_hp_loss":0.0,"gold_gain":0.0,"event_name":"Addict","player_choice":"Obtained Relic","floor":27.0,"gold_loss":85.0,"damage_taken":0.0,"relics_obtained":["Pocketwatch"]},{"damage_healed":0.0,"max_hp_gain":0.0,"max_hp_loss":0.0,"gold_gain":50.0,"event_name":"Nest","player_choice":"Stole From Cult","floor":31.0,"gold_loss":0.0,"damage_taken":0.0}],"is_beta":true,"boss_relics":[{"not_picked":["Tiny House","Busted Crown"],"picked":"Inserter"}],"items_purged_floors":[],"is_endless":false,"potions_floor_spawned":[2,7,13,16,25,28,30],"killed_by":"Collector","ascension_level":20}