{"gold_per_floor":[118,118,193,193,203,203,236,236,313,166,179,193,212,224,224,224],"floor_reached":16,"playtime":492,"items_purged":["Strike_G"],"score":152,"play_id":"eb535b47-c436-4393-b545-5e7956ed43cc","local_time":"20180924131629","is_ascension_mode":true,"campfire_choices":[{"data":"Neutralize","floor":6,"key":"SMITH"},{"floor":8,"key":"REST"},{"data":"Catalyst","floor":15,"key":"SMITH"}],"neow_cost":"NONE","seed_source_timestamp":15316981207117,"circlet_count":0,"master_deck":["Defend_G+1","Defend_G+1","Defend_G","Defend_G","Defend_G","Strike_G","Strike_G","Strike_G","Survivor","Neutralize+1","Dash","Acrobatics","Backflip","Noxious Fumes","Leg Sweep","Catalyst+1","Bane"],"relics":["Ring of the Snake","NeowsBlessing","StoneCalendar","Blue Candle"],"potions_floor_usage":[],"damage_taken":[{"damage":0,"enemies":"Jaw Worm","floor":1,"turns":1},{"damage":0,"enemies":"Cultist","floor":5,"turns":1},{"damage":0,"enemies":"3 Sentries","floor":7,"turns":1},{"damage":1,"enemies":"2 Louse","floor":11,"turns":3},{"damage":6,"enemies":"Large Slime","floor":12,"turns":7},{"damage":0,"enemies":"Blue Slaver","floor":13,"turns":5},{"damage":0,"enemies":"2 Fungi Beasts","floor":14,"turns":4},{"damage":70,"enemies":"Slime Boss","floor":16,"turns":11}],"seed_played":"403396059128155209","potions_obtained":[{"floor":1,"key":"Strength Potion"},{"floor":11,"key":"PowerPotion"},{"floor":13,"key":"SpeedPotion"}],"is_trial":false,"path_per_floor":["M","?","?","?","M","R","E","R","T","$","M","M","M","M","R"],"character_chosen":"THE_SILENT","items_purchased":["Noxious Fumes"],"campfire_rested":1,"item_purchase_floors":[10],"current_hp_per_floor":[70,70,59,45,45,45,45,66,66,66,65,59,59,59,59,0],"gold":224,"neow_bonus":"THREE_ENEMY_KILL","is_prod":false,"is_daily":false,"chose_seed":false,"campfire_upgraded":2,"win_rate":0,"timestamp":1537766189,"path_taken":["M","?","?","?","M","R","E","R","T","$","?","M","M","M","R","BOSS"],"build_version":"2018-09-20","purchased_purges":1,"victory":false,"max_hp_per_floor":[70,70,70,70,70,70,70,70,70,70,70,70,70,70,70,70],"card_choices":[{"not_picked":["Cloak And Dagger","Expertise"],"picked":"Dash","floor":1},{"not_picked":["Bane","Dodge and Roll"],"picked":"Acrobatics","floor":5},{"not_picked":["Burst","Escape Plan"],"picked":"Backflip","floor":7},{"not_picked":["Underhanded Strike","Poisoned Stab"],"picked":"Leg Sweep","floor":11},{"not_picked":["Sucker Punch","Flying Knee"],"picked":"Catalyst","floor":12},{"not_picked":["Footwork","Flying Knee"],"picked":"Bane","floor":13},{"not_picked":["Choke","Dodge and Roll","Calculated Gamble"],"picked":"SKIP","floor":14}],"player_experience":404453,"relics_obtained":[{"floor":7,"key":"StoneCalendar"},{"floor":9,"key":"Blue Candle"}],"event_choices":[{"event_name":"Wheel of Change","player_choice":"Card Removal","floor":2,"damage_taken":0},{"event_name":"World of Goop","player_choice":"Gather Gold","floor":3,"damage_taken":0},{"event_name":"Shining Light","player_choice":"Entered Light","floor":4,"damage_taken":0}],"is_beta":true,"boss_relics":[],"items_purged_floors":[10],"is_endless":false,"potions_floor_spawned":[1,11,13,14],"killed_by":"Slime Boss","ascension_level":4}