{"gold_per_floor":[20,170,170,188,250,250,264,299,299,137,137,194,208,208,208,304,304,318,341,19,19,19,19,58,89,127,139,185,197,209,236,248,260],"floor_reached":33,"playtime":1038,"items_purged":["Strike_B","Strike_B"],"score":581,"play_id":"2fc16e59-53e7-4213-88b8-c9a78ff43567","local_time":"20181215203145","is_ascension_mode":true,"campfire_choices":[{"data":"Hyperbeam","floor":6.0,"key":"SMITH"},{"data":"Self Repair","floor":11.0,"key":"SMITH"},{"data":"Melter","floor":15.0,"key":"SMITH"},{"data":"Buffer","floor":23.0,"key":"SMITH"},{"data":"Zap","floor":29.0,"key":"SMITH"},{"floor":32,"key":"REST"}],"neow_cost":"NO_GOLD","seed_source_timestamp":6950127635449,"circlet_count":0,"master_deck":["AscendersBane","Strike_B","Strike_B","Defend_B","Defend_B","Defend_B","Defend_B","Zap+1","Dualcast","Hyperbeam+1","Hello World","Melter+1","Self Repair+1","Core Surge","Buffer+1","Clumsy","Clumsy","Writhe","Hologram+1","Leap","Fission"],"special_seed":0,"relics":["Cracked Core","Spirit Poop","Gremlin Horn","Bag of Preparation","Tiny Chest","Golden Idol","Calling Bell","Bag of Marbles","Meat on the Bone","Dead Branch","Juzu Bracelet","Bronze Scales","MawBank","Potion Belt","Calipers","Unceasing Top"],"potions_floor_usage":[33],"damage_taken":[{"damage":5.0,"enemies":"Small Slimes","floor":1.0,"turns":3.0},{"damage":6.0,"enemies":"2 Louse","floor":4.0,"turns":3.0},{"damage":0.0,"enemies":"Cultist","floor":7.0,"turns":3.0},{"damage":10.0,"enemies":"3 Sentries","floor":8.0,"turns":3.0},{"damage":30.0,"enemies":"Lagavulin","floor":12.0,"turns":4.0},{"damage":1.0,"enemies":"3 Louse","floor":13.0,"turns":2.0},{"damage":18.0,"enemies":"Slime Boss","floor":16.0,"turns":6.0},{"damage":33.0,"enemies":"3 Byrds","floor":18.0,"turns":3.0},{"damage":0.0,"enemies":"Chosen","floor":19.0,"turns":5.0},{"damage":19.0,"enemies":"Slavers","floor":24.0,"turns":4.0},{"damage":9.0,"enemies":"Centurion and Healer","floor":25.0,"turns":6.0},{"damage":44.0,"enemies":"Book of Stabbing","floor":28.0,"turns":3.0},{"damage":0,"enemies":"Colosseum Slavers","floor":30,"turns":1},{"damage":12,"enemies":"Cultist and Chosen","floor":31,"turns":7},{"damage":60,"enemies":"Automaton","floor":33,"turns":8}],"seed_played":"-920034716565483674","potions_obtained":[{"floor":1.0,"key":"EssenceOfSteel"},{"floor":4.0,"key":"Energy Potion"},{"floor":19.0,"key":"FearPotion"},{"floor":25.0,"key":"Swift Potion"},{"floor":28.0,"key":"Fruit Juice"},{"floor":31,"key":"GamblersBrew"}],"is_trial":false,"path_per_floor":["M","?","?","M","?","R","M","E","T","$","R","E","M","?","R","B",null,"M","M","$","?","T","R","E","M","T","T","E","R","?","M","R","B"],"character_chosen":"DEFECT","items_purchased":["Self Repair","Leap","Juzu Bracelet"],"campfire_rested":1,"item_purchase_floors":[10,20,20],"current_hp_per_floor":[59,59,59,53,53,53,53,43,43,43,43,23,32,32,32,24,54,43,53,53,53,53,53,44,45,45,45,28,28,50,38,58,0],"gold":260,"neow_bonus":"THREE_RARE_CARDS","is_prod":false,"is_daily":false,"chose_seed":false,"campfire_upgraded":5,"win_rate":0,"timestamp":1544877105,"path_taken":["M","?","?","?","?","R","M","E","T","$","R","E","M","?","R","BOSS","M","M","$","?","?","R","E","M","T","?","E","R","?","M","R","BOSS"],"build_version":"2018-12-13","purchased_purges":2,"victory":false,"max_hp_per_floor":[71,71,71,71,71,71,71,71,71,71,71,71,71,64,64,64,64,64,64,64,64,64,64,64,64,64,64,69,69,69,69,69,69],"card_choices":[{"not_picked":["Creative AI","Machine Learning"],"picked":"Hyperbeam","floor":0.0},{"not_picked":["Consume","Streamline"],"picked":"Hello World","floor":1.0},{"not_picked":["Chill","Barrage","Tempest"],"picked":"SKIP","floor":4.0},{"not_picked":["Ball Lightning","Coolheaded"],"picked":"Melter","floor":7.0},{"not_picked":["Ball Lightning","Doom and Gloom","Rebound"],"picked":"SKIP","floor":8.0},{"not_picked":["Compile Driver","Coolheaded","Blizzard"],"picked":"SKIP","floor":12.0},{"not_picked":["Ball Lightning","Conserve Battery"],"picked":"Core Surge","floor":13.0},{"not_picked":["Biased Cognition","Meteor Strike"],"picked":"Buffer","floor":16.0},{"not_picked":["Streamline+1","Force Field","Gash"],"picked":"SKIP","floor":18.0},{"not_picked":["Turbo","Cold Snap"],"picked":"Hologram+1","floor":19.0},{"not_picked":["Coolheaded","Doom and Gloom","Leap"],"picked":"SKIP","floor":24.0},{"not_picked":["Go for the Eyes","Sweeping Beam"],"picked":"Fission","floor":25.0},{"not_picked":["Streamline+1","Capacitor","Gash"],"picked":"SKIP","floor":28.0},{"not_picked":["Hologram","Steam","Gash"],"picked":"SKIP","floor":31}],"player_experience":622258,"relics_obtained":[{"floor":8.0,"key":"Gremlin Horn"},{"floor":9.0,"key":"Bag of Preparation"},{"floor":12.0,"key":"Tiny Chest"},{"floor":17.0,"key":"Bag of Marbles"},{"floor":17.0,"key":"Meat on the Bone"},{"floor":17.0,"key":"Dead Branch"},{"floor":22.0,"key":"Bronze Scales"},{"floor":24.0,"key":"MawBank"},{"floor":26.0,"key":"Potion Belt"},{"floor":27.0,"key":"Calipers"},{"floor":28.0,"key":"Unceasing Top"}],"event_choices":[{"damage_healed":0.0,"max_hp_gain":0.0,"max_hp_loss":0.0,"gold_gain":150.0,"event_name":"Liars Game","player_choice":"AGREE","floor":2.0,"gold_loss":0.0,"damage_taken":0.0,"cards_obtained":["Doubt"]},{"cards_removed":["Doubt"],"damage_healed":0.0,"max_hp_gain":0.0,"max_hp_loss":0.0,"gold_gain":0.0,"event_name":"Bonfire Elementals","player_choice":"Offered Curse","floor":3.0,"gold_loss":0.0,"damage_taken":0.0,"relics_obtained":["Spirit Poop"]},{"damage_healed":0.0,"max_hp_gain":0.0,"max_hp_loss":0.0,"gold_gain":62.0,"event_name":"Golden Wing","player_choice":"Gained Gold","floor":5.0,"gold_loss":0.0,"damage_taken":0.0},{"damage_healed":0.0,"max_hp_gain":0.0,"max_hp_loss":7.0,"gold_gain":0.0,"event_name":"Golden Idol","player_choice":"Lose Max HP","floor":14.0,"gold_loss":0.0,"damage_taken":0.0,"relics_obtained":["Golden Idol"]},{"damage_healed":0,"gold_gain":0,"player_choice":"Fight","damage_taken":0,"max_hp_gain":0,"max_hp_loss":0,"event_name":"Colosseum","floor":30,"gold_loss":0},{"damage_healed":0,"gold_gain":0,"player_choice":"Fled From Nobs","damage_taken":0,"max_hp_gain":0,"max_hp_loss":0,"event_name":"Colosseum","floor":30,"gold_loss":0}],"is_beta":true,"boss_relics":[{"not_picked":["Black Star","FrozenCore"],"picked":"Calling Bell"}],"items_purged_floors":[10,20],"is_endless":false,"potions_floor_spawned":[1,4,8,12,19,25,28,31],"killed_by":"Automaton","ascension_level":20}