{"gold_per_floor":[118,68,243,243,259,259,277,307,307,341,341,360,379,412,412,412],"floor_reached":16,"playtime":1248,"items_purged":[],"score":176,"play_id":"6a13d2d5-0cf9-468e-85d2-4e9f19570d6a","local_time":"20181208120703","is_ascension_mode":true,"campfire_choices":[{"data":"Fiend Fire","floor":6,"key":"SMITH"},{"data":"Feel No Pain","floor":11,"key":"SMITH"},{"data":"Body Slam","floor":15,"key":"SMITH"}],"neow_cost":"PERCENT_DAMAGE","seed_source_timestamp":12298872841482,"circlet_count":0,"master_deck":["AscendersBane","Strike_R","Strike_R","Strike_R","Strike_R","Defend_R+1","Defend_R+1","Defend_R","Defend_R","Bash","Fiend Fire+1","Anger","Doubt","Feel No Pain+1","Whirlwind","Body Slam+1","Evolve"],"special_seed":0,"relics":["Burning Blood","Golden Idol","Bottled Tornado","War Paint","Mercury Hourglass"],"potions_floor_usage":[16,16],"damage_taken":[{"damage":7,"enemies":"Small Slimes","floor":1,"turns":3},{"damage":0,"enemies":"2 Louse","floor":5,"turns":3},{"damage":12,"enemies":"Jaw Worm","floor":7,"turns":2},{"damage":22,"enemies":"Gremlin Nob","floor":10,"turns":4},{"damage":7,"enemies":"Looter","floor":12,"turns":3},{"damage":2,"enemies":"Exordium Wildlife","floor":13,"turns":5},{"damage":2,"enemies":"3 Sentries","floor":14,"turns":11},{"damage":50,"enemies":"Hexaghost","floor":16,"turns":9}],"seed_played":"4213540733483508753","potions_obtained":[{"floor":1,"key":"Ancient Potion"},{"floor":10,"key":"BloodPotion"},{"floor":14,"key":"FearPotion"}],"is_trial":false,"path_per_floor":["M","?","?","?","M","R","M","?","T","E","R","M","M","E","R","B"],"character_chosen":"IRONCLAD","items_purchased":[],"campfire_rested":0,"item_purchase_floors":[],"current_hp_per_floor":[50,50,50,50,56,56,50,50,50,34,34,33,37,41,41,0],"gold":412,"neow_bonus":"THREE_RARE_CARDS","is_prod":false,"is_daily":false,"chose_seed":false,"campfire_upgraded":3,"win_rate":0,"timestamp":1544242023,"path_taken":["M","?","?","?","M","R","?","?","T","E","R","M","M","E","R","BOSS"],"build_version":"2018-12-06","purchased_purges":0,"victory":false,"max_hp_per_floor":[80,80,80,74,74,74,74,74,74,74,74,74,74,74,74,74],"card_choices":[{"not_picked":["Dark Embrace","Reaper"],"picked":"Fiend Fire","floor":0},{"not_picked":["Searing Blow","Wild Strike"],"picked":"Anger","floor":1},{"not_picked":["Burning Pact","Anger"],"picked":"Feel No Pain","floor":5},{"not_picked":["Wild Strike","Clash","Limit Break"],"picked":"SKIP","floor":7},{"not_picked":["Rage","Dual Wield","Warcry"],"picked":"SKIP","floor":10},{"not_picked":["Hemokinesis","Combust"],"picked":"Whirlwind","floor":12},{"not_picked":["Hemokinesis","Twin Strike"],"picked":"Body Slam","floor":13},{"not_picked":["Burning Pact","Body Slam"],"picked":"Evolve","floor":14}],"player_experience":594475,"relics_obtained":[{"floor":9,"key":"Bottled Tornado"},{"floor":10,"key":"War Paint"},{"floor":14,"key":"Mercury Hourglass"}],"event_choices":[{"cards_removed":["Strike_R"],"damage_healed":0,"gold_gain":0,"player_choice":"Card Removal","damage_taken":0,"max_hp_gain":0,"max_hp_loss":0,"event_name":"The Cleric","floor":2,"gold_loss":50},{"damage_healed":0,"gold_gain":175,"player_choice":"AGREE","damage_taken":0,"max_hp_gain":0,"max_hp_loss":0,"event_name":"Liars Game","floor":3,"gold_loss":0,"cards_obtained":["Doubt"]},{"damage_healed":0,"gold_gain":0,"player_choice":"Lose Max HP","damage_taken":0,"relics_obtained":["Golden Idol"],"max_hp_gain":0,"max_hp_loss":6,"event_name":"Golden Idol","floor":4,"gold_loss":0},{"damage_healed":0,"gold_gain":30,"player_choice":"Searched \u00271\u0027 times","damage_taken":0,"max_hp_gain":0,"max_hp_loss":0,"event_name":"Dead Adventurer","floor":8,"gold_loss":0}],"is_beta":true,"boss_relics":[],"items_purged_floors":[],"is_endless":false,"potions_floor_spawned":[1,10,12,14],"killed_by":"Hexaghost","ascension_level":12}