{"gold_per_floor":[114,129,144,159,174,204,204,54,79,109,124,139,214,244,244,344,344,359,374,124,139,154,184,199,199,249,249],"floor_reached":27,"playtime":1349,"items_purged":[],"score":309,"play_id":"f2f9174b-bbf4-4b14-8a68-15358bfe65f9","local_time":"20190805120203","daily_mods":["Specialized","Green Cards","Lethality"],"is_ascension_mode":false,"campfire_choices":[{"data":"1","floor":7,"key":"LIFT"},{"floor":15,"key":"REST"},{"floor":25,"key":"REST"}],"neow_cost":"","seed_source_timestamp":0,"circlet_count":0,"master_deck":["Strike_R","Strike_R","Strike_R","Strike_R","Strike_R","Defend_R","Defend_R+1","Defend_R","Defend_R","Bash","Metallicize","Metallicize","Metallicize","Metallicize","Metallicize","Shrug It Off+1","Pommel Strike","Flying Knee","Dagger Spray","Fiend Fire","Pommel Strike","Perfected Strike","Skewer","Impervious","Perfected Strike","Inflame+1","Infernal Blade+1","Quick Slash+1","Shrug It Off+1"],"special_seed":18113,"relics":["Black Blood","Girya","Orichalcum","Red Skull","Frozen Egg 2","Blue Candle","Letter Opener","War Paint","Bag of Marbles"],"potions_floor_usage":[5,6,14,19,23,23,23,27],"damage_taken":[{"damage":3,"enemies":"Small Slimes","floor":1,"turns":5},{"damage":5,"enemies":"2 Louse","floor":2,"turns":4},{"damage":1,"enemies":"Jaw Worm","floor":3,"turns":5},{"damage":0,"enemies":"2 Fungi Beasts","floor":4,"turns":5},{"damage":32,"enemies":"Gremlin Gang","floor":5,"turns":6},{"damage":17,"enemies":"Gremlin Nob","floor":6,"turns":3},{"damage":9,"enemies":"Lagavulin","floor":10,"turns":4},{"damage":1,"enemies":"Red Slaver","floor":11,"turns":2},{"damage":4,"enemies":"Looter","floor":12,"turns":2},{"damage":0,"enemies":"3 Sentries","floor":14,"turns":4},{"damage":16,"enemies":"The Guardian","floor":16,"turns":10},{"damage":4,"enemies":"Shell Parasite","floor":18,"turns":6},{"damage":0,"enemies":"Spheric Guardian","floor":19,"turns":1},{"damage":0,"enemies":"Snecko","floor":21,"turns":3},{"damage":38,"enemies":"Centurion and Healer","floor":22,"turns":4},{"damage":48,"enemies":"Book of Stabbing","floor":23,"turns":6},{"damage":0,"enemies":"Sentry and Sphere","floor":24,"turns":2},{"damage":50,"enemies":"Gremlin Leader","floor":27,"turns":4}],"seed_played":"4943417397018078465","potions_obtained":[{"floor":1,"key":"SkillPotion"},{"floor":2,"key":"Swift Potion"},{"floor":11,"key":"Strength Potion"},{"floor":12,"key":"AttackPotion"},{"floor":14,"key":"Energy Potion"},{"floor":19,"key":"Poison Potion"},{"floor":22,"key":"GamblersBrew"},{"floor":23,"key":"EssenceOfSteel"},{"floor":24,"key":"GamblersBrew"}],"is_trial":false,"path_per_floor":["M","M","M","M","M","E","R","$","T","E","M","M","?","E","R","B",null,"M","M","$","M","M","E","M","R","T","E"],"character_chosen":"IRONCLAD","items_purchased":["Orichalcum","Letter Opener"],"campfire_rested":2,"item_purchase_floors":[8,20],"current_hp_per_floor":[80,80,80,80,54,43,43,43,43,40,45,47,36,42,66,56,80,80,80,80,80,52,14,24,48,48,0],"gold":249,"neow_bonus":"","is_prod":false,"is_daily":true,"chose_seed":false,"campfire_upgraded":0,"win_rate":0,"timestamp":1565020923,"path_taken":["M","M","M","M","M","E","R","$","T","E","M","M","?","E","R","BOSS","M","M","$","M","M","E","M","R","T","E"],"build_version":"2019-06-28","purchased_purges":0,"victory":false,"max_hp_per_floor":[80,80,80,80,80,80,80,80,80,80,80,80,80,80,80,80,80,80,80,80,80,80,80,80,80,80,80],"card_choices":[{"not_picked":["Masterful Stab","Outmaneuver"],"picked":"Shrug It Off","floor":1},{"not_picked":["Thunderclap","Predator"],"picked":"Pommel Strike","floor":2},{"not_picked":["Thunderclap","Terror","Acrobatics"],"picked":"SKIP","floor":3},{"not_picked":["Infinite Blades","Riddle With Holes"],"picked":"Flying Knee","floor":4},{"not_picked":["Hemokinesis","Slice"],"picked":"Dagger Spray","floor":5},{"not_picked":["Dropkick","Flame Barrier"],"picked":"Fiend Fire","floor":6},{"not_picked":["PiercingWail","Cloak And Dagger"],"picked":"Pommel Strike","floor":10},{"not_picked":["Poisoned Stab","Accuracy+1","Twin Strike"],"picked":"SKIP","floor":11},{"not_picked":["Acrobatics","Sucker Punch"],"picked":"Perfected Strike","floor":12},{"not_picked":["Twin Strike","Perfected Strike"],"picked":"Skewer","floor":14},{"not_picked":["Burst","Limit Break"],"picked":"Impervious","floor":16},{"not_picked":["Uppercut","Headbutt"],"picked":"Perfected Strike","floor":18},{"not_picked":["Dagger Throw","Pommel Strike"],"picked":"Inflame+1","floor":19},{"not_picked":["Rage","Backstab"],"picked":"Infernal Blade+1","floor":21},{"not_picked":["Bouncing Flask+1","Body Slam","Clash+1"],"picked":"SKIP","floor":22},{"not_picked":["Dash","Corruption+1"],"picked":"Quick Slash+1","floor":23},{"not_picked":["PiercingWail","Skewer"],"picked":"Shrug It Off+1","floor":24}],"player_experience":23409,"relics_obtained":[{"floor":6,"key":"Girya"},{"floor":9,"key":"Red Skull"},{"floor":10,"key":"Frozen Egg 2"},{"floor":14,"key":"Blue Candle"},{"floor":23,"key":"War Paint"},{"floor":26,"key":"Bag of Marbles"}],"event_choices":[{"damage_healed":0,"gold_gain":75,"player_choice":"Gather Gold","damage_taken":11,"max_hp_gain":0,"max_hp_loss":0,"event_name":"World of Goop","floor":13,"gold_loss":0}],"is_beta":true,"boss_relics":[{"not_picked":["Calling Bell","Runic Cube"],"picked":"Black Blood"}],"items_purged_floors":[],"is_endless":false,"potions_floor_spawned":[1,2,11,12,14,19,22,23,24],"killed_by":"Gremlin Leader","ascension_level":0}