{"gold_per_floor":[118,293,63,63,63,63,75,91,91,91,91,109,109,109,109,205,205,224,184,196,121,21,21,53,53,53,53,53,65,79,33,33,137,137,153,202,217,217,228,228,328,342,399,468,468,478,508,173,173,173],"floor_reached":51,"playtime":1598,"items_purged":["Doubt","Defend_R"],"score":879,"play_id":"76ba3720-55dd-4d98-b2b7-724d81e7d494","local_time":"20180923132749","is_ascension_mode":true,"campfire_choices":[{"data":"Searing Blow+1","floor":6.0,"key":"SMITH"},{"data":"Searing Blow+2","floor":10.0,"key":"SMITH"},{"data":"Searing Blow+3","floor":15.0,"key":"SMITH"},{"data":"Searing Blow+5","floor":23.0,"key":"SMITH"},{"data":"Searing Blow+6","floor":25.0,"key":"SMITH"},{"data":"Searing Blow+7","floor":27.0,"key":"SMITH"},{"data":"Searing Blow+8","floor":32.0,"key":"SMITH"},{"data":"Searing Blow+9","floor":40.0,"key":"SMITH"},{"data":"Searing Blow+10","floor":45.0,"key":"SMITH"},{"data":"Searing Blow+11","floor":49.0,"key":"SMITH"}],"neow_cost":"NONE","seed_source_timestamp":1555614632618,"circlet_count":0,"master_deck":["Strike_R","Strike_R","Defend_R","Defend_R","Defend_R","Bash","Anger","Searing Blow+12","Shockwave","Whirlwind","Double Tap","Armaments","Burning Pact","Warcry+1","Shrug It Off+1","Impervious+1","True Grit+1","Warcry+1","Havoc+1","Impatience+1"],"special_seed":0,"relics":["Burning Blood","Singing Bowl","Gremlin Horn","Runic Dome","StoneCalendar","Toxic Egg 2","Runic Pyramid","Pocketwatch","Tiny Chest","Pear","Unceasing Top","Lee\u0027s Waffle"],"potions_floor_usage":[50],"damage_taken":[{"damage":5.0,"enemies":"2 Louse","floor":1.0,"turns":3.0},{"damage":5.0,"enemies":"Small Slimes","floor":7.0,"turns":3.0},{"damage":0.0,"enemies":"Cultist","floor":8.0,"turns":2.0},{"damage":5.0,"enemies":"Large Slime","floor":12.0,"turns":4.0},{"damage":64.0,"enemies":"The Guardian","floor":16.0,"turns":10.0},{"damage":12.0,"enemies":"Chosen","floor":18.0,"turns":3.0},{"damage":10.0,"enemies":"Shell Parasite","floor":20.0,"turns":3.0},{"damage":25.0,"enemies":"Gremlin Leader","floor":24.0,"turns":3.0},{"damage":7.0,"enemies":"Cultist and Chosen","floor":29.0,"turns":3.0},{"damage":19.0,"enemies":"Snake Plant","floor":30.0,"turns":2.0},{"damage":44.0,"enemies":"Automaton","floor":33.0,"turns":7.0},{"damage":4.0,"enemies":"3 Darklings","floor":35.0,"turns":2.0},{"damage":33.0,"enemies":"Mysterious Sphere","floor":36.0,"turns":5.0},{"damage":6.0,"enemies":"3 Shapes","floor":37.0,"turns":1.0},{"damage":6.0,"enemies":"Sphere and 2 Shapes","floor":39.0,"turns":2.0},{"damage":0.0,"enemies":"Spire Growth","floor":42.0,"turns":2.0},{"damage":0.0,"enemies":"Reptomancer","floor":46.0,"turns":1.0},{"damage":34.0,"enemies":"2 Orb Walkers","floor":47.0,"turns":5.0},{"damage":97,"enemies":"Awakened One","floor":50,"turns":7}],"seed_played":"2357142537146245640","potions_obtained":[{"floor":1.0,"key":"Regen Potion"},{"floor":8.0,"key":"Block Potion"},{"floor":20.0,"key":"SteroidPotion"},{"floor":29.0,"key":"Block Potion"},{"floor":33.0,"key":"SkillPotion"},{"floor":37.0,"key":"Explosive Potion"},{"floor":39.0,"key":"SteroidPotion"},{"floor":42.0,"key":"Block Potion"},{"floor":47.0,"key":"FearPotion"}],"is_trial":false,"path_per_floor":["M","?","$","?","$","R","M","M","T","R","?","M","T","?","R","B",null,"M","?","M","?","$","R","E","R","T","R","?","M","M","$","R","B",null,"M","?","M","?","M","R","?","M","T","T","R","M","E","$","R","B"],"character_chosen":"IRONCLAD","items_purchased":["Searing Blow","Shockwave","Shrug It Off+1","Lee\u0027s Waffle","Havoc+1","Impatience+1"],"campfire_rested":0,"item_purchase_floors":[3,3,31,48,48,48],"current_hp_per_floor":[88,88,88,88,88,88,88,88,88,88,93,95,95,88,88,30,95,89,89,85,85,85,85,68,68,68,68,68,69,56,56,56,33,99,101,76,78,78,78,78,78,84,84,94,94,102,76,126,126,35],"gold":173,"neow_bonus":"TEN_PERCENT_HP_BONUS","is_prod":false,"is_daily":false,"chose_seed":false,"campfire_upgraded":10,"win_rate":0,"timestamp":1537680469,"path_taken":["M","?","$","?","$","R","?","M","T","R","?","?","?","?","R","BOSS","M","?","M","?","$","R","E","R","T","R","?","M","?","$","R","BOSS","M","?","M","?","?","R","?","M","T","?","R","M","E","$","R","BOSS"],"build_version":"2018-09-20","purchased_purges":2,"victory":true,"max_hp_per_floor":[88,88,88,88,88,88,88,88,88,88,93,95,95,95,95,95,95,95,95,95,95,95,95,97,97,97,97,97,99,99,99,99,99,99,101,103,105,105,105,105,105,105,105,115,115,117,119,126,126,126],"card_choices":[{"not_picked":["Sentinel","Iron Wave"],"picked":"Anger","floor":1.0},{"not_picked":["Sever Soul","Havoc"],"picked":"Whirlwind","floor":7.0},{"not_picked":["Havoc","Intimidate","Anger"],"picked":"SKIP","floor":8.0},{"not_picked":["Cleave","Heavy Blade","Exhume"],"picked":"Singing Bowl","floor":12.0},{"not_picked":["Immolate","Feed"],"picked":"Double Tap","floor":16.0},{"not_picked":["Pommel Strike","Headbutt"],"picked":"Armaments","floor":18.0},{"not_picked":["Perfected Strike+1","Shockwave"],"picked":"Burning Pact","floor":20.0},{"not_picked":["Spot Weakness","Perfected Strike","Hemokinesis"],"picked":"Singing Bowl","floor":24.0},{"not_picked":["Flex+1","Pummel+1","Body Slam+1"],"picked":"Singing Bowl","floor":29.0},{"not_picked":["Cleave","Pummel"],"picked":"Warcry+1","floor":30.0},{"not_picked":["Barricade","Bludgeon"],"picked":"Impervious+1","floor":33.0},{"not_picked":["Fire Breathing+1","Clash+1","Intimidate+1"],"picked":"Singing Bowl","floor":35.0},{"not_picked":["Spot Weakness+1","Infernal Blade+1","Searing Blow+1"],"picked":"Singing Bowl","floor":36.0},{"not_picked":["Pummel+1","Battle Trance+1","Fire Breathing"],"picked":"Singing Bowl","floor":37.0},{"not_picked":["Iron Wave+1","Headbutt"],"picked":"True Grit+1","floor":39.0},{"not_picked":["Searing Blow+1","Twin Strike"],"picked":"Warcry+1","floor":42.0},{"not_picked":["Pommel Strike","Limit Break+1","Body Slam+1"],"picked":"Singing Bowl","floor":46.0},{"not_picked":["Anger","Pommel Strike+1","Heavy Blade+1"],"picked":"Singing Bowl","floor":47.0}],"player_experience":384919,"relics_obtained":[{"floor":9.0,"key":"Singing Bowl"},{"floor":13.0,"key":"Gremlin Horn"},{"floor":24.0,"key":"StoneCalendar"},{"floor":26.0,"key":"Toxic Egg 2"},{"floor":36.0,"key":"Pocketwatch"},{"floor":43.0,"key":"Tiny Chest"},{"floor":44.0,"key":"Pear"},{"floor":47.0,"key":"Unceasing Top"}],"event_choices":[{"event_name":"Liars Game","player_choice":"agreed","floor":2.0,"damage_taken":0.0},{"event_name":"Upgrade Shrine","player_choice":"Upgraded","floor":4.0,"damage_taken":0.0},{"event_name":"Big Fish","player_choice":"Donut","floor":11.0,"damage_taken":0.0},{"event_name":"Golden Wing","player_choice":"Card Removal","floor":14.0,"damage_taken":0.0},{"event_name":"Designer","player_choice":"Upgrade Card","floor":19.0,"damage_taken":0.0},{"event_name":"Beggar","player_choice":"Gave Gold","floor":21.0,"damage_taken":0.0},{"event_name":"Back to Basics","player_choice":"Elegance","floor":28.0,"damage_taken":0.0},{"event_name":"Mysterious Sphere","player_choice":"Fight","floor":36.0,"damage_taken":0.0},{"event_name":"Match and Keep!","player_choice":"0 cards matched","floor":38.0,"damage_taken":0.0},{"event_name":"Golden Shrine","player_choice":"Pray","floor":41.0,"damage_taken":0.0}],"is_beta":true,"boss_relics":[{"not_picked":["Philosopher\u0027s Stone","Orrery"],"picked":"Runic Dome"},{"not_picked":["Velvet Choker","Empty Cage"],"picked":"Runic Pyramid"}],"items_purged_floors":[3,22],"is_endless":false,"potions_floor_spawned":[1,8,20,29,33,37,39,42,47],"ascension_level":3}