{"gold_per_floor":[109,129,142,5,19,45,55,72,72,101,0,0,26,43,43,43],"floor_reached":16,"playtime":567,"items_purged":[],"score":217,"play_id":"8e3c5204-1846-42bc-8b76-c9f239df7e7c","local_time":"20181112170456","is_ascension_mode":true,"campfire_choices":[{"data":"Perfected Strike","floor":12.0,"key":"SMITH"},{"data":"Perfected Strike","floor":15,"key":"SMITH"}],"neow_cost":"NONE","seed_source_timestamp":408124070097,"circlet_count":0,"master_deck":["AscendersBane","Strike_R","Strike_R","Strike_R","Strike_R","Strike_R","Defend_R","Defend_R","Defend_R","Defend_R","Bash","Perfected Strike+1","Whirlwind","Flame Barrier","Enlightenment","Wild Strike","Second Wind","Battle Trance","Offering","Perfected Strike+1","Twin Strike"],"special_seed":0,"relics":["Burning Blood","Pear","Singing Bowl","Art of War","Pen Nib"],"potions_floor_usage":[13,13],"damage_taken":[{"damage":1.0,"enemies":"Cultist","floor":1.0,"turns":3.0},{"damage":7.0,"enemies":"Small Slimes","floor":2.0,"turns":3.0},{"damage":13.0,"enemies":"2 Louse","floor":3.0,"turns":3.0},{"damage":8.0,"enemies":"Blue Slaver","floor":5.0,"turns":3.0},{"damage":55.0,"enemies":"Gremlin Nob","floor":6.0,"turns":5.0},{"damage":15.0,"enemies":"Looter","floor":7.0,"turns":4.0},{"damage":0.0,"enemies":"3 Louse","floor":8.0,"turns":1.0},{"damage":25.0,"enemies":"3 Sentries","floor":10.0,"turns":7.0},{"damage":12,"enemies":"Gremlin Nob","floor":13,"turns":4},{"damage":9,"enemies":"Red Slaver","floor":14,"turns":3},{"damage":18,"enemies":"Slime Boss","floor":16,"turns":5}],"seed_played":"-8530739610591767937","potions_obtained":[{"floor":5.0,"key":"LiquidBronze"},{"floor":6.0,"key":"SpeedPotion"},{"floor":7.0,"key":"SteroidPotion"},{"floor":10.0,"key":"GamblersBrew"}],"is_trial":false,"path_per_floor":["M","M","M","$","M","E","M","M","T","E","$","R","E","M","R","B"],"character_chosen":"IRONCLAD","items_purchased":["Flame Barrier","Enlightenment","Perfected Strike","Twin Strike"],"campfire_rested":0,"item_purchase_floors":[4,4,11,11],"current_hp_per_floor":[85,84,77,77,75,36,27,33,33,14,14,14,10,9,9,0],"gold":43,"neow_bonus":"TEN_PERCENT_HP_BONUS","is_prod":false,"is_daily":false,"chose_seed":false,"campfire_upgraded":2,"win_rate":0,"timestamp":1542013496,"path_taken":["M","M","?","?","M","E","M","M","T","E","$","R","E","M","R","BOSS"],"build_version":"2018-11-08","purchased_purges":0,"victory":false,"max_hp_per_floor":[88,88,88,88,88,98,98,98,98,98,98,98,100,102,102,102],"card_choices":[{"not_picked":["Clothesline","Heavy Blade","Pommel Strike"],"picked":"SKIP","floor":1.0},{"not_picked":["Combust","Twin Strike"],"picked":"Perfected Strike","floor":2.0},{"not_picked":["Havoc","Clash"],"picked":"Whirlwind","floor":3.0},{"not_picked":["Corruption","Cleave","Clothesline"],"picked":"SKIP","floor":5.0},{"not_picked":["Heavy Blade","Havoc"],"picked":"Wild Strike","floor":6.0},{"not_picked":["Iron Wave","Power Through"],"picked":"Second Wind","floor":7.0},{"not_picked":["Havoc","Infernal Blade"],"picked":"Battle Trance","floor":8.0},{"not_picked":["Warcry","Limit Break"],"picked":"Offering","floor":10.0},{"not_picked":["Body Slam","Clash","Barricade"],"picked":"Singing Bowl","floor":13},{"not_picked":["Headbutt","Rampage","Shrug It Off"],"picked":"Singing Bowl","floor":14}],"player_experience":533455,"relics_obtained":[{"floor":6.0,"key":"Pear"},{"floor":9.0,"key":"Singing Bowl"},{"floor":10.0,"key":"Art of War"},{"floor":13,"key":"Pen Nib"}],"event_choices":[],"is_beta":true,"boss_relics":[],"items_purged_floors":[],"is_endless":false,"potions_floor_spawned":[5,6,7,10],"killed_by":"Slime Boss","ascension_level":11}