{"gold_per_floor":[110,60,74,74,74,114,133,149,149,162,195,211,225,258,258,381,381,402,427,317,242,242,242,242,88,88,126,149,187,87,87,87,191,191,202,56,56,56,356,356,388,388,413,440,291,307,307,66,66,66],"floor_reached":51,"playtime":1950,"items_purged":["Strike_G","Strike_G"],"score":1091,"play_id":"e124c79b-09ec-4735-824a-f479f6bc19b6","local_time":"20181014191708","is_ascension_mode":true,"campfire_choices":[{"data":"Bouncing Flask","floor":15.0,"key":"SMITH"},{"data":"Crippling Poison","floor":23.0,"key":"SMITH"},{"floor":32.0,"key":"REST"},{"data":"Bouncing Flask","floor":40.0,"key":"SMITH"},{"data":"Noxious Fumes","floor":42.0,"key":"SMITH"},{"floor":49,"key":"REST"}],"neow_cost":"NONE","seed_source_timestamp":1356387270944,"circlet_count":0,"master_deck":["Defend_G","Defend_G","Defend_G","Defend_G","Strike_G","Survivor","Neutralize+1","Flechettes","Bouncing Flask+1","Sucker Punch","Poisoned Stab","Crippling Poison+1","Deflect","Deadly Poison","Venomology","PiercingWail+1","Noxious Fumes+1","Bouncing Flask+1","Deadly Poison+1","Backflip+1","Mayhem","Crippling Poison"],"special_seed":0,"relics":["Ring of the Snake","NeowsBlessing","Bloody Idol","Darkstone Periapt","Blue Candle","Mummified Hand","PreservedInsect","Cursed Key","Omamori","Sundial","Black Star","Oddly Smooth Stone","Old Coin","Lantern","Boot","Centennial Puzzle","Singing Bowl","Ninja Scroll","Snake Skull","TwistedFunnel"],"potions_floor_usage":[50,50,50],"damage_taken":[{"damage":0.0,"enemies":"2 Louse","floor":1.0,"turns":1.0},{"damage":0.0,"enemies":"Jaw Worm","floor":3.0,"turns":1.0},{"damage":0.0,"enemies":"Lagavulin","floor":6.0,"turns":1.0},{"damage":0.0,"enemies":"Small Slimes","floor":7.0,"turns":3.0},{"damage":4.0,"enemies":"2 Fungi Beasts","floor":8.0,"turns":3.0},{"damage":6.0,"enemies":"Looter","floor":10.0,"turns":3.0},{"damage":26.0,"enemies":"3 Sentries","floor":11.0,"turns":11.0},{"damage":2.0,"enemies":"3 Louse","floor":12.0,"turns":3.0},{"damage":13.0,"enemies":"Lots of Slimes","floor":13.0,"turns":3.0},{"damage":22.0,"enemies":"Lagavulin","floor":14.0,"turns":5.0},{"damage":9.0,"enemies":"Hexaghost","floor":16.0,"turns":8.0},{"damage":13.0,"enemies":"Chosen","floor":18.0,"turns":5.0},{"damage":6.0,"enemies":"Shell Parasite","floor":19.0,"turns":5.0},{"damage":3.0,"enemies":"Colosseum Slavers","floor":24.0,"turns":4.0},{"damage":7.0,"enemies":"Book of Stabbing","floor":27.0,"turns":5.0},{"damage":7.0,"enemies":"Snecko","floor":28.0,"turns":5.0},{"damage":1.0,"enemies":"Gremlin Leader","floor":29.0,"turns":6.0},{"damage":30.0,"enemies":"Champ","floor":33.0,"turns":11.0},{"damage":12.0,"enemies":"3 Shapes","floor":35.0,"turns":5.0},{"damage":27.0,"enemies":"Nemesis","floor":41.0,"turns":5.0},{"damage":8.0,"enemies":"Giant Head","floor":44.0,"turns":6.0},{"damage":4.0,"enemies":"3 Darklings","floor":46.0,"turns":3.0},{"damage":53,"enemies":"Donu and Deca","floor":50,"turns":7}],"seed_played":"5488897664995852006","potions_obtained":[{"floor":1.0,"key":"Regen Potion"},{"floor":3.0,"key":"PowerPotion"},{"floor":6.0,"key":"LiquidBronze"},{"floor":12.0,"key":"Regen Potion"},{"floor":19.0,"key":"GhostInAJar"},{"floor":28.0,"key":"GhostInAJar"},{"floor":35.0,"key":"PowerPotion"},{"floor":41.0,"key":"GhostInAJar"},{"floor":46.0,"key":"LiquidBronze"}],"is_trial":false,"path_per_floor":["M","?","M","?","?","E","M","M","T","M","E","M","M","E","R","B",null,"M","M","$","?","?","R","?","$","T","E","M","E","$","?","R","B",null,"M","$","?","?","T","R","E","R","T","E","$","M","?","$","R","B"],"character_chosen":"THE_SILENT","items_purchased":["Noxious Fumes","GhostInAJar","Bouncing Flask","Oddly Smooth Stone","Snake Skull","TwistedFunnel","Crippling Poison"],"campfire_rested":2,"item_purchase_floors":[20,25,25,36,45,48,48],"current_hp_per_floor":[63,63,63,63,63,63,63,59,59,53,42,40,27,20,20,11,52,39,33,33,33,33,33,30,30,30,23,16,15,15,15,34,24,55,48,48,48,48,53,53,31,31,36,35,35,38,38,38,57,19],"gold":66,"neow_bonus":"THREE_ENEMY_KILL","is_prod":false,"is_daily":false,"chose_seed":false,"campfire_upgraded":4,"win_rate":0,"timestamp":1539515828,"path_taken":["M","?","M","?","?","E","M","M","T","M","E","?","M","E","R","BOSS","M","M","?","?","?","R","?","?","T","E","?","E","$","?","R","BOSS","M","$","?","?","?","R","E","R","T","E","?","?","?","$","R","BOSS"],"build_version":"2018-10-11","purchased_purges":2,"victory":true,"max_hp_per_floor":[70,70,70,70,65,65,65,65,65,65,65,65,65,65,65,65,65,65,65,65,65,65,65,65,65,65,65,65,65,65,65,65,65,65,65,65,62,62,62,62,62,62,62,64,64,66,66,66,66,66],"card_choices":[{"not_picked":["Dagger Spray","Accuracy"],"picked":"Flechettes","floor":1.0},{"not_picked":["Outmaneuver","Sucker Punch","Eviscerate"],"picked":"SKIP","floor":3.0},{"not_picked":["Phantasmal Killer","Dagger Spray","Dagger Throw"],"picked":"SKIP","floor":6.0},{"not_picked":["Heel Hook","Flying Knee","Slice"],"picked":"SKIP","floor":7.0},{"not_picked":["Reflex","Blade Dance"],"picked":"Sucker Punch","floor":8.0},{"not_picked":["Dodge and Roll","Blur"],"picked":"Poisoned Stab","floor":10.0},{"not_picked":["Calculated Gamble","Setup"],"picked":"Crippling Poison","floor":11.0},{"not_picked":["Backflip","Poisoned Stab"],"picked":"Deflect","floor":12.0},{"not_picked":["Cloak And Dagger","Outmaneuver"],"picked":"Deadly Poison","floor":13.0},{"not_picked":["Sucker Punch","Deflect","Endless Agony"],"picked":"SKIP","floor":14.0},{"not_picked":["Wraith Form v2","A Thousand Cuts"],"picked":"Venomology","floor":16.0},{"not_picked":["Sucker Punch+1","Endless Agony","Cloak And Dagger"],"picked":"SKIP","floor":18.0},{"not_picked":["Deflect","Sucker Punch"],"picked":"PiercingWail+1","floor":19.0},{"not_picked":["Prepared","Blade Dance","Dagger Throw"],"picked":"SKIP","floor":27.0},{"not_picked":["Quick Slash","Underhanded Strike","Skewer+1"],"picked":"SKIP","floor":28.0},{"not_picked":["Flying Knee","Blade Dance","Prepared"],"picked":"SKIP","floor":29.0},{"not_picked":["Accuracy","Bane"],"picked":"Deadly Poison+1","floor":35.0},{"not_picked":["Dagger Spray+1","Dodge and Roll+1"],"picked":"Backflip+1","floor":41.0},{"not_picked":["Blade Dance+1","Underhanded Strike","Deadly Poison"],"picked":"Singing Bowl","floor":44.0},{"not_picked":["Outmaneuver","Slice+1","Prepared"],"picked":"Singing Bowl","floor":46.0},{"not_picked":["Dark Shackles","Violence"],"picked":"Mayhem","floor":47.0}],"player_experience":443069,"relics_obtained":[{"floor":6.0,"key":"Darkstone Periapt"},{"floor":9.0,"key":"Blue Candle"},{"floor":11.0,"key":"Mummified Hand"},{"floor":14.0,"key":"PreservedInsect"},{"floor":27.0,"key":"Omamori"},{"floor":29.0,"key":"Sundial"},{"floor":39.0,"key":"Old Coin"},{"floor":41.0,"key":"Lantern"},{"floor":41.0,"key":"Boot"},{"floor":43.0,"key":"Centennial Puzzle"},{"floor":44.0,"key":"Singing Bowl"},{"floor":44.0,"key":"Ninja Scroll"}],"event_choices":[{"event_name":"The Cleric","player_choice":"Card Removal","floor":2.0,"damage_taken":0.0},{"event_name":"Living Wall","player_choice":"Change","floor":4.0,"damage_taken":0.0},{"event_name":"Golden Idol","player_choice":"Lose Max HP","floor":5.0,"damage_taken":0.0},{"event_name":"Beggar","player_choice":"Gave Gold","floor":21.0,"damage_taken":0.0},{"event_name":"Upgrade Shrine","player_choice":"Upgraded","floor":22.0,"damage_taken":0.0},{"event_name":"Colosseum","player_choice":"Fight","floor":24.0,"damage_taken":0.0},{"event_name":"Colosseum","player_choice":"Fled From Nobs","floor":24.0,"damage_taken":0.0},{"event_name":"Forgotten Altar","player_choice":"Gave Idol","floor":31.0,"damage_taken":0.0},{"event_name":"Winding Halls","player_choice":"Max HP","floor":37.0,"damage_taken":0.0},{"event_name":"Mysterious Sphere","player_choice":"Ignore","floor":38.0,"damage_taken":0.0},{"event_name":"SensoryStone","player_choice":"Memory 1","floor":47.0,"damage_taken":0.0}],"is_beta":true,"boss_relics":[{"not_picked":["HoveringKite","Fusion Hammer"],"picked":"Cursed Key"},{"not_picked":["WristBlade","Calling Bell"],"picked":"Black Star"}],"items_purged_floors":[20,30],"is_endless":false,"potions_floor_spawned":[1,3,6,7,12,19,28,35,41,46],"ascension_level":7}