{"gold_per_floor":[119,135,135,85,85,115,115,141,141,141,152,152,179,193,193,290,290,305,324,324,324,249,249,274,274,274,274,299,398,275,285,285,390,390,406,235,235,248,248,248,258,277,277,307,317,336,336,356,356,356],"floor_reached":51,"playtime":2766,"items_purged":["Strike_G+1","Strike_G+1"],"score":839,"play_id":"a8780931-c125-43db-b4a1-26b52643f51d","local_time":"20180923203133","is_ascension_mode":true,"campfire_choices":[{"data":"Neutralize","floor":7.0,"key":"SMITH"},{"floor":12.0,"key":"REST"},{"data":"Cloak And Dagger","floor":15.0,"key":"SMITH"},{"data":"Burst","floor":23.0,"key":"SMITH"},{"data":"Accuracy","floor":25.0,"key":"SMITH"},{"data":"Cloak And Dagger","floor":27.0,"key":"SMITH"},{"floor":32.0,"key":"REST"},{"floor":40,"key":"REST"},{"data":"Accuracy","floor":47,"key":"SMITH"},{"data":"Malaise","floor":49,"key":"SMITH"}],"neow_cost":"NONE","seed_source_timestamp":13682488536954,"circlet_count":0,"master_deck":["Defend_G+1","Defend_G+1","Defend_G+1","Defend_G+1","Defend_G+1","Survivor+1","Neutralize+1","Accuracy+1","Sucker Punch+1","Cloak And Dagger+1","PiercingWail+1","Cloak And Dagger+1","Infinite Blades+1","Burst+1","Backflip+1","Blade Dance+1","Calculated Gamble+1","Storm of Steel+1","Concentrate+1","Tactician+1","Blur","Accuracy+1","Accuracy+1","Malaise+1","Expertise+1","Escape Plan+1","All Out Attack+1"],"special_seed":0,"relics":["Ring of the Snake","NeowsBlessing","Thread and Needle","Anchor","Matryoshka","Tough Bandages","White Beast Statue","Dream Catcher","Question Card","Ninja Scroll","Whetstone","WristBlade","Mark of the Bloom","Potion Belt","Gremlin Horn","The Courier"],"potions_floor_usage":[45,46,50,50,50],"damage_taken":[{"damage":0.0,"enemies":"Jaw Worm","floor":1.0,"turns":1.0},{"damage":0.0,"enemies":"Small Slimes","floor":2.0,"turns":1.0},{"damage":0.0,"enemies":"Lagavulin","floor":6.0,"turns":1.0},{"damage":39.0,"enemies":"Gremlin Nob","floor":8.0,"turns":7.0},{"damage":0.0,"enemies":"2 Louse","floor":11.0,"turns":2.0},{"damage":5.0,"enemies":"3 Sentries","floor":13.0,"turns":10.0},{"damage":0.0,"enemies":"Large Slime","floor":14.0,"turns":8.0},{"damage":11.0,"enemies":"The Guardian","floor":16.0,"turns":14.0},{"damage":19.0,"enemies":"Spheric Guardian","floor":18.0,"turns":6.0},{"damage":0.0,"enemies":"Chosen","floor":19.0,"turns":5.0},{"damage":20.0,"enemies":"Slavers","floor":24.0,"turns":9.0},{"damage":19.0,"enemies":"Book of Stabbing","floor":28.0,"turns":6.0},{"damage":2.0,"enemies":"Sentry and Sphere","floor":31.0,"turns":5.0},{"damage":19.0,"enemies":"Automaton","floor":33.0,"turns":9.0},{"damage":0,"enemies":"Orb Walker","floor":35,"turns":3},{"damage":3,"enemies":"3 Shapes","floor":38,"turns":6},{"damage":0,"enemies":"Spire Growth","floor":41,"turns":4},{"damage":0,"enemies":"Jaw Worm Horde","floor":42,"turns":5},{"damage":17,"enemies":"Giant Head","floor":44,"turns":7},{"damage":2,"enemies":"Reptomancer","floor":45,"turns":4},{"damage":0,"enemies":"Spire Growth","floor":46,"turns":3},{"damage":2,"enemies":"4 Shapes","floor":48,"turns":3},{"damage":32,"enemies":"Donu and Deca","floor":50,"turns":8}],"seed_played":"6430537078052806905","potions_obtained":[{"floor":1.0,"key":"PowerPotion"},{"floor":6.0,"key":"LiquidBronze"},{"floor":11.0,"key":"Fire Potion"},{"floor":14.0,"key":"LiquidBronze"},{"floor":18.0,"key":"AttackPotion"},{"floor":19.0,"key":"AttackPotion"},{"floor":24.0,"key":"Swift Potion"},{"floor":28.0,"key":"GamblersBrew"},{"floor":31.0,"key":"SpeedPotion"},{"floor":33.0,"key":"LiquidBronze"},{"floor":44,"key":"Regen Potion"},{"floor":45,"key":"Swift Potion"},{"floor":46,"key":"Ancient Potion"},{"floor":48,"key":"Poison Potion"}],"is_trial":false,"path_per_floor":["M","M","?","?","?","E","R","E","T","?","M","R","E","M","R","B",null,"M","M","$","?","?","R","E","R","T","R","E","?","$","M","R","B",null,"M","$","?","M","?","R","M","M","T","E","M","M","R","M","R","B"],"character_chosen":"THE_SILENT","items_purchased":["Block Potion","Tactician"],"campfire_rested":3,"item_purchase_floors":[30,36],"current_hp_per_floor":[70,70,63,63,49,49,49,10,10,10,10,31,26,26,26,15,70,51,51,51,51,51,51,31,31,31,31,12,12,12,10,31,12,70,70,70,70,67,67,67,67,67,67,50,48,48,48,46,46,14],"gold":356,"neow_bonus":"THREE_ENEMY_KILL","is_prod":false,"is_daily":false,"chose_seed":false,"campfire_upgraded":7,"win_rate":0,"timestamp":1537705893,"path_taken":["M","M","?","?","?","E","R","E","T","?","M","R","E","M","R","BOSS","M","M","$","?","?","R","E","R","T","R","E","?","$","M","R","BOSS","M","$","?","M","?","R","?","M","T","E","M","M","R","M","R","BOSS"],"build_version":"2018-09-20","purchased_purges":2,"victory":true,"max_hp_per_floor":[70,70,70,70,70,70,70,70,70,70,70,70,70,70,70,70,70,70,70,70,70,70,70,70,70,70,70,70,70,70,70,70,70,70,70,70,70,70,70,70,70,70,70,70,70,70,70,70,70,70],"card_choices":[{"not_picked":["Dagger Throw","Escape Plan"],"picked":"Accuracy","floor":1.0},{"not_picked":["Reflex","Deadly Poison"],"picked":"Sucker Punch","floor":2.0},{"not_picked":["Slice","Prepared","Quick Slash"],"picked":"SKIP","floor":6.0},{"not_picked":["Well Laid Plans","Backstab"],"picked":"Cloak And Dagger","floor":8.0},{"not_picked":["Sucker Punch","Phantasmal Killer"],"picked":"PiercingWail","floor":11.0},{"not_picked":["Distraction","Footwork"],"picked":"Cloak And Dagger","floor":13.0},{"not_picked":["Sucker Punch","Escape Plan"],"picked":"Infinite Blades","floor":14.0},{"not_picked":["Adrenaline","Bullet Time"],"picked":"Burst","floor":16.0},{"not_picked":["Deadly Poison","Dagger Throw"],"picked":"Backflip","floor":18.0},{"not_picked":["Bane","Prepared","Poisoned Stab+1"],"picked":"SKIP","floor":19.0},{"not_picked":["Endless Agony+1","Slice"],"picked":"Blade Dance","floor":24.0},{"not_picked":["Backstab+1","Deadly Poison","Deflect","Skewer+1"],"picked":"SKIP","floor":28.0},{"not_picked":["Flying Knee","Slice","Bane"],"picked":"Calculated Gamble+1","floor":31.0},{"not_picked":["Quick Slash+1","Backflip","Slice"],"picked":"Tools of the Trade","floor":32.0},{"not_picked":["Night Terror","Wraith Form v2","Unload"],"picked":"Storm of Steel","floor":33.0},{"not_picked":["Underhanded Strike","Slice","Riddle With Holes"],"picked":"Concentrate+1","floor":35},{"not_picked":["Backflip","Flechettes+1","Deflect","Predator"],"picked":"SKIP","floor":38},{"not_picked":["Dagger Spray+1","Blade Dance","Terror"],"picked":"Blur","floor":40},{"not_picked":["Riddle With Holes","Leg Sweep+1","PiercingWail"],"picked":"Accuracy","floor":41},{"not_picked":["Escape Plan","Tactician+1","Riddle With Holes+1"],"picked":"Accuracy+1","floor":42},{"not_picked":["Underhanded Strike","Dagger Spray","Crippling Poison"],"picked":"Malaise","floor":44},{"not_picked":["Outmaneuver+1","Slice+1","Deflect"],"picked":"Expertise+1","floor":45},{"not_picked":["Dodge and Roll","Quick Slash+1","Cloak And Dagger+1"],"picked":"Escape Plan+1","floor":46},{"not_picked":["Bouncing Flask+1","Crippling Poison+1","Dodge and Roll"],"picked":"All Out Attack+1","floor":48}],"player_experience":396405,"relics_obtained":[{"floor":6.0,"key":"Thread and Needle"},{"floor":8.0,"key":"Anchor"},{"floor":9.0,"key":"Matryoshka"},{"floor":13.0,"key":"Tough Bandages"},{"floor":24.0,"key":"Dream Catcher"},{"floor":26.0,"key":"Question Card"},{"floor":26.0,"key":"Ninja Scroll"},{"floor":28.0,"key":"Whetstone"},{"floor":43,"key":"Potion Belt"},{"floor":43,"key":"Gremlin Horn"},{"floor":44,"key":"The Courier"}],"event_choices":[{"event_name":"Golden Wing","player_choice":"Card Removal","floor":3.0,"damage_taken":0.0},{"event_name":"The Cleric","player_choice":"Card Removal","floor":4.0,"damage_taken":0.0},{"event_name":"Shining Light","player_choice":"Entered Light","floor":5.0,"damage_taken":0.0},{"event_name":"Liars Game","player_choice":"disagreed","floor":10.0,"damage_taken":0.0},{"event_name":"Vampires","player_choice":"Ignored","floor":21.0,"damage_taken":0.0},{"event_name":"Beggar","player_choice":"Gave Gold","floor":22.0,"damage_taken":0.0},{"event_name":"Nest","player_choice":"Stole From Cult","floor":29.0,"damage_taken":0.0},{"event_name":"MindBloom","player_choice":"Upgrade","floor":37,"damage_taken":0},{"event_name":"Falling","player_choice":"Removed Power","floor":39,"damage_taken":0}],"is_beta":true,"boss_relics":[{"not_picked":["Calling Bell","Velvet Choker"],"picked":"White Beast Statue"},{"not_picked":["Pandora\u0027s Box","Coffee Dripper"],"picked":"WristBlade"}],"items_purged_floors":[30,36],"is_endless":false,"potions_floor_spawned":[1,6,11,14,16,18,19,24,28,31,33,35,38,41,42,44,45,46,48],"ascension_level":3}