{"gold_per_floor":[116,126,139,153,163,191,191,222,268,288,288,307,307,320,320,415,415,415,415,334,334,109,109,109,109,109,109,109,109,64,64,64,64,64,64,64,64,64,64,64,64,64,64,28,28,28,28,28,28,28],"floor_reached":50,"playtime":3877,"items_purged":[],"score":497,"play_id":"8220c0c2-4db9-4b1b-9a80-c109e7dd0dbc","local_time":"20190809002747","is_ascension_mode":false,"campfire_choices":[{"floor":7,"key":"REST"},{"floor":15,"key":"REST"},{"floor":24,"key":"REST"},{"data":"Noxious Fumes","floor":29,"key":"SMITH"},{"floor":32,"key":"REST"},{"floor":40,"key":"REST"},{"floor":45,"key":"REST"},{"floor":47,"key":"REST"},{"data":"Skewer","floor":49,"key":"SMITH"}],"neow_cost":"NONE","seed_source_timestamp":100156873960126,"circlet_count":0,"master_deck":["Strike_G+1","Strike_G+1","Defend_G+1","Defend_G+1","Defend_G+1","Defend_G+1","Defend_G+1","Survivor","Neutralize+1","Predator","Outmaneuver","Crippling Poison+1","Dodge and Roll","Dagger Throw+1","Flying Knee","Deadly Poison","Bouncing Flask","Noxious Fumes+1","Dagger Spray","Blur","Corpse Explosion","Sucker Punch","Noxious Fumes","Leg Sweep","Skewer+1","PiercingWail","Sucker Punch+1","Poisoned Stab+1","Writhe","Acrobatics+1","Quick Slash+1","Slice+1","Malaise","Slice+1","PiercingWail+1","Flechettes+1","Acrobatics","Well Laid Plans","Dagger Throw+1","Prepared+1","Bullet Time","Leg Sweep","Underhanded Strike+1","Deadly Poison","Bane+1","Blur+1"],"relics":["Ring of the Snake","NeowsBlessing","Juzu Bracelet","Regal Pillow","Dream Catcher","Ectoplasm","Pantograph","Molten Egg 2","Blood Vial","Strawberry","Astrolabe","Thread and Needle","Whetstone"],"potions_floor_usage":[8,14,16,23,42,42,46,48,50],"damage_taken":[{"damage":0,"enemies":"Jaw Worm","floor":1,"turns":1},{"damage":0,"enemies":"Cultist","floor":2,"turns":1},{"damage":0,"enemies":"Small Slimes","floor":3,"turns":1},{"damage":0,"enemies":"2 Fungi Beasts","floor":4,"turns":4},{"damage":3,"enemies":"Looter","floor":5,"turns":4},{"damage":15,"enemies":"Gremlin Nob","floor":6,"turns":4},{"damage":19,"enemies":"3 Sentries","floor":8,"turns":7},{"damage":1,"enemies":"Red Slaver","floor":10,"turns":4},{"damage":0,"enemies":"Blue Slaver","floor":12,"turns":4},{"damage":10,"enemies":"2 Fungi Beasts","floor":14,"turns":4},{"damage":24,"enemies":"Hexaghost","floor":16,"turns":9},{"damage":13,"enemies":"Shell Parasite","floor":18,"turns":5},{"damage":23,"enemies":"Slavers","floor":23,"turns":4},{"damage":20,"enemies":"2 Thieves","floor":30,"turns":4},{"damage":17,"enemies":"Cultist and Chosen","floor":31,"turns":6},{"damage":74,"enemies":"Collector","floor":33,"turns":9},{"damage":26,"enemies":"3 Darklings","floor":35,"turns":4},{"damage":4,"enemies":"3 Shapes","floor":37,"turns":2},{"damage":9,"enemies":"Mind Bloom Boss Battle","floor":41,"turns":10},{"damage":12,"enemies":"Maw","floor":42,"turns":9},{"damage":13,"enemies":"Jaw Worm Horde","floor":46,"turns":4},{"damage":7,"enemies":"Sphere and 2 Shapes","floor":48,"turns":5},{"damage":82,"enemies":"Time Eater","floor":50,"turns":20}],"seed_played":"4072564371855060333","potions_obtained":[{"floor":3,"key":"LiquidBronze"},{"floor":6,"key":"PowerPotion"},{"floor":8,"key":"Poison Potion"},{"floor":10,"key":"SteroidPotion"},{"floor":14,"key":"Explosive Potion"},{"floor":33,"key":"Dexterity Potion"},{"floor":42,"key":"Energy Potion"},{"floor":46,"key":"Fire Potion"},{"floor":48,"key":"GamblersBrew"}],"is_trial":false,"path_per_floor":["M","M","M","M","M","E","R","E","T","M","?","M","?","M","R","B",null,"M","T","$","?","$","E","R","?","T","?","?","R","M","M","R","B",null,"M","?","M","?","?","R","?","M","T","$","R","M","R","M","R","B"],"character_chosen":"THE_SILENT","items_purchased":["Noxious Fumes","Leg Sweep","Skewer","PiercingWail","Caltrops","Leg Sweep"],"campfire_rested":7,"item_purchase_floors":[20,22,22,22,22,44],"current_hp_per_floor":[70,70,70,70,67,52,70,51,51,50,50,50,50,40,70,46,70,57,57,57,57,57,34,70,70,70,70,77,77,57,42,77,3,77,51,51,49,42,42,77,68,58,58,58,77,64,77,70,70,0],"gold":28,"neow_bonus":"THREE_ENEMY_KILL","is_prod":false,"is_daily":false,"chose_seed":false,"campfire_upgraded":2,"win_rate":0.0,"timestamp":1565324867,"path_taken":["M","M","M","M","M","E","R","E","T","M","?","M","?","M","R","BOSS","M","?","$","?","$","E","R","?","T","?","?","R","M","M","R","BOSS","M","?","M","?","?","R","?","M","T","$","R","M","R","M","R","BOSS"],"build_version":"2019-07-17","purchased_purges":0,"victory":false,"max_hp_per_floor":[70,70,70,70,70,70,70,70,70,70,70,70,70,70,70,70,70,70,70,70,70,70,70,70,70,70,70,77,77,77,77,77,77,77,77,77,77,77,77,77,77,77,77,77,77,77,77,77,77,77],"card_choices":[{"not_picked":["Blade Dance","Masterful Stab"],"picked":"Predator","floor":1},{"not_picked":["Prepared","Underhanded Strike"],"picked":"Outmaneuver","floor":2},{"not_picked":["Backflip","Envenom"],"picked":"Crippling Poison","floor":3},{"not_picked":["Outmaneuver","Slice"],"picked":"Dodge and Roll","floor":4},{"not_picked":["Masterful Stab","Underhanded Strike"],"picked":"Dagger Throw","floor":5},{"not_picked":["Masterful Stab","Doppelganger"],"picked":"Flying Knee","floor":6},{"not_picked":["Underhanded Strike","Phantasmal Killer"],"picked":"Deadly Poison","floor":8},{"not_picked":["Blur","Slice"],"picked":"Bouncing Flask","floor":10},{"not_picked":["Sucker Punch","Dodge and Roll"],"picked":"Noxious Fumes","floor":12},{"not_picked":["Dagger Throw","Tactician"],"picked":"Dagger Spray","floor":14},{"not_picked":["Terror","Deadly Poison"],"picked":"Blur","floor":15},{"not_picked":["Burst","Glass Knife"],"picked":"Corpse Explosion","floor":16},{"not_picked":["Finisher","Catalyst"],"picked":"Sucker Punch","floor":18},{"not_picked":["Heel Hook+1","All Out Attack"],"picked":"Sucker Punch","floor":23},{"not_picked":["Catalyst","Slice+1"],"picked":"Poisoned Stab+1","floor":24},{"not_picked":["Poisoned Stab+1","Outmaneuver"],"picked":"Acrobatics+1","floor":30},{"not_picked":["Infinite Blades","Poisoned Stab+1"],"picked":"Quick Slash+1","floor":31},{"not_picked":["Night Terror","Expertise"],"picked":"Slice+1","floor":32},{"not_picked":["Corpse Explosion","Die Die Die+1"],"picked":"Malaise","floor":33},{"not_picked":["Quick Slash+1","Prepared+1"],"picked":"Acrobatics","floor":35},{"not_picked":["Dodge and Roll+1","Prepared+1"],"picked":"Well Laid Plans","floor":37},{"not_picked":["Caltrops+1","Poisoned Stab+1"],"picked":"Dagger Throw+1","floor":40},{"not_picked":["PiercingWail","Choke+1"],"picked":"Prepared+1","floor":41},{"not_picked":["Acrobatics+1","Finisher+1"],"picked":"Bullet Time","floor":42},{"not_picked":["Dagger Spray+1","Deflect"],"picked":"Underhanded Strike+1","floor":45},{"not_picked":["Sucker Punch+1","Escape Plan+1"],"picked":"Deadly Poison","floor":46},{"not_picked":["Acrobatics","Dodge and Roll"],"picked":"Bane+1","floor":47},{"not_picked":["Underhanded Strike+1","Masterful Stab+1"],"picked":"Blur+1","floor":48}],"player_experience":11118,"relics_obtained":[{"floor":6,"key":"Juzu Bracelet"},{"floor":8,"key":"Regal Pillow"},{"floor":9,"key":"Dream Catcher"},{"floor":19,"key":"Pantograph"},{"floor":23,"key":"Molten Egg 2"},{"floor":26,"key":"Blood Vial"},{"floor":41,"key":"Thread and Needle"},{"floor":43,"key":"Whetstone"}],"event_choices":[{"damage_healed":0,"gold_gain":0,"player_choice":"Ignored","damage_taken":0,"max_hp_gain":0,"max_hp_loss":0,"event_name":"Golden Idol","floor":11,"gold_loss":0},{"damage_healed":0,"gold_gain":0,"player_choice":"Forge","damage_taken":0,"max_hp_gain":0,"max_hp_loss":0,"event_name":"Accursed Blacksmith","floor":13,"gold_loss":0,"cards_upgraded":["Crippling Poison"]},{"damage_healed":0,"gold_gain":0,"player_choice":"Simplicity","damage_taken":0,"max_hp_gain":0,"max_hp_loss":0,"event_name":"Back to Basics","floor":21,"gold_loss":0,"cards_upgraded":["Strike_G","Strike_G","Strike_G","Strike_G","Strike_G","Defend_G","Defend_G","Defend_G","Defend_G","Defend_G"]},{"damage_healed":0,"gold_gain":100,"player_choice":"Pray","damage_taken":0,"max_hp_gain":0,"max_hp_loss":0,"event_name":"Golden Shrine","floor":25,"gold_loss":0},{"damage_healed":0,"gold_gain":99,"player_choice":"Stole From Cult","damage_taken":0,"max_hp_gain":0,"max_hp_loss":0,"event_name":"Nest","floor":27,"gold_loss":0},{"damage_healed":0,"gold_gain":0,"player_choice":"Opened","damage_taken":0,"relics_obtained":["Strawberry"],"max_hp_gain":0,"max_hp_loss":0,"event_name":"The Mausoleum","floor":28,"gold_loss":0,"cards_obtained":["Writhe"]},{"damage_healed":0,"gold_gain":0,"player_choice":"Ignored","damage_taken":0,"max_hp_gain":0,"max_hp_loss":0,"event_name":"Mysterious Sphere","floor":36,"gold_loss":0},{"damage_healed":0,"gold_gain":0,"player_choice":"Damaged","damage_taken":7,"max_hp_gain":0,"max_hp_loss":0,"event_name":"Wheel of Change","floor":38,"gold_loss":0},{"cards_removed":["Caltrops"],"damage_healed":0,"gold_gain":0,"player_choice":"Removed Power","damage_taken":0,"max_hp_gain":0,"max_hp_loss":0,"event_name":"Falling","floor":39,"gold_loss":0},{"damage_healed":0,"gold_gain":0,"player_choice":"Fight","damage_taken":0,"max_hp_gain":0,"max_hp_loss":0,"event_name":"MindBloom","floor":41,"gold_loss":0}],"is_beta":false,"boss_relics":[{"not_picked":["HoveringKite","Sozu"],"picked":"Ectoplasm"},{"not_picked":["Calling Bell","Black Star"],"picked":"Astrolabe"}],"items_purged_floors":[],"is_endless":false,"potions_floor_spawned":[3,6,8,10,14,33,42,46,48],"killed_by":"Time Eater","ascension_level":0}