{"gold_per_floor":[114,132,57,73,84,84,116,116,116,116,151,151,151,168,168,245,245,264,279,279],"floor_reached":20,"playtime":574,"items_purged":["Strike_B"],"score":518,"play_id":"d2ce3a79-ba08-4f86-be4d-6900c558ded3","local_time":"20190414124859","is_ascension_mode":true,"campfire_choices":[{"data":"Sunder","floor":6,"key":"SMITH"},{"floor":10,"key":"REST"},{"floor":13,"key":"REST"},{"data":"Creative AI","floor":15,"key":"SMITH"}],"neow_cost":"TEN_PERCENT_HP_LOSS","seed_source_timestamp":5930085275653,"circlet_count":0,"master_deck":["AscendersBane","Strike_B","Strike_B","Strike_B","Defend_B","Defend_B","Defend_B","Defend_B","Zap","Dualcast","Impatience","Trip+1","Ball Lightning","White Noise+1","Sunder+1","Doom and Gloom","Consume","Creative AI+1","Biased Cognition","Darkness"],"relics":["Cracked Core","Letter Opener","FossilizedHelix","Incense Burner","Sozu"],"potions_floor_usage":[7,16,16],"damage_taken":[{"damage":8,"enemies":"Small Slimes","floor":1,"turns":3},{"damage":5,"enemies":"2 Louse","floor":2,"turns":2},{"damage":7,"enemies":"Jaw Worm","floor":4,"turns":2},{"damage":12,"enemies":"Looter","floor":5,"turns":3},{"damage":30,"enemies":"3 Sentries","floor":7,"turns":5},{"damage":0,"enemies":"Lagavulin","floor":11,"turns":4},{"damage":6,"enemies":"2 Fungi Beasts","floor":14,"turns":2},{"damage":0,"enemies":"The Guardian","floor":16,"turns":11},{"damage":19,"enemies":"3 Byrds","floor":18,"turns":2},{"damage":17,"enemies":"2 Thieves","floor":19,"turns":4},{"damage":31,"enemies":"Cultist and Chosen","floor":20,"turns":4}],"seed_played":"2629852851012320733","potions_obtained":[{"floor":1,"key":"Block Potion"},{"floor":5,"key":"Dexterity Potion"},{"floor":11,"key":"Fire Potion"},{"floor":16,"key":"LiquidBronze"}],"is_trial":false,"path_per_floor":["M","M","$","M","M","R","E","?","T","R","E","?","R","M","R","B",null,"M","M","M"],"character_chosen":"DEFECT","items_purchased":[],"campfire_rested":2,"item_purchase_floors":[],"current_hp_per_floor":[56,51,51,44,32,32,2,2,2,21,21,2,21,15,15,15,52,33,16,0],"gold":279,"neow_bonus":"RANDOM_COLORLESS_2","is_prod":false,"is_daily":false,"chose_seed":false,"campfire_upgraded":2,"win_rate":0,"timestamp":1555217339,"path_taken":["M","M","$","M","M","R","E","?","T","R","E","?","R","M","R","BOSS","M","M","M"],"build_version":"2019-01-23","purchased_purges":1,"victory":false,"max_hp_per_floor":[64,64,64,64,64,64,64,64,64,64,64,64,64,64,64,64,64,64,64,64],"card_choices":[{"not_picked":["Loop","Skim"],"picked":"Ball Lightning","floor":1},{"not_picked":["Aggregate","Compile Driver"],"picked":"White Noise","floor":2},{"not_picked":["Heatsinks","Go for the Eyes"],"picked":"Sunder","floor":4},{"not_picked":["Sweeping Beam","Beam Cell","Steam"],"picked":"SKIP","floor":5},{"not_picked":["Streamline","Compile Driver"],"picked":"Doom and Gloom","floor":7},{"not_picked":["Barrage","Double Energy"],"picked":"Consume","floor":11},{"not_picked":["Cold Snap","Double Energy"],"picked":"Creative AI","floor":14},{"not_picked":["Meteor Strike","Core Surge"],"picked":"Biased Cognition","floor":16},{"not_picked":["Coolheaded","Fusion"],"picked":"Darkness","floor":18},{"not_picked":["Gash","Sweeping Beam","Compile Driver"],"picked":"SKIP","floor":19}],"player_experience":943593,"relics_obtained":[{"floor":7,"key":"Letter Opener"},{"floor":9,"key":"FossilizedHelix"},{"floor":11,"key":"Incense Burner"}],"event_choices":[{"damage_healed":0,"gold_gain":0,"player_choice":"Ignored","damage_taken":0,"max_hp_gain":0,"max_hp_loss":0,"event_name":"Liars Game","floor":8,"gold_loss":0},{"damage_healed":0,"gold_gain":0,"player_choice":"Entered Light","damage_taken":19,"max_hp_gain":0,"max_hp_loss":0,"event_name":"Shining Light","floor":12,"gold_loss":0,"cards_upgraded":["White Noise","Trip"]}],"is_beta":false,"boss_relics":[{"not_picked":["Black Star","Lizard Tail"],"picked":"Sozu"}],"items_purged_floors":[3],"is_endless":false,"potions_floor_spawned":[1,5,11,16,18,19],"killed_by":"Cultist and Chosen","ascension_level":20}