{"gold_per_floor":[113,130,149,159,145,173,68,68,68,86,86,86,50,67,67,172,172,182,197,214,231,231,231,231],"floor_reached":24,"playtime":1850,"items_purged":[],"score":202,"play_id":"268ef726-f26a-4d8b-9869-254dc3f06ec2","local_time":"20190805235134","is_ascension_mode":false,"campfire_choices":[{"floor":8,"key":"REST"},{"floor":11,"key":"REST"},{"data":"Heavy Blade","floor":15,"key":"SMITH"},{"data":"Brutality","floor":23,"key":"SMITH"}],"neow_cost":"NONE","seed_source_timestamp":1749706655006,"circlet_count":0,"master_deck":["Strike_R","Strike_R","Strike_R","Strike_R","Strike_R","Defend_R","Defend_R","Defend_R","Defend_R","Bash","Cleave","Shrug It Off","Demon Form","Heavy Blade","Infernal Blade","Reaper","Battle Trance","Pummel","Spot Weakness","Heavy Blade+1","Reaper","Heavy Blade","Flex","Brutality+1","J.A.X."],"relics":["Burning Blood","Juzu Bracelet","Shuriken","Pen Nib","Philosopher\u0027s Stone"],"potions_floor_usage":[],"damage_taken":[{"damage":1,"enemies":"Cultist","floor":1,"turns":3},{"damage":5,"enemies":"Jaw Worm","floor":2,"turns":4},{"damage":14,"enemies":"2 Louse","floor":3,"turns":3},{"damage":10,"enemies":"Looter","floor":4,"turns":4},{"damage":9,"enemies":"Exordium Thugs","floor":5,"turns":4},{"damage":40,"enemies":"Lagavulin","floor":6,"turns":6},{"damage":22,"enemies":"Gremlin Gang","floor":10,"turns":5},{"damage":7,"enemies":"3 Louse","floor":14,"turns":2},{"damage":51,"enemies":"Slime Boss","floor":16,"turns":8},{"damage":2,"enemies":"Chosen","floor":18,"turns":3},{"damage":44,"enemies":"3 Byrds","floor":19,"turns":4},{"damage":67,"enemies":"3 Cultists","floor":20,"turns":5},{"damage":0,"enemies":"Snecko","floor":21,"turns":2},{"damage":65,"enemies":"Chosen and Byrds","floor":24,"turns":4}],"seed_played":"-3346274042436509631","potions_obtained":[{"floor":4,"key":"LiquidBronze"},{"floor":5,"key":"Energy Potion"},{"floor":6,"key":"AttackPotion"},{"floor":14,"key":"Block Potion"},{"floor":19,"key":"BloodPotion"}],"is_trial":false,"path_per_floor":["M","M","M","M","M","E","$","R","T","M","R","?","?","M","R","B",null,"M","M","M","M","?","R","M"],"character_chosen":"IRONCLAD","items_purchased":["Battle Trance","Pummel"],"campfire_rested":2,"item_purchase_floors":[7,7],"current_hp_per_floor":[80,80,72,68,65,31,31,55,55,48,72,60,60,59,59,54,80,80,45,38,44,44,44,0],"gold":231,"neow_bonus":"THREE_CARDS","is_prod":false,"is_daily":false,"chose_seed":false,"campfire_upgraded":2,"win_rate":0.0,"timestamp":1565063494,"path_taken":["M","M","M","M","M","E","$","R","T","M","R","?","?","M","R","BOSS","M","M","M","M","?","R","M"],"build_version":"2019-07-17","purchased_purges":0,"victory":false,"max_hp_per_floor":[80,80,80,80,80,80,80,80,80,80,80,80,80,80,80,80,80,80,80,80,80,80,80,80],"card_choices":[{"not_picked":["Thunderclap","Warcry"],"picked":"Cleave","floor":0},{"not_picked":["Twin Strike","Flex"],"picked":"Shrug It Off","floor":1},{"not_picked":["Cleave","Seeing Red"],"picked":"Demon Form","floor":2},{"not_picked":["Sword Boomerang","Shrug It Off"],"picked":"Heavy Blade","floor":3},{"not_picked":["Entrench","Feel No Pain","Armaments"],"picked":"SKIP","floor":4},{"not_picked":["Warcry","Twin Strike"],"picked":"Infernal Blade","floor":5},{"not_picked":["Feed","True Grit"],"picked":"Reaper","floor":6},{"not_picked":["Rage","Warcry"],"picked":"Spot Weakness","floor":10},{"not_picked":["Clothesline","Pommel Strike"],"picked":"Heavy Blade","floor":14},{"not_picked":["Demon Form","Feed"],"picked":"Reaper","floor":16},{"not_picked":["Clash","Shrug It Off","Body Slam"],"picked":"SKIP","floor":18},{"not_picked":["Corruption","Perfected Strike"],"picked":"Heavy Blade","floor":19},{"not_picked":["Iron Wave","Thunderclap+1"],"picked":"Flex","floor":20},{"not_picked":["Combust+1","True Grit"],"picked":"Brutality","floor":21}],"player_experience":10042,"relics_obtained":[{"floor":6,"key":"Juzu Bracelet"},{"floor":9,"key":"Shuriken"}],"event_choices":[{"damage_healed":0,"gold_gain":0,"player_choice":"Success","damage_taken":12,"relics_obtained":["Pen Nib"],"max_hp_gain":0,"max_hp_loss":0,"event_name":"Scrap Ooze","floor":12,"gold_loss":0},{"damage_healed":0,"gold_gain":0,"player_choice":"Left Gold","damage_taken":0,"max_hp_gain":0,"max_hp_loss":0,"event_name":"World of Goop","floor":13,"gold_loss":36},{"damage_healed":0,"gold_gain":0,"player_choice":"Obtain J.A.X.","damage_taken":0,"max_hp_gain":0,"max_hp_loss":0,"event_name":"Drug Dealer","floor":22,"gold_loss":0,"cards_obtained":["J.A.X."]}],"is_beta":false,"boss_relics":[{"not_picked":["Lizard Tail","Cursed Key"],"picked":"Philosopher\u0027s Stone"}],"items_purged_floors":[],"is_endless":false,"potions_floor_spawned":[4,5,6,14,16,19,20],"killed_by":"Chosen and Byrds","ascension_level":0}