{"gold_per_floor":[113,130,141,157,170,199,199,230,260,275,275,309,309,338,338,437,437,457,475,494,24,35,67,93,126,126,126,3,3,28,41,41,139,139,159,178,197,22,22,22,22,42,69,95,95,195,47,61,61,61],"floor_reached":51,"playtime":3014,"items_purged":["Strike_R","Strike_R","Pain","Decay"],"score":891,"play_id":"99933355-b647-41bd-ac52-02583ba601ff","local_time":"20190810170717","is_ascension_mode":true,"campfire_choices":[{"data":"Cleave","floor":7,"key":"SMITH"},{"data":"Feed","floor":11,"key":"SMITH"},{"floor":15,"key":"REST"},{"floor":27,"key":"REST"},{"data":"Juggernaut","floor":29,"key":"SMITH"},{"data":"Body Slam","floor":32,"key":"SMITH"},{"floor":40,"key":"REST"},{"data":"Battle Trance","floor":41,"key":"SMITH"},{"floor":49,"key":"REST"}],"neow_cost":"NONE","seed_source_timestamp":1582850855965570,"circlet_count":0,"master_deck":["Strike_R+1","Strike_R+1","Strike_R","Defend_R","Defend_R","Defend_R","Defend_R","Bash","Power Through","Shrug It Off","Cleave+1","Pommel Strike","Battle Trance+1","Feed+1","Flame Barrier+1","Juggernaut+1","Shrug It Off+1","Rage+1","Infernal Blade+1","Barricade+1","Seeing Red+1","Infernal Blade+1","Body Slam+1","Carnage","Injury","Entrench+1","Parasite","Evolve+1","Madness+1","The Bomb+1","Spot Weakness+1"],"relics":["Burning Blood","Shuriken","Regal Pillow","Tiny Chest","Whetstone","Toxic Egg 2","Sozu","Membership Card","Frozen Egg 2","Strawberry","Blood Vial","Red Mask","Anchor","Ornamental Fan","PreservedInsect","Pen Nib","Calling Bell","Oddly Smooth Stone","Pear","WingedGreaves","Vajra","Centennial Puzzle","Bag of Marbles","Bronze Scales"],"potions_floor_usage":[0,4,6,8,16,16],"damage_taken":[{"damage":4,"enemies":"Small Slimes","floor":1,"turns":3},{"damage":7,"enemies":"Jaw Worm","floor":2,"turns":4},{"damage":5,"enemies":"2 Louse","floor":3,"turns":4},{"damage":2,"enemies":"Looter","floor":4,"turns":5},{"damage":13,"enemies":"Lots of Slimes","floor":5,"turns":4},{"damage":1,"enemies":"3 Sentries","floor":6,"turns":5},{"damage":18,"enemies":"Lagavulin","floor":8,"turns":6},{"damage":0,"enemies":"Blue Slaver","floor":10,"turns":5},{"damage":22,"enemies":"Gremlin Nob","floor":12,"turns":4},{"damage":9,"enemies":"3 Sentries","floor":14,"turns":8},{"damage":31,"enemies":"The Guardian","floor":16,"turns":15},{"damage":8,"enemies":"Shell Parasite","floor":18,"turns":5},{"damage":0,"enemies":"Spheric Guardian","floor":19,"turns":5},{"damage":21,"enemies":"Snake Plant","floor":20,"turns":5},{"damage":4,"enemies":"3 Cultists","floor":22,"turns":4},{"damage":19,"enemies":"Slavers","floor":23,"turns":5},{"damage":30,"enemies":"Masked Bandits","floor":24,"turns":6},{"damage":33,"enemies":"Gremlin Leader","floor":25,"turns":8},{"damage":3,"enemies":"Slavers","floor":30,"turns":4},{"damage":16,"enemies":"Shelled Parasite and Fungi","floor":31,"turns":4},{"damage":50,"enemies":"Collector","floor":33,"turns":11},{"damage":8,"enemies":"3 Shapes","floor":35,"turns":5},{"damage":47,"enemies":"3 Darklings","floor":36,"turns":7},{"damage":22,"enemies":"Writhing Mass","floor":37,"turns":4},{"damage":19,"enemies":"Maw","floor":42,"turns":8},{"damage":52,"enemies":"Nemesis","floor":44,"turns":5},{"damage":0,"enemies":"Jaw Worm Horde","floor":48,"turns":4},{"damage":38,"enemies":"Awakened One","floor":50,"turns":14}],"seed_played":"-1003181159160856228","potions_obtained":[{"floor":0,"key":"Fruit Juice"},{"floor":0,"key":"PowerPotion"},{"floor":0,"key":"Explosive Potion"},{"floor":1,"key":"Explosive Potion"},{"floor":5,"key":"BloodPotion"},{"floor":12,"key":"Swift Potion"},{"floor":14,"key":"Weak Potion"}],"is_trial":false,"path_per_floor":["M","M","M","M","M","E","R","E","T","M","R","E","?","E","R","B",null,"M","M","M","$","M","E","?","E","T","R","$","R","E","M","R","B",null,"M","M","M","$","?","R","R","M","T","E","?","?","$","M","R","B",null],"character_chosen":"IRONCLAD","items_purchased":["Membership Card","Frozen Egg 2","Strawberry","Infernal Blade+1","PreservedInsect","Vajra","Evolve+1","Bronze Scales"],"campfire_rested":4,"item_purchase_floors":[21,21,21,21,28,38,38,47],"current_hp_per_floor":[85,84,85,85,78,83,83,71,71,80,80,64,64,65,92,67,92,90,96,85,92,98,89,71,50,50,101,101,101,106,102,102,60,137,139,100,86,86,76,133,133,122,122,82,82,82,82,90,138,110],"gold":61,"neow_bonus":"THREE_SMALL_POTIONS","is_prod":false,"is_daily":false,"chose_seed":false,"campfire_upgraded":5,"win_rate":0,"timestamp":1565471237,"path_taken":["M","M","M","M","M","E","R","E","T","M","R","E","?","E","R","BOSS","M","M","M","$","M","E","?","E","T","R","$","R","E","M","R","BOSS","M","M","M","$","?","R","R","M","T","E","?","?","$","?","R","BOSS"],"build_version":"2019-06-28","purchased_purges":4,"victory":true,"max_hp_per_floor":[85,85,85,85,85,85,85,85,85,88,88,88,88,92,92,92,92,92,96,100,107,111,115,119,123,123,123,123,123,123,127,127,127,137,141,141,141,141,141,141,141,141,141,145,138,138,138,138,138,142],"card_choices":[{"not_picked":["Clash","Rupture"],"picked":"Power Through","floor":1},{"not_picked":["Fire Breathing","Flex"],"picked":"Shrug It Off","floor":2},{"not_picked":["Fire Breathing","Combust"],"picked":"Cleave","floor":3},{"not_picked":["Body Slam","Clothesline"],"picked":"Pommel Strike","floor":4},{"not_picked":["Fire Breathing","Headbutt","Flex"],"picked":"SKIP","floor":5},{"not_picked":["Hemokinesis","Heavy Blade"],"picked":"Battle Trance","floor":6},{"not_picked":["Heavy Blade","Power Through"],"picked":"Feed","floor":8},{"not_picked":["Seeing Red","Pummel","Cleave"],"picked":"SKIP","floor":10},{"not_picked":["Havoc","Battle Trance","Sentinel"],"picked":"SKIP","floor":12},{"not_picked":["Thunderclap","Clothesline"],"picked":"Flame Barrier","floor":14},{"not_picked":["Exhume+1","Dark Embrace"],"picked":"Juggernaut","floor":16},{"not_picked":["Pommel Strike","Iron Wave","True Grit+1"],"picked":"SKIP","floor":18},{"not_picked":["Sword Boomerang+1","Flex+1"],"picked":"Shrug It Off+1","floor":19},{"not_picked":["Feel No Pain+1","Inflame"],"picked":"Rage+1","floor":20},{"not_picked":["Pommel Strike","Flex+1"],"picked":"Barricade+1","floor":22},{"not_picked":["Inflame+1","Anger"],"picked":"Seeing Red+1","floor":23},{"not_picked":["Intimidate+1","Headbutt"],"picked":"Infernal Blade+1","floor":24},{"not_picked":["Intimidate+1","Perfected Strike","Headbutt"],"picked":"SKIP","floor":25},{"not_picked":["Iron Wave","Inflame+1"],"picked":"Body Slam","floor":30},{"not_picked":["Wild Strike","Pommel Strike"],"picked":"Carnage","floor":31},{"not_picked":["True Grit+1","Bloodletting+1","Fire Breathing+1"],"picked":"SKIP","floor":35},{"not_picked":["Carnage+1","Body Slam"],"picked":"Entrench+1","floor":36},{"not_picked":["Combust+1","Headbutt","Heavy Blade+1"],"picked":"SKIP","floor":37},{"not_picked":["Trip+1","Blind+1"],"picked":"Madness+1","floor":39},{"not_picked":["Bandage Up+1","Metamorphosis+1"],"picked":"The Bomb+1","floor":39},{"not_picked":["Intimidate+1","Twin Strike+1","Sentinel+1"],"picked":"SKIP","floor":42},{"not_picked":["Feed","Perfected Strike"],"picked":"Spot Weakness+1","floor":44},{"not_picked":["Pommel Strike","Clothesline","Clash"],"picked":"SKIP","floor":48}],"player_experience":66444,"relics_obtained":[{"floor":6,"key":"Shuriken"},{"floor":8,"key":"Regal Pillow"},{"floor":9,"key":"Tiny Chest"},{"floor":12,"key":"Whetstone"},{"floor":14,"key":"Toxic Egg 2"},{"floor":23,"key":"Blood Vial"},{"floor":24,"key":"Red Mask"},{"floor":25,"key":"Anchor"},{"floor":26,"key":"Ornamental Fan"},{"floor":30,"key":"Pen Nib"},{"floor":34,"key":"Oddly Smooth Stone"},{"floor":34,"key":"Pear"},{"floor":34,"key":"WingedGreaves"},{"floor":43,"key":"Centennial Puzzle"},{"floor":44,"key":"Bag of Marbles"}],"event_choices":[{"damage_healed":0,"gold_gain":0,"player_choice":"Leave","damage_taken":0,"max_hp_gain":0,"max_hp_loss":0,"event_name":"The Cleric","floor":13,"gold_loss":0},{"damage_healed":0,"gold_gain":0,"player_choice":"Fought Bandits","damage_taken":0,"max_hp_gain":0,"max_hp_loss":0,"event_name":"Masked Bandits","floor":24,"gold_loss":0},{"damage_healed":0,"gold_gain":0,"player_choice":"Memory 3","damage_taken":10,"max_hp_gain":0,"max_hp_loss":0,"event_name":"SensoryStone","floor":39,"gold_loss":0},{"damage_healed":0,"gold_gain":0,"player_choice":"Max HP","damage_taken":0,"max_hp_gain":0,"max_hp_loss":7,"event_name":"Winding Halls","floor":45,"gold_loss":0},{"damage_healed":0,"gold_gain":100,"player_choice":"Pray","damage_taken":0,"max_hp_gain":0,"max_hp_loss":0,"event_name":"Golden Shrine","floor":46,"gold_loss":0}],"is_beta":true,"boss_relics":[{"not_picked":["Cursed Key","Ectoplasm"],"picked":"Sozu"},{"not_picked":["Velvet Choker","Snecko Eye"],"picked":"Calling Bell"}],"items_purged_floors":[21,28,38,47],"is_endless":false,"potions_floor_spawned":[1,2,5,12,14,19,24,25,31,33,35,37,42],"ascension_level":2}