{"gold_per_floor":[112,127,15,290,290,290,325,345,345,345,372,372,386,397,397,397],"floor_reached":16,"playtime":291,"items_purged":[],"score":233,"play_id":"b3157e3a-4993-40a7-ba06-8df41f13c3f6","local_time":"20180907212358","is_ascension_mode":true,"campfire_choices":[{"data":"Zap","floor":6,"key":"SMITH"},{"data":"Chaos","floor":12,"key":"SMITH"},{"floor":15,"key":"REST"}],"neow_cost":"NONE","seed_source_timestamp":7273786072678,"circlet_count":0,"master_deck":["Strike_B","Strike_B","Strike_B","Strike_B","Defend_B","Defend_B","Defend_B","Defend_B","Zap+1","Dualcast","AscendersBane","Ball Lightning","Cold Snap","Consume","Loop","Regret","Rebound","Leap","Chaos+1","Buffer"],"relics":["Cracked Core","NeowsBlessing","Kunai","Bag of Preparation","Sundial","Mummified Hand"],"potions_floor_usage":[10,11],"damage_taken":[{"damage":0,"enemies":"Jaw Worm","floor":1,"turns":1},{"damage":0,"enemies":"Cultist","floor":2,"turns":1},{"damage":0,"enemies":"Lagavulin","floor":7,"turns":1},{"damage":0,"enemies":"2 Louse","floor":8,"turns":1},{"damage":0,"enemies":"Exordium Thugs","floor":10,"turns":1},{"damage":32,"enemies":"Gremlin Nob","floor":11,"turns":4},{"damage":8,"enemies":"Blue Slaver","floor":13,"turns":2},{"damage":16,"enemies":"Exordium Wildlife","floor":14,"turns":4},{"damage":33,"enemies":"Slime Boss","floor":16,"turns":3}],"seed_played":"-2895020562268121001","potions_obtained":[{"floor":1,"key":"PowerPotion"},{"floor":8,"key":"SmokeBomb"}],"is_trial":false,"path_per_floor":["M","M","$","?","T","R","E","M","T","M","E","R","M","M","R"],"character_chosen":"DEFECT","items_purchased":["Consume","Loop"],"campfire_rested":1,"item_purchase_floors":[3,3],"current_hp_per_floor":[64,64,64,64,64,64,64,64,64,64,32,32,24,8,29,0],"gold":397,"neow_bonus":"THREE_ENEMY_KILL","is_prod":false,"is_daily":false,"chose_seed":false,"campfire_upgraded":2,"win_rate":0,"timestamp":1536326638,"path_taken":["M","M","$","?","?","R","E","M","T","M","E","R","M","M","R","BOSS"],"build_version":"2018-09-06","purchased_purges":0,"victory":false,"max_hp_per_floor":[71,71,71,71,71,71,71,71,71,71,71,71,71,71,71,71],"card_choices":[{"not_picked":["Darkness","Hologram"],"picked":"Ball Lightning","floor":1},{"not_picked":["Conserve Battery","Barrage"],"picked":"Cold Snap","floor":2},{"not_picked":["Loop","Turbo"],"picked":"Rebound","floor":7},{"not_picked":["Rip and Tear","Fusion"],"picked":"Leap","floor":8},{"not_picked":["Go for the Eyes","Sweeping Beam"],"picked":"Chaos","floor":11},{"not_picked":["Heatsinks","Streamline"],"picked":"Buffer","floor":13},{"not_picked":["Turbo","Stack","Melter"],"picked":"SKIP","floor":14}],"player_experience":303189,"relics_obtained":[{"floor":5,"key":"Kunai"},{"floor":7,"key":"Bag of Preparation"},{"floor":9,"key":"Sundial"},{"floor":11,"key":"Mummified Hand"}],"event_choices":[{"event_name":"Golden Shrine","player_choice":"Desecrate","floor":4,"damage_taken":0}],"is_beta":true,"boss_relics":[],"items_purged_floors":[],"is_endless":false,"potions_floor_spawned":[1,8,10],"killed_by":"Slime Boss","ascension_level":14}