{"gold_per_floor":[112,128,128,128,143,174,174,203,203,220,238,265,265,282,282,282],"floor_reached":16,"playtime":529,"items_purged":[],"score":171,"play_id":"5ad716f6-f807-47a0-bc01-b99662446258","local_time":"20181014114312","is_ascension_mode":true,"campfire_choices":[{"data":"Anger","floor":7,"key":"SMITH"},{"data":"Whirlwind","floor":13,"key":"SMITH"},{"data":"Disarm","floor":15,"key":"SMITH"}],"neow_cost":"NONE","seed_source_timestamp":2284385688258,"circlet_count":0,"master_deck":["Strike_R","Strike_R","Strike_R","Strike_R","Defend_R","Defend_R","Defend_R","Defend_R","Bash","Disarm+1","Ghostly Armor","Headbutt","Anger+1","Whirlwind+1","Shockwave"],"relics":["Burning Blood","NeowsBlessing","Potion Belt","Blue Candle","Singing Bowl","Blood Vial","Turnip"],"potions_floor_usage":[6,6,12,12],"damage_taken":[{"damage":0,"enemies":"Jaw Worm","floor":1,"turns":1},{"damage":0,"enemies":"2 Louse","floor":2,"turns":1},{"damage":0,"enemies":"Small Slimes","floor":5,"turns":1},{"damage":22,"enemies":"Gremlin Nob","floor":6,"turns":5},{"damage":26,"enemies":"Lagavulin","floor":8,"turns":6},{"damage":8,"enemies":"Blue Slaver","floor":10,"turns":2},{"damage":33,"enemies":"Large Slime","floor":11,"turns":8},{"damage":8,"enemies":"Gremlin Nob","floor":12,"turns":4},{"damage":10,"enemies":"Red Slaver","floor":14,"turns":4},{"damage":13,"enemies":"Hexaghost","floor":16,"turns":7}],"seed_played":"-8629997563420792742","potions_obtained":[{"floor":1,"key":"Poison Potion"},{"floor":5,"key":"Block Potion"},{"floor":10,"key":"SteroidPotion"},{"floor":11,"key":"Fire Potion"},{"floor":12,"key":"Explosive Potion"}],"is_trial":false,"path_per_floor":["M","M","?","?","M","E","R","E","T","M","M","E","R","M","R"],"character_chosen":"IRONCLAD","items_purchased":[],"campfire_rested":0,"item_purchase_floors":[],"current_hp_per_floor":[78,80,68,61,67,51,51,33,33,33,8,10,10,10,10,0],"gold":282,"neow_bonus":"THREE_ENEMY_KILL","is_prod":false,"is_daily":false,"chose_seed":false,"campfire_upgraded":3,"win_rate":0,"timestamp":1539488592,"path_taken":["M","M","?","?","?","E","R","E","T","M","M","E","R","M","R","BOSS"],"build_version":"2018-10-11","purchased_purges":0,"victory":false,"max_hp_per_floor":[80,80,80,80,80,80,80,82,82,82,82,84,84,86,86,86],"card_choices":[{"not_picked":["Anger","Headbutt"],"picked":"Disarm","floor":1},{"not_picked":["Burning Pact","Anger"],"picked":"Ghostly Armor","floor":2},{"not_picked":["Armaments","Dropkick"],"picked":"Headbutt","floor":5},{"not_picked":["Dropkick","Perfected Strike"],"picked":"Anger","floor":6},{"not_picked":["Thunderclap","Clothesline","Sword Boomerang"],"picked":"Singing Bowl","floor":8},{"not_picked":["Metallicize","Bludgeon"],"picked":"Whirlwind","floor":10},{"not_picked":["Pommel Strike","Burning Pact"],"picked":"Shockwave","floor":11},{"not_picked":["Cleave","Thunderclap","Anger"],"picked":"Singing Bowl","floor":12},{"not_picked":["Twin Strike","Dropkick","Dual Wield"],"picked":"Singing Bowl","floor":14}],"player_experience":440084,"relics_obtained":[{"floor":6,"key":"Blue Candle"},{"floor":8,"key":"Singing Bowl"},{"floor":9,"key":"Blood Vial"},{"floor":12,"key":"Turnip"}],"event_choices":[{"event_name":"Scrap Ooze","player_choice":"success","floor":3,"damage_taken":12},{"event_name":"Golden Wing","player_choice":"Card Removal","floor":4,"damage_taken":0}],"is_beta":true,"boss_relics":[],"items_purged_floors":[],"is_endless":false,"potions_floor_spawned":[1,5,10,11,12],"killed_by":"Hexaghost","ascension_level":8}