{"gold_per_floor":[118,43,55,355,0,29,29,54,54,54,70,109,109,130,130,220,220,244,294,294,219,238,269,269,296,296,314,344,364,394,408,408,482,482,493,225,239,239,239,269,269,299,299,327,342,342,353,0,0,0,0,0,0,33,33],"floor_reached":56,"playtime":3123,"items_purged":["Strike_G","Strike_G","Strike_G"],"score":2723,"play_id":"faef83a9-a613-480b-921d-a87b33fcea9f","local_time":"20190208222444","is_ascension_mode":true,"campfire_choices":[{"data":"Apotheosis","floor":7.0,"key":"SMITH"},{"data":"Neutralize","floor":15.0,"key":"SMITH"},{"data":"Leg Sweep","floor":24.0,"key":"SMITH"},{"data":"Deadly Poison","floor":32.0,"key":"SMITH"},{"data":"Night Terror","floor":41.0,"key":"SMITH"},{"floor":49.0,"key":"RECALL"},{"data":"Wraith Form v2","floor":52,"key":"SMITH"}],"neow_cost":"NONE","seed_source_timestamp":8163683686874,"circlet_count":0,"master_deck":["AscendersBane","Defend_G","Defend_G","Defend_G","Defend_G","Defend_G","Survivor","Neutralize+1","Catalyst","Deadly Poison+1","Apotheosis+1","Blur","Bane","Backflip","Wraith Form v2","Catalyst+1","Leg Sweep+1","Envenom","Parasite","Night Terror+1","Blade Dance+1","Bouncing Flask","Wraith Form v2+1","Noxious Fumes","Burst","Well Laid Plans"],"special_seed":0,"relics":["Ring of the Snake","NeowsBlessing","Old Coin","Membership Card","Art of War","Happy Flower","FossilizedHelix","Bloody Idol","Molten Egg 2","Coffee Dripper","StoneCalendar","Paper Crane","Sundial","Omamori","Snake Skull","Calling Bell","Regal Pillow","Ornamental Fan","Incense Burner","Juzu Bracelet","Lantern","Prayer Wheel","Meat on the Bone","Girya","Cauldron","Ancient Tea Set","Kunai"],"potions_floor_usage":[50,55],"damage_taken":[{"damage":0.0,"enemies":"2 Louse","floor":1.0,"turns":1.0},{"damage":0.0,"enemies":"Small Slimes","floor":3.0,"turns":1.0},{"damage":0.0,"enemies":"3 Sentries","floor":6.0,"turns":1.0},{"damage":1.0,"enemies":"Lagavulin","floor":8.0,"turns":7.0},{"damage":0.0,"enemies":"Cultist","floor":11.0,"turns":4.0},{"damage":10.0,"enemies":"3 Sentries","floor":12.0,"turns":9.0},{"damage":0.0,"enemies":"Blue Slaver","floor":14.0,"turns":2.0},{"damage":3.0,"enemies":"Hexaghost","floor":16.0,"turns":8.0},{"damage":0.0,"enemies":"Spheric Guardian","floor":18.0,"turns":6.0},{"damage":0.0,"enemies":"3 Byrds","floor":22.0,"turns":8.0},{"damage":0.0,"enemies":"Book of Stabbing","floor":23.0,"turns":6.0},{"damage":0.0,"enemies":"Gremlin Leader","floor":25.0,"turns":7.0},{"damage":0.0,"enemies":"Cultist and Chosen","floor":27.0,"turns":7.0},{"damage":0.0,"enemies":"Book of Stabbing","floor":28.0,"turns":6.0},{"damage":0.0,"enemies":"Snake Plant","floor":29.0,"turns":6.0},{"damage":0.0,"enemies":"Gremlin Leader","floor":30.0,"turns":7.0},{"damage":0.0,"enemies":"Centurion and Healer","floor":31.0,"turns":7.0},{"damage":0.0,"enemies":"Collector","floor":33.0,"turns":7.0},{"damage":0.0,"enemies":"3 Darklings","floor":35.0,"turns":7.0},{"damage":1.0,"enemies":"Orb Walker","floor":37.0,"turns":6.0},{"damage":0.0,"enemies":"Nemesis","floor":40.0,"turns":7.0},{"damage":0.0,"enemies":"Giant Head","floor":42.0,"turns":7.0},{"damage":0.0,"enemies":"Nemesis","floor":44.0,"turns":5.0},{"damage":0.0,"enemies":"Writhing Mass","floor":45.0,"turns":7.0},{"damage":0.0,"enemies":"Spire Growth","floor":47.0,"turns":4.0},{"damage":0,"enemies":"Donu and Deca","floor":50,"turns":10},{"damage":0,"enemies":"Shield and Spear","floor":54,"turns":4},{"damage":47,"enemies":"The Heart","floor":55,"turns":7}],"seed_played":"2216054488076574409","potions_obtained":[{"floor":1.0,"key":"Explosive Potion"},{"floor":13.0,"key":"FearPotion"},{"floor":13.0,"key":"AttackPotion"},{"floor":16.0,"key":"LiquidBronze"},{"floor":18.0,"key":"SkillPotion"},{"floor":27.0,"key":"Energy Potion"},{"floor":29.0,"key":"Block Potion"},{"floor":33.0,"key":"Energy Potion"}],"is_trial":false,"path_per_floor":["M","?","M","?","$","E","R","E","T","?","M","E","?","M","R","B",null,"M","?","?","?","M","E","R","E","T","M","E","M","E","M","R","B",null,"M","$","M","?","?","E","R","E","T","E","M","?","M","$","R","B",null,"R","$","E","B",null],"character_chosen":"THE_SILENT","items_purchased":["Membership Card","Apotheosis","Blur","Dexterity Potion","EssenceOfSteel","Juzu Bracelet","Lantern","Burst","Well Laid Plans","Cauldron","Ancient Tea Set"],"campfire_rested":0,"item_purchase_floors":[5,5,5,36,36,36,36,48,48,48,48],"current_hp_per_floor":[59,59,59,48,48,48,48,47,47,47,47,37,37,37,37,34,54,54,54,54,54,59,60,60,60,60,60,60,60,60,60,60,60,60,60,60,60,60,60,60,60,60,60,60,60,60,60,60,60,60,60,60,60,60,25],"gold":33,"neow_bonus":"THREE_ENEMY_KILL","is_prod":false,"is_daily":false,"chose_seed":false,"campfire_upgraded":6,"win_rate":0,"timestamp":1549635884,"path_taken":["M","?","M","?","$","E","R","E","T","?","M","E","?","M","R","BOSS","M","?","?","?","M","E","R","E","T","M","E","M","E","M","R","BOSS","M","?","M","?","?","E","R","E","T","E","M","?","M","$","R","BOSS","R","$","E","BOSS"],"build_version":"2019-02-06","purchased_purges":3,"victory":true,"max_hp_per_floor":[66,66,66,66,66,66,66,66,66,60,60,60,60,60,60,60,60,60,60,60,60,60,60,60,60,60,60,60,60,60,60,60,60,60,60,60,60,60,60,60,60,60,60,60,60,60,60,60,60,60,60,60,60,60,60],"card_choices":[{"not_picked":["Slice","Outmaneuver"],"picked":"Catalyst","floor":1.0},{"not_picked":["Bane","Poisoned Stab"],"picked":"Deadly Poison","floor":3.0},{"not_picked":["Heel Hook","Prepared"],"picked":"Bane","floor":6.0},{"not_picked":["All Out Attack","Underhanded Strike","Poisoned Stab"],"picked":"SKIP","floor":8.0},{"not_picked":["Grand Finale","Cloak And Dagger","Underhanded Strike"],"picked":"SKIP","floor":11.0},{"not_picked":["Flechettes","Accuracy","Underhanded Strike"],"picked":"SKIP","floor":12.0},{"not_picked":["Prepared","Deflect"],"picked":"Backflip","floor":14.0},{"not_picked":["Doppelganger","Tools of the Trade"],"picked":"Wraith Form v2","floor":16.0},{"not_picked":["Concentrate","Outmaneuver"],"picked":"Catalyst+1","floor":18.0},{"not_picked":["Dagger Spray+1","Flying Knee+1","Expertise"],"picked":"SKIP","floor":22.0},{"not_picked":["Backstab+1","Flechettes+1"],"picked":"Leg Sweep","floor":23.0},{"not_picked":["Cloak And Dagger","Poisoned Stab+1","Eviscerate+1"],"picked":"SKIP","floor":25.0},{"not_picked":["Dodge and Roll","Flying Knee+1","Masterful Stab+1"],"picked":"SKIP","floor":27.0},{"not_picked":["A Thousand Cuts","Finisher+1","Terror"],"picked":"SKIP","floor":28.0},{"not_picked":["Cloak And Dagger","Blade Dance","Flying Knee+1"],"picked":"SKIP","floor":29.0},{"not_picked":["Outmaneuver","Concentrate","Masterful Stab+1"],"picked":"SKIP","floor":30.0},{"not_picked":["Riddle With Holes+1","Dagger Throw+1","Dagger Spray+1"],"picked":"SKIP","floor":31.0},{"not_picked":["Die Die Die+1","Grand Finale+1"],"picked":"Envenom","floor":33.0},{"not_picked":["Dagger Spray+1","Cloak And Dagger","Dagger Throw+1"],"picked":"SKIP","floor":35.0},{"not_picked":["Cloak And Dagger","Quick Slash+1"],"picked":"Night Terror","floor":37.0},{"not_picked":["Trip","Forethought"],"picked":"Thinking Ahead","floor":39.0},{"not_picked":["Deadly Poison+1","Bane+1"],"picked":"Blade Dance+1","floor":40.0},{"not_picked":["Terror","Accuracy+1"],"picked":"Bouncing Flask","floor":42.0},{"not_picked":["Bouncing Flask","Outmaneuver+1","Acrobatics"],"picked":"SKIP","floor":44.0},{"not_picked":["Quick Slash+1","Dodge and Roll","Endless Agony+1"],"picked":"SKIP","floor":45.0},{"not_picked":["Dodge and Roll","Terror","Finisher+1"],"picked":"SKIP","floor":45.0},{"not_picked":["Underhanded Strike+1","Tactician"],"picked":"Wraith Form v2","floor":47.0},{"not_picked":["Cloak And Dagger","Acrobatics"],"picked":"Noxious Fumes","floor":47.0},{"not_picked":["Burst","Infinite Blades+1","Poisoned Stab+1"],"picked":"SKIP","floor":54},{"not_picked":["Burst","Infinite Blades+1","Poisoned Stab+1"],"picked":"SKIP","floor":54}],"player_experience":759930,"relics_obtained":[{"floor":6.0,"key":"Art of War"},{"floor":8.0,"key":"Happy Flower"},{"floor":9.0,"key":"FossilizedHelix"},{"floor":12.0,"key":"Molten Egg 2"},{"floor":23.0,"key":"StoneCalendar"},{"floor":25.0,"key":"Paper Crane"},{"floor":26.0,"key":"Sundial"},{"floor":28.0,"key":"Omamori"},{"floor":30.0,"key":"Snake Skull"},{"floor":34.0,"key":"Regal Pillow"},{"floor":34.0,"key":"Ornamental Fan"},{"floor":34.0,"key":"Incense Burner"},{"floor":40.0,"key":"Prayer Wheel"},{"floor":42.0,"key":"Meat on the Bone"},{"floor":44.0,"key":"Girya"},{"floor":54,"key":"Kunai"}],"event_choices":[{"cards_removed":["Strike_G"],"damage_healed":0.0,"max_hp_gain":0.0,"max_hp_loss":0.0,"gold_gain":0.0,"event_name":"The Cleric","player_choice":"Card Removal","floor":2.0,"gold_loss":75.0,"damage_taken":0.0},{"damage_healed":0.0,"max_hp_gain":0.0,"max_hp_loss":0.0,"gold_gain":0.0,"event_name":"Scrap Ooze","player_choice":"Success","floor":4.0,"gold_loss":0.0,"damage_taken":11.0,"relics_obtained":["Old Coin"]},{"damage_healed":0.0,"max_hp_gain":0.0,"max_hp_loss":6.0,"gold_gain":0.0,"event_name":"Golden Idol","player_choice":"Lose Max HP","floor":10.0,"gold_loss":0.0,"damage_taken":0.0,"relics_obtained":["Golden Idol"]},{"damage_healed":0.0,"max_hp_gain":0.0,"max_hp_loss":0.0,"gold_gain":0.0,"event_name":"Lab","player_choice":"Got Potions","floor":13.0,"gold_loss":0.0,"damage_taken":0.0},{"damage_healed":0.0,"max_hp_gain":0.0,"max_hp_loss":0.0,"gold_gain":50.0,"event_name":"Nest","player_choice":"Stole From Cult","floor":19.0,"gold_loss":0.0,"damage_taken":0.0},{"damage_healed":0.0,"max_hp_gain":0.0,"max_hp_loss":0.0,"gold_gain":0.0,"event_name":"Forgotten Altar","player_choice":"Gave Idol","floor":20.0,"relics_lost":["Golden Idol"],"gold_loss":0.0,"damage_taken":0.0,"relics_obtained":["Bloody Idol"]},{"cards_removed":["Strike_G"],"damage_healed":0.0,"max_hp_gain":0.0,"max_hp_loss":0.0,"gold_gain":0.0,"event_name":"Designer","player_choice":"Single Remove","floor":21.0,"gold_loss":75.0,"damage_taken":0.0},{"damage_healed":0.0,"max_hp_gain":0.0,"max_hp_loss":0.0,"gold_gain":0.0,"event_name":"Mysterious Sphere","player_choice":"Ignored","floor":38.0,"gold_loss":0.0,"damage_taken":0.0},{"damage_healed":0.0,"max_hp_gain":0.0,"max_hp_loss":0.0,"gold_gain":0.0,"event_name":"SensoryStone","player_choice":"Memory 1","floor":39.0,"gold_loss":0.0,"damage_taken":0.0},{"cards_removed":["Thinking Ahead"],"damage_healed":0.0,"max_hp_gain":0.0,"max_hp_loss":0.0,"gold_gain":0.0,"event_name":"Falling","player_choice":"Removed Skill","floor":46.0,"gold_loss":0.0,"damage_taken":0.0}],"is_beta":true,"boss_relics":[{"not_picked":["Lizard Tail","Velvet Choker"],"picked":"Coffee Dripper"},{"not_picked":["HoveringKite","Eternal Feather"],"picked":"Calling Bell"}],"items_purged_floors":[5,36,48],"is_endless":false,"potions_floor_spawned":[1,14,16,18,22,27,29,33,40,44,45],"ascension_level":15}