{"gold_per_floor":[112,37,37,50,5,5,40,57,130,2,28,78,112,123,123,197,197,207,60,60,77,77],"floor_reached":22,"playtime":1262,"items_purged":["Writhe"],"score":443,"play_id":"beb18d95-d146-414c-97f5-de0d8fa8912e","local_time":"20180915175621","is_ascension_mode":true,"campfire_choices":[{"data":"Chaos","floor":6.0,"key":"SMITH"},{"floor":15.0,"key":"REST"}],"neow_cost":"NONE","seed_source_timestamp":25583134084877,"circlet_count":0,"master_deck":["Strike_B","Strike_B","Strike_B","Strike_B","Defend_B","Defend_B","Defend_B","Defend_B","Zap","Dualcast","AscendersBane","Chaos+1","Cold Snap","Doom and Gloom","Turbo","Streamline","Redo","Stack","Ball Lightning","Leap","Reboot","Coolheaded","Self Repair","Hologram","Defragment"],"special_seed":0,"relics":["Calling Bell","Potion Belt","Letter Opener","Thread and Needle","PreservedInsect","Cables","Centennial Puzzle","Omamori","Eternal Feather"],"potions_floor_usage":[21,22,22],"damage_taken":[{"damage":11.0,"enemies":"Small Slimes","floor":1.0,"turns":5.0},{"damage":4.0,"enemies":"2 Louse","floor":4.0,"turns":2.0},{"damage":17.0,"enemies":"3 Sentries","floor":7.0,"turns":7.0},{"damage":1.0,"enemies":"Jaw Worm","floor":8.0,"turns":4.0},{"damage":14.0,"enemies":"Lagavulin","floor":11.0,"turns":5.0},{"damage":0.0,"enemies":"Gremlin Nob","floor":13.0,"turns":3.0},{"damage":0.0,"enemies":"Large Slime","floor":14.0,"turns":4.0},{"damage":30.0,"enemies":"Slime Boss","floor":16.0,"turns":13.0},{"damage":22.0,"enemies":"3 Byrds","floor":18.0,"turns":3.0},{"damage":13.0,"enemies":"Colosseum Slavers","floor":20.0,"turns":5.0},{"damage":14,"enemies":"Chosen","floor":21,"turns":4},{"damage":20,"enemies":"Snecko","floor":22,"turns":6}],"seed_played":"709671750450672041","potions_obtained":[{"floor":7.0,"key":"Strength Potion"},{"floor":8.0,"key":"Explosive Potion"},{"floor":11.0,"key":"GamblersBrew"},{"floor":14.0,"key":"LiquidBronze"},{"floor":16.0,"key":"EssenceOfSteel"},{"floor":21,"key":"GamblersBrew"}],"is_trial":false,"path_per_floor":["M","?","?","M","$","R","E","M","T","$","E","?","E","M","R","B",null,"M","$","?","M"],"character_chosen":"DEFECT","items_purchased":["Doom and Gloom","Redo","Self Repair","Hologram"],"campfire_rested":1,"item_purchase_floors":[5,10,19,19],"current_hp_per_floor":[53,53,53,49,49,49,32,31,31,31,17,17,17,17,38,8,55,33,33,20,13,0],"gold":77,"neow_bonus":"BOSS_RELIC","is_prod":false,"is_daily":false,"chose_seed":false,"campfire_upgraded":1,"win_rate":0,"timestamp":1537005381,"path_taken":["M","?","?","M","?","R","E","M","T","$","E","?","E","?","R","BOSS","M","$","?","?","M"],"build_version":"2018-09-12","purchased_purges":1,"victory":false,"max_hp_per_floor":[71,71,71,71,71,71,71,71,71,71,71,71,71,71,71,71,71,71,71,71,71,71],"card_choices":[{"not_picked":["Double Energy","Rebound"],"picked":"Chaos","floor":1.0},{"not_picked":["Storm","Tempest"],"picked":"Cold Snap","floor":4.0},{"not_picked":["Storm","Meteor Strike"],"picked":"Turbo","floor":7.0},{"not_picked":["Self Repair","Capacitor"],"picked":"Streamline","floor":8.0},{"not_picked":["Sweeping Beam","Force Field"],"picked":"Stack","floor":11.0},{"not_picked":["Streamline","Auto Shields"],"picked":"Ball Lightning","floor":13.0},{"not_picked":["Cold Snap","Undo"],"picked":"Leap","floor":14.0},{"not_picked":["Seek","Machine Learning"],"picked":"Reboot","floor":16.0},{"not_picked":["Gash","Skim+1"],"picked":"Coolheaded","floor":18.0},{"not_picked":["Coolheaded","Hologram"],"picked":"Defragment","floor":21}],"player_experience":337272,"relics_obtained":[{"floor":0.0,"key":"Potion Belt"},{"floor":0.0,"key":"Letter Opener"},{"floor":0.0,"key":"Thread and Needle"},{"floor":7.0,"key":"PreservedInsect"},{"floor":9.0,"key":"Cables"},{"floor":11.0,"key":"Centennial Puzzle"},{"floor":13.0,"key":"Omamori"}],"event_choices":[{"event_name":"The Cleric","player_choice":"Card Removal","floor":2.0,"damage_taken":0.0},{"event_name":"Living Wall","player_choice":"Forget","floor":3.0,"damage_taken":0.0},{"event_name":"Golden Shrine","player_choice":"Pray","floor":12.0,"damage_taken":0.0},{"event_name":"Colosseum","player_choice":"Fight","floor":20.0,"damage_taken":0.0},{"event_name":"Colosseum","player_choice":"Fled From Nobs","floor":20.0,"damage_taken":0.0}],"is_beta":true,"boss_relics":[{"not_picked":["Velvet Choker","Pandora\u0027s Box"],"picked":"Eternal Feather"}],"items_purged_floors":[10],"is_endless":false,"potions_floor_spawned":[7,8,11,14,16,21],"killed_by":"Snecko","ascension_level":19}