{"gold_per_floor":[119,194,194,208,208,237,237,251,320,320,352,372,389,235,235,308,308,328,328,328,45,45,77,77,77,77,77,121,121,11,49,49,49],"floor_reached":33,"playtime":833,"items_purged":["Strike_B","Strike_B"],"score":606,"play_id":"2c94a362-6cf2-4e8d-9d34-fe90ae72ba28","local_time":"20190130085634","is_ascension_mode":true,"campfire_choices":[{"data":"Zap","floor":7.0,"key":"SMITH"},{"data":"Doom and Gloom","floor":10.0,"key":"SMITH"},{"floor":15.0,"key":"REST"},{"data":"Chaos","floor":25.0,"key":"SMITH"},{"data":"HandOfGreed","floor":27.0,"key":"SMITH"},{"floor":29.0,"key":"REST"},{"data":"Sunder","floor":32.0,"key":"SMITH"}],"neow_cost":"NONE","seed_source_timestamp":0,"circlet_count":0,"master_deck":["AscendersBane","Defend_B","Defend_B","Defend_B","Zap+1","Dualcast","Consume+1","Doom and Gloom+1","Recycle","Glacier+1","Glacier","Sunder+1","Biased Cognition","Skim","Chaos+1","Doom and Gloom","HandOfGreed+1","Coolheaded+1","BootSequence"],"special_seed":0,"relics":["Cracked Core","Art of War","Ornamental Fan","Cables","Cursed Key","Nloth\u0027s Gift"],"potions_floor_usage":[33],"damage_taken":[{"damage":0.0,"enemies":"Jaw Worm","floor":1.0,"turns":1.0},{"damage":0.0,"enemies":"2 Louse","floor":4.0,"turns":1.0},{"damage":0.0,"enemies":"Lagavulin","floor":6.0,"turns":1.0},{"damage":8.0,"enemies":"Small Slimes","floor":8.0,"turns":2.0},{"damage":31.0,"enemies":"Gremlin Nob","floor":11.0,"turns":4.0},{"damage":2.0,"enemies":"Blue Slaver","floor":12.0,"turns":4.0},{"damage":0.0,"enemies":"Large Slime","floor":13.0,"turns":5.0},{"damage":22.0,"enemies":"Slime Boss","floor":16.0,"turns":5.0},{"damage":7.0,"enemies":"Chosen","floor":18.0,"turns":6.0},{"damage":0.0,"enemies":"3 Byrds","floor":23.0,"turns":3.0},{"damage":18.0,"enemies":"Centurion and Healer","floor":28.0,"turns":3.0},{"damage":0.0,"enemies":"Cultist and Chosen","floor":31.0,"turns":5.0},{"damage":55,"enemies":"Collector","floor":33,"turns":6}],"seed_played":"1611752042804154857","potions_obtained":[{"floor":4.0,"key":"SmokeBomb"},{"floor":11.0,"key":"Weak Potion"},{"floor":18.0,"key":"FocusPotion"}],"is_trial":false,"path_per_floor":["M","?","?","M","?","E","R","M","T","R","E","M","M","$","R","B",null,"M","?","?","$","?","M","$","R","T","R","M","R","?","M","R","B"],"character_chosen":"DEFECT","items_purchased":["Sunder","HandOfGreed"],"campfire_rested":2,"item_purchase_floors":[14,21],"current_hp_per_floor":[64,53,53,53,53,53,53,45,45,45,14,12,12,12,33,11,56,49,49,49,49,49,49,49,49,49,49,31,52,52,52,52,0],"gold":49,"neow_bonus":"THREE_ENEMY_KILL","is_prod":false,"is_daily":false,"chose_seed":false,"campfire_upgraded":5,"win_rate":0,"timestamp":1548809794,"path_taken":["M","?","?","M","?","E","R","M","T","R","E","M","M","$","R","BOSS","M","?","?","$","?","M","$","R","T","R","?","R","?","M","R","BOSS"],"build_version":"2019-01-23","purchased_purges":2,"victory":false,"max_hp_per_floor":[71,71,71,71,71,71,71,71,71,71,71,71,71,71,71,71,71,71,71,71,71,71,71,71,71,71,71,71,71,71,71,71,71],"card_choices":[{"not_picked":["Hologram","Turbo"],"picked":"Consume","floor":1.0},{"not_picked":["Compile Driver","Rebound"],"picked":"Doom and Gloom","floor":4.0},{"not_picked":["Go for the Eyes","Sweeping Beam"],"picked":"Recycle","floor":6.0},{"not_picked":["Ball Lightning","Chill"],"picked":"Glacier","floor":8.0},{"not_picked":["Ball Lightning","Beam Cell"],"picked":"Glacier","floor":11.0},{"not_picked":["Ball Lightning","Streamline","Leap"],"picked":"SKIP","floor":12.0},{"not_picked":["Steam","Stack","Meteor Strike"],"picked":"SKIP","floor":13.0},{"not_picked":["Fission","Reboot"],"picked":"Biased Cognition","floor":16.0},{"not_picked":["Reprogram","Steam+1"],"picked":"Skim","floor":18.0},{"not_picked":["Streamline","Hologram"],"picked":"Coolheaded+1","floor":23.0},{"not_picked":["Go for the Eyes","Reprogram","BootSequence"],"picked":"SKIP","floor":28.0},{"not_picked":["Go for the Eyes","Reprogram"],"picked":"BootSequence","floor":28.0},{"not_picked":["Hologram","Meteor Strike","Steam Power"],"picked":"SKIP","floor":31.0},{"not_picked":["Hologram","Meteor Strike","Steam Power"],"picked":"SKIP","floor":31.0}],"player_experience":726208,"relics_obtained":[{"floor":6.0,"key":"Art of War"},{"floor":9.0,"key":"Ornamental Fan"},{"floor":11.0,"key":"Cables"}],"event_choices":[{"damage_healed":0.0,"max_hp_gain":0.0,"max_hp_loss":0.0,"gold_gain":75.0,"event_name":"World of Goop","player_choice":"Gather Gold","floor":2.0,"gold_loss":0.0,"damage_taken":11.0},{"damage_healed":0.0,"max_hp_gain":0.0,"max_hp_loss":0.0,"gold_gain":0.0,"event_name":"Living Wall","player_choice":"Grow","floor":3.0,"gold_loss":0.0,"damage_taken":0.0,"cards_upgraded":["Consume"]},{"damage_healed":0.0,"max_hp_gain":0.0,"max_hp_loss":0.0,"gold_gain":0.0,"event_name":"Shining Light","player_choice":"Ignored","floor":5.0,"gold_loss":0.0,"damage_taken":0.0},{"damage_healed":0.0,"max_hp_gain":0.0,"max_hp_loss":0.0,"gold_gain":0.0,"cards_transformed":["Strike_B","Strike_B"],"event_name":"Drug Dealer","player_choice":"Became Test Subject","floor":19.0,"gold_loss":0.0,"damage_taken":0.0,"cards_obtained":["Chaos","Doom and Gloom"]},{"damage_healed":0.0,"max_hp_gain":0.0,"max_hp_loss":0.0,"gold_gain":0.0,"event_name":"Ghosts","player_choice":"Ignored","floor":20.0,"gold_loss":0.0,"damage_taken":0.0},{"damage_healed":0.0,"max_hp_gain":0.0,"max_hp_loss":0.0,"gold_gain":0.0,"event_name":"N\u0027loth","player_choice":"Traded Relic","floor":22.0,"relics_lost":["NeowsBlessing"],"gold_loss":0.0,"damage_taken":0.0,"relics_obtained":["Nloth\u0027s Gift"]},{"cards_removed":["Defend_B"],"damage_healed":0.0,"max_hp_gain":0.0,"max_hp_loss":0.0,"gold_gain":0.0,"event_name":"Designer","player_choice":"Upgrade and Remove","floor":30.0,"gold_loss":110.0,"damage_taken":0.0,"cards_upgraded":["Glacier"]}],"is_beta":true,"boss_relics":[{"not_picked":["White Beast Statue","Busted Crown"],"picked":"Cursed Key"}],"items_purged_floors":[14,21],"is_endless":false,"potions_floor_spawned":[4,11,13,18],"killed_by":"Collector","ascension_level":20}