{"gold_per_floor":[115,115,40,63,63,63,94,94,94,114,154,172,191,206,206,302,302,318,243,126,26,52,52,52,75,75,96,96,96,117,158,158,251,251,275,275,275,275,25,25,56,56,56,389,238,257,257,275,275,275,275,275,275,48,73,73],"floor_reached":57,"playtime":4562,"items_purged":["Strike_B","Defend_B","Ball Lightning+1"],"score":2912,"play_id":"155a6778-acde-4cf2-8c5b-0a937e5f2dbc","local_time":"20190715221618","is_ascension_mode":true,"campfire_choices":[{"data":"Fission","floor":6.0,"key":"SMITH"},{"data":"Fusion","floor":8.0,"key":"SMITH"},{"data":"Defragment","floor":15.0,"key":"SMITH"},{"data":"Hologram","floor":23.0,"key":"SMITH"},{"data":"Recycle","floor":29.0,"key":"SMITH"},{"data":"Rainbow","floor":32.0,"key":"SMITH"},{"floor":40.0,"key":"RECALL"},{"data":"Turbo","floor":47.0,"key":"SMITH"},{"floor":49.0,"key":"REST"},{"floor":53.0,"key":"REST"}],"neow_cost":"NONE","seed_source_timestamp":23262573077168,"circlet_count":0,"master_deck":["AscendersBane","Defend_B+1","Zap+1","Dualcast+1","Glacier+1","Fission+1","Fusion+1","Defragment+1","Glacier+1","Hologram+1","Rainbow+1","Coolheaded+1","Self Repair+1","Auto Shields+1","Skim+1","Clumsy","Chill+1","Sunder+1","Recycle+1","Defragment+1","Meteor Strike+1","Turbo+1","Coolheaded+1"],"special_seed":0,"relics":["Cracked Core","NeowsBlessing","Centennial Puzzle","Cables","Kunai","Cursed Key","Bag of Marbles","Busted Crown","Mark of the Bloom","Bag of Preparation","Nunchaku","TheAbacus","Shuriken"],"potions_floor_usage":[],"damage_taken":[{"damage":0.0,"enemies":"Cultist","floor":1.0,"turns":1.0},{"damage":0.0,"enemies":"2 Louse","floor":4.0,"turns":1.0},{"damage":0.0,"enemies":"3 Sentries","floor":7.0,"turns":1.0},{"damage":0.0,"enemies":"Small Slimes","floor":10.0,"turns":3.0},{"damage":35.0,"enemies":"Gremlin Nob","floor":11.0,"turns":4.0},{"damage":18.0,"enemies":"Exordium Thugs","floor":12.0,"turns":4.0},{"damage":2.0,"enemies":"Exordium Wildlife","floor":13.0,"turns":4.0},{"damage":8.0,"enemies":"Blue Slaver","floor":14.0,"turns":3.0},{"damage":0.0,"enemies":"The Guardian","floor":16.0,"turns":14.0},{"damage":2.0,"enemies":"3 Byrds","floor":18.0,"turns":2.0},{"damage":7.0,"enemies":"Spheric Guardian","floor":25.0,"turns":4.0},{"damage":8.0,"enemies":"Centurion and Healer","floor":27.0,"turns":15.0},{"damage":4.0,"enemies":"Sentry and Sphere","floor":30.0,"turns":4.0},{"damage":21.0,"enemies":"Slavers","floor":31.0,"turns":9.0},{"damage":0.0,"enemies":"Collector","floor":33.0,"turns":12.0},{"damage":0.0,"enemies":"Orb Walker","floor":35.0,"turns":3.0},{"damage":0.0,"enemies":"Nemesis","floor":41.0,"turns":9.0},{"damage":0.0,"enemies":"3 Darklings","floor":46.0,"turns":6.0},{"damage":0.0,"enemies":"Jaw Worm Horde","floor":48.0,"turns":3.0},{"damage":4.0,"enemies":"Time Eater","floor":50.0,"turns":19.0},{"damage":13.0,"enemies":"Awakened One","floor":51.0,"turns":7.0},{"damage":22.0,"enemies":"Shield and Spear","floor":55.0,"turns":9.0},{"damage":4,"enemies":"The Heart","floor":56,"turns":9}],"seed_played":"2785920051197106370","potions_obtained":[{"floor":7.0,"key":"FearPotion"},{"floor":10.0,"key":"LiquidBronze"},{"floor":14.0,"key":"Weak Potion"},{"floor":18.0,"key":"GamblersBrew"},{"floor":27.0,"key":"Fire Potion"},{"floor":33.0,"key":"Fire Potion"},{"floor":48.0,"key":"Fire Potion"}],"is_trial":false,"path_per_floor":["M","?","?","M","?","R","E","R","T","M","E","M","M","M","R","B",null,"M","?","$","$","T","R","?","M","T","M","?","R","M","E","R","B",null,"M","?","?","?","$","R","E","$","T","?","$","M","R","M","R","B","B",null,"R","$","E","B",null],"character_chosen":"DEFECT","items_purchased":["Skim","Bag of Preparation","GamblersBrew","Turbo","TheAbacus"],"campfire_rested":2,"item_purchase_floors":[20,39,39,45,54],"current_hp_per_floor":[64,64,64,64,64,64,64,64,64,64,29,11,9,1,1,1,48,46,46,46,46,46,46,46,46,46,45,45,45,48,34,34,41,58,58,58,58,58,58,58,58,58,58,58,58,58,58,58,58,54,41,41,41,41,19,15],"gold":73,"neow_bonus":"THREE_ENEMY_KILL","is_prod":false,"is_daily":false,"chose_seed":false,"campfire_upgraded":7,"win_rate":0,"timestamp":1563200178,"path_taken":["M","?","?","M","?","R","E","R","T","M","E","M","?","M","R","BOSS","M","?","?","?","?","R","?","M","T","?","?","R","?","E","R","BOSS","M","?","?","?","$","R","E","$","T","?","$","M","R","M","R","BOSS","BOSS","R","$","E","BOSS"],"build_version":"2019-07-05","purchased_purges":3,"victory":true,"max_hp_per_floor":[71,64,64,64,64,64,64,64,64,64,64,64,64,64,64,64,64,64,64,64,64,64,64,64,64,64,64,64,64,64,64,64,64,64,64,64,64,64,64,64,64,64,64,64,64,64,64,64,64,64,64,64,64,64,64,64],"card_choices":[{"not_picked":["Heatsinks","Steam"],"picked":"Ball Lightning","floor":1.0},{"not_picked":["Stack","Ball Lightning"],"picked":"Glacier","floor":4.0},{"not_picked":["Turbo","Self Repair"],"picked":"Sunder","floor":7.0},{"not_picked":["Cold Snap","Streamline","Leap"],"picked":"SKIP","floor":10.0},{"not_picked":["Cold Snap","Streamline","Leap"],"picked":"SKIP","floor":10.0},{"not_picked":["Consume","Chaos"],"picked":"Defragment","floor":11.0},{"not_picked":["Leap","Reinforced Body"],"picked":"Glacier","floor":12.0},{"not_picked":["Auto Shields","Streamline"],"picked":"Hologram","floor":13.0},{"not_picked":["Sweeping Beam","Sunder","Steam"],"picked":"SKIP","floor":14.0},{"not_picked":["Amplify","Machine Learning"],"picked":"Rainbow","floor":16.0},{"not_picked":["Conserve Battery","Recycle"],"picked":"Coolheaded+1","floor":18.0},{"not_picked":["Reprogram","Barrage","Chill"],"picked":"SKIP","floor":25.0},{"not_picked":["Redo","Heatsinks"],"picked":"Recycle","floor":27.0},{"not_picked":["Beam Cell","Streamline","Leap"],"picked":"SKIP","floor":30.0},{"not_picked":["Chaos","Scrape","Rebound"],"picked":"SKIP","floor":31.0},{"not_picked":["Fission","Hyperbeam"],"picked":"Meteor Strike","floor":33.0},{"not_picked":["Reprogram"],"picked":"SKIP","floor":35.0},{"not_picked":["Double Energy"],"picked":"SKIP","floor":41.0},{"not_picked":["Doom and Gloom"],"picked":"SKIP","floor":46.0},{"not_picked":["Rebound"],"picked":"SKIP","floor":48.0},{"not_picked":[],"picked":"Coolheaded+1","floor":55.0}],"player_experience":1003072,"relics_obtained":[{"floor":7.0,"key":"Centennial Puzzle"},{"floor":9.0,"key":"Cables"},{"floor":11.0,"key":"Kunai"},{"floor":31.0,"key":"Bag of Marbles"},{"floor":41.0,"key":"Nunchaku"},{"floor":55.0,"key":"Shuriken"}],"event_choices":[{"damage_healed":0.0,"max_hp_gain":0.0,"max_hp_loss":7.0,"gold_gain":0.0,"event_name":"Golden Idol","player_choice":"Lose Max HP","floor":2.0,"gold_loss":0.0,"damage_taken":0.0,"relics_obtained":["Golden Idol"]},{"cards_removed":["Strike_B"],"damage_healed":0.0,"max_hp_gain":0.0,"max_hp_loss":0.0,"gold_gain":0.0,"event_name":"The Cleric","player_choice":"Card Removal","floor":3.0,"gold_loss":75.0,"damage_taken":0.0},{"damage_healed":0.0,"max_hp_gain":0.0,"max_hp_loss":0.0,"gold_gain":0.0,"event_name":"Match and Keep!","player_choice":"2 cards matched","floor":5.0,"gold_loss":0.0,"damage_taken":0.0,"cards_obtained":["Fission","Fusion"]},{"damage_healed":0.0,"max_hp_gain":0.0,"max_hp_loss":0.0,"gold_gain":0.0,"cards_transformed":["Strike_B","Strike_B"],"event_name":"Designer","player_choice":"Transformed Cards","floor":19.0,"gold_loss":75.0,"damage_taken":0.0,"cards_obtained":["Self Repair","Auto Shields"]},{"damage_healed":0.0,"max_hp_gain":0.0,"max_hp_loss":0.0,"gold_gain":0.0,"cards_transformed":["Defend_B","Defend_B"],"event_name":"Drug Dealer","player_choice":"Became Test Subject","floor":24.0,"gold_loss":0.0,"damage_taken":0.0,"cards_obtained":["Chill","Sunder"]},{"damage_healed":0.0,"max_hp_gain":0.0,"max_hp_loss":0.0,"gold_gain":0.0,"event_name":"Duplicator","player_choice":"Copied","floor":28.0,"gold_loss":0.0,"damage_taken":0.0,"cards_obtained":["Defragment"]},{"cards_removed":["Sunder"],"damage_healed":0.0,"max_hp_gain":0.0,"max_hp_loss":0.0,"gold_gain":0.0,"event_name":"Falling","player_choice":"Removed Attack","floor":36.0,"gold_loss":0.0,"damage_taken":0.0},{"damage_healed":0.0,"max_hp_gain":0.0,"max_hp_loss":0.0,"gold_gain":0.0,"event_name":"MindBloom","player_choice":"Upgrade","floor":37.0,"gold_loss":0.0,"damage_taken":0.0,"cards_upgraded":["Defend_B","Zap","Dualcast","Ball Lightning","Glacier","Glacier","Self Repair","Auto Shields","Skim","Chill","Sunder","Meteor Strike"],"relics_obtained":["Mark of the Bloom"]},{"damage_healed":0.0,"max_hp_gain":0.0,"max_hp_loss":0.0,"gold_gain":0.0,"event_name":"SensoryStone","player_choice":"Memory 1","floor":38.0,"gold_loss":0.0,"damage_taken":0.0},{"damage_healed":0.0,"max_hp_gain":0.0,"max_hp_loss":0.0,"gold_gain":333.0,"event_name":"The Moai Head","player_choice":"Gave Idol","floor":44.0,"relics_lost":["Golden Idol"],"gold_loss":0.0,"damage_taken":0.0}],"is_beta":false,"boss_relics":[{"not_picked":["Black Star","Sozu"],"picked":"Cursed Key"},{"not_picked":["Velvet Choker","Snecko Eye"],"picked":"Busted Crown"}],"items_purged_floors":[20,21,45],"is_endless":false,"potions_floor_spawned":[7,10,14,18,27,31,33,35,48],"ascension_level":20}