{"gold_per_floor":[118,137,9,59,59,59,85,85,85,85,95,120,133,148,148,221,221,238,258,348,83,93,93,109,141,166,166,182,199,199,224,224,297,297,317,329,204,204,251,286,286,386,386,386,63,63,63,74,74,74],"floor_reached":51,"playtime":1646,"items_purged":["Strike_R","Strike_R","Strike_R","Strike_R"],"score":1451,"play_id":"76f9ed6f-1426-4dd6-8b2c-a1ace5a8297f","local_time":"20190210024626","is_ascension_mode":true,"campfire_choices":[{"data":"Immolate","floor":6.0,"key":"SMITH"},{"data":"True Grit","floor":8.0,"key":"SMITH"},{"data":"Disarm","floor":15.0,"key":"SMITH"},{"floor":23.0,"key":"REST"},{"data":"Inflame","floor":27.0,"key":"SMITH"},{"data":"Limit Break","floor":32.0,"key":"SMITH"},{"data":"Shockwave","floor":41,"key":"SMITH"},{"data":"J.A.X.","floor":46,"key":"SMITH"},{"data":"Sword Boomerang","floor":49,"key":"SMITH"}],"neow_cost":"NONE","seed_source_timestamp":4316175042838,"circlet_count":0,"master_deck":["AscendersBane","Strike_R","Defend_R+1","Defend_R","Defend_R","Defend_R","Bash","True Grit+1","Immolate+1","Double Tap+1","Evolve","Disarm+1","Impervious","Sever Soul+1","Limit Break+1","Shrug It Off+1","Inflame+1","Burning Pact","Thunderclap","J.A.X.+1","Shockwave+1","Sword Boomerang+1","Battle Trance"],"special_seed":0,"relics":["Burning Blood","NeowsBlessing","Gremlin Horn","Bottled Flame","Pantograph","Sozu","Ancient Tea Set","Pen Nib","Letter Opener","Snecko Eye","Ice Cream","Oddly Smooth Stone","Du-Vu Doll","Shuriken","Anchor"],"potions_floor_usage":[],"damage_taken":[{"damage":0.0,"enemies":"Jaw Worm","floor":1.0,"turns":1.0},{"damage":0.0,"enemies":"Cultist","floor":2.0,"turns":1.0},{"damage":0.0,"enemies":"Lagavulin","floor":7.0,"turns":1.0},{"damage":0.0,"enemies":"Small Slimes","floor":11.0,"turns":1.0},{"damage":21.0,"enemies":"3 Sentries","floor":12.0,"turns":3.0},{"damage":0.0,"enemies":"3 Louse","floor":13.0,"turns":1.0},{"damage":9.0,"enemies":"Red Slaver","floor":14.0,"turns":6.0},{"damage":38.0,"enemies":"Hexaghost","floor":16.0,"turns":9.0},{"damage":27.0,"enemies":"3 Byrds","floor":18.0,"turns":5.0},{"damage":0.0,"enemies":"2 Thieves","floor":19.0,"turns":1.0},{"damage":14.0,"enemies":"Chosen and Byrds","floor":22.0,"turns":6.0},{"damage":4.0,"enemies":"Snecko","floor":24.0,"turns":4.0},{"damage":17.0,"enemies":"Book of Stabbing","floor":25.0,"turns":6.0},{"damage":3.0,"enemies":"Cultist and Chosen","floor":28.0,"turns":4.0},{"damage":1.0,"enemies":"Chosen and Byrds","floor":29.0,"turns":3.0},{"damage":5.0,"enemies":"Gremlin Leader","floor":31.0,"turns":4.0},{"damage":71.0,"enemies":"Champ","floor":33.0,"turns":8.0},{"damage":0.0,"enemies":"3 Darklings","floor":35.0,"turns":1.0},{"damage":3.0,"enemies":"Orb Walker","floor":36.0,"turns":3.0},{"damage":25.0,"enemies":"2 Orb Walkers","floor":39.0,"turns":4.0},{"damage":13,"enemies":"Reptomancer","floor":40,"turns":4},{"damage":3,"enemies":"Mind Bloom Boss Battle","floor":42,"turns":4},{"damage":27,"enemies":"Writhing Mass","floor":48,"turns":3},{"damage":15,"enemies":"Awakened One","floor":50,"turns":5}],"seed_played":"1157941600985135566","potions_obtained":[{"floor":2.0,"key":"LiquidBronze"}],"is_trial":false,"path_per_floor":["M","M","$","?","$","R","E","R","T","?","M","E","M","M","R","B",null,"M","M","?","$","M","R","M","E","T","R","M","M","?","E","R","B",null,"M","M","$","?","?","E","R","?","T","?","$","R","?","M","R","B",null],"character_chosen":"IRONCLAD","items_purchased":["AttackPotion","Limit Break","Anchor"],"campfire_rested":1,"item_purchase_floors":[3,21,45],"current_hp_per_floor":[74,75,75,75,75,75,75,75,75,52,58,43,49,46,46,39,66,45,51,37,37,29,51,53,42,42,42,45,50,50,51,51,10,59,65,68,68,68,49,42,42,70,70,70,70,70,70,49,49,65],"gold":74,"neow_bonus":"THREE_ENEMY_KILL","is_prod":false,"is_daily":false,"chose_seed":false,"campfire_upgraded":8,"win_rate":0,"timestamp":1549737986,"path_taken":["M","M","$","?","?","R","E","R","T","?","M","E","M","M","R","BOSS","M","M","?","$","?","R","M","E","T","R","M","M","?","E","R","BOSS","M","M","$","?","?","E","R","?","T","?","$","R","?","M","R","BOSS"],"build_version":"2019-02-06","purchased_purges":4,"victory":true,"max_hp_per_floor":[75,75,75,75,75,75,75,75,75,75,75,75,75,75,75,75,75,75,75,75,75,75,75,75,75,75,75,75,75,75,75,75,75,75,75,75,75,75,75,75,75,75,75,75,75,75,75,75,75,75],"card_choices":[{"not_picked":["Cleave","Anger"],"picked":"True Grit","floor":1.0},{"not_picked":["Havoc","Clash"],"picked":"Immolate","floor":2.0},{"not_picked":["Headbutt","Iron Wave"],"picked":"Double Tap","floor":7.0},{"not_picked":["Uppercut","Anger"],"picked":"Evolve","floor":11.0},{"not_picked":["Warcry","Disarm","Clash"],"picked":"SKIP","floor":12.0},{"not_picked":["Warcry","Clash"],"picked":"Disarm","floor":12.0},{"not_picked":["Bloodletting","Inflame","Armaments"],"picked":"SKIP","floor":13.0},{"not_picked":["Perfected Strike","Sever Soul","Rage"],"picked":"SKIP","floor":14.0},{"not_picked":["Immolate","Dark Embrace"],"picked":"Impervious","floor":16.0},{"not_picked":["Sword Boomerang","Wild Strike"],"picked":"Sever Soul+1","floor":18.0},{"not_picked":["Reckless Charge","Havoc","Flex"],"picked":"SKIP","floor":19.0},{"not_picked":["Rupture","Intimidate"],"picked":"Shrug It Off+1","floor":22.0},{"not_picked":["Spot Weakness","Clash"],"picked":"Inflame","floor":24.0},{"not_picked":["Demon Form","Seeing Red"],"picked":"Burning Pact","floor":25.0},{"not_picked":["Cleave","Iron Wave","True Grit"],"picked":"SKIP","floor":28.0},{"not_picked":["Pommel Strike","Fire Breathing"],"picked":"Thunderclap","floor":29.0},{"not_picked":["Wild Strike+1","True Grit+1","Demon Form"],"picked":"SKIP","floor":31.0},{"not_picked":["Cleave+1","Iron Wave"],"picked":"Shockwave","floor":35.0},{"not_picked":["Corruption","Power Through","Sentinel"],"picked":"SKIP","floor":36.0},{"not_picked":["Corruption","Sentinel"],"picked":"Power Through","floor":36.0},{"not_picked":["Seeing Red","Thunderclap","Warcry"],"picked":"SKIP","floor":40},{"not_picked":["Reckless Charge","Whirlwind"],"picked":"Sword Boomerang","floor":42},{"not_picked":["Warcry+1","Dual Wield"],"picked":"Battle Trance","floor":48}],"player_experience":768663,"relics_obtained":[{"floor":7.0,"key":"Gremlin Horn"},{"floor":9.0,"key":"Bottled Flame"},{"floor":12.0,"key":"Pantograph"},{"floor":25.0,"key":"Ancient Tea Set"},{"floor":26.0,"key":"Pen Nib"},{"floor":31.0,"key":"Letter Opener"},{"floor":39,"key":"Ice Cream"},{"floor":40,"key":"Oddly Smooth Stone"},{"floor":42,"key":"Du-Vu Doll"},{"floor":43,"key":"Shuriken"}],"event_choices":[{"damage_healed":0.0,"max_hp_gain":0.0,"max_hp_loss":0.0,"gold_gain":50.0,"event_name":"Golden Shrine","player_choice":"Pray","floor":4.0,"gold_loss":0.0,"damage_taken":0.0},{"damage_healed":0.0,"max_hp_gain":0.0,"max_hp_loss":0.0,"gold_gain":0.0,"event_name":"Shining Light","player_choice":"Entered Light","floor":10.0,"gold_loss":0.0,"damage_taken":23.0,"cards_upgraded":["Defend_R","Double Tap"]},{"damage_healed":0.0,"max_hp_gain":0.0,"max_hp_loss":0.0,"gold_gain":90.0,"event_name":"Knowing Skull","player_choice":"GOLD ","floor":20.0,"potions_obtained":[],"gold_loss":0.0,"damage_taken":14.0,"cards_obtained":[]},{"damage_healed":0.0,"max_hp_gain":0.0,"max_hp_loss":0.0,"gold_gain":0.0,"event_name":"Drug Dealer","player_choice":"Obtain J.A.X.","floor":30.0,"gold_loss":0.0,"damage_taken":0.0,"cards_obtained":["J.A.X."]},{"cards_removed":["Power Through"],"damage_healed":0.0,"max_hp_gain":0.0,"max_hp_loss":0.0,"gold_gain":0.0,"event_name":"Falling","player_choice":"Removed Skill","floor":38.0,"gold_loss":0.0,"damage_taken":0.0},{"damage_healed":0.0,"max_hp_gain":0.0,"max_hp_loss":0.0,"gold_gain":0.0,"event_name":"Mysterious Sphere","player_choice":"Fight","floor":39.0,"gold_loss":0.0,"damage_taken":0.0},{"damage_healed":0,"gold_gain":0,"player_choice":"Fight","damage_taken":0,"max_hp_gain":0,"max_hp_loss":0,"event_name":"MindBloom","floor":42,"gold_loss":0},{"damage_healed":0,"gold_gain":0,"player_choice":"Ignored","damage_taken":0,"max_hp_gain":0,"max_hp_loss":0,"event_name":"Tomb of Lord Red Mask","floor":44,"gold_loss":0},{"damage_healed":0,"gold_gain":0,"player_choice":"Ignored","damage_taken":0,"max_hp_gain":0,"max_hp_loss":0,"event_name":"SecretPortal","floor":47,"gold_loss":0}],"is_beta":true,"boss_relics":[{"not_picked":["Black Blood","Runic Pyramid"],"picked":"Sozu"},{"not_picked":["White Beast Statue","Runic Cube"],"picked":"Snecko Eye"}],"items_purged_floors":[3,21,37,45],"is_endless":false,"potions_floor_spawned":[2,7,12,22,24,28,33,36,40,42],"ascension_level":16}