{"gold_per_floor":[113,113,113,133,58,101,101,117,140,173,173,193,468,185,185,283,283,298,124,21,21,46,46,59,92,138,138,156,196,196,234,234,330,330,344,358,358,98,121,121,185,185,263,263,301,212,230,261,261,261,261,261,261,69,102,102],"floor_reached":57,"playtime":3915,"items_purged":["Strike_B","Regret","Strike_B","Strike_B","Strike_B"],"score":2773,"play_id":"f0a42a1c-b498-4e45-b57c-7e5a116fa0fa","local_time":"20190331132541","is_ascension_mode":true,"campfire_choices":[{"data":"Zap","floor":7.0,"key":"SMITH"},{"data":"Darkness","floor":11.0,"key":"SMITH"},{"data":"Hologram","floor":15.0,"key":"SMITH"},{"data":"Recycle","floor":23.0,"key":"SMITH"},{"floor":27.0,"key":"REST"},{"floor":30.0,"key":"REST"},{"data":"Loop","floor":32.0,"key":"SMITH"},{"data":"Redo","floor":40.0,"key":"SMITH"},{"data":"Biased Cognition","floor":42.0,"key":"SMITH"},{"data":"Electrodynamics","floor":44.0,"key":"SMITH"},{"floor":49.0,"key":"RECALL"},{"data":"Deep Breath","floor":53.0,"key":"SMITH"}],"neow_cost":"NONE","seed_source_timestamp":0,"circlet_count":0,"master_deck":["AscendersBane","Defend_B","Defend_B","Defend_B","Defend_B","Zap+1","Dualcast","Genetic Algorithm+1","Capacitor","Darkness+1","Undo","Turbo","Hologram+1","Deep Breath+1","Electrodynamics+1","White Noise","Chill","Recycle+1","Bandage Up","Biased Cognition+1","Cold Snap","Conserve Battery","Glacier","Loop+1","Redo+1","Echo Form","Compile Driver+1","Reinforced Body","Glacier","Skim","Consume+1","Creative AI","Meteor Strike"],"special_seed":0,"relics":["Cracked Core","NeowsBlessing","Golden Idol","Strawberry","Centennial Puzzle","Blood Vial","Runic Dome","Blue Candle","Smiling Mask","Cables","Bag of Marbles","Runic Pyramid","ClockworkSouvenir","Turnip","Orichalcum","Oddly Smooth Stone","Shuriken"],"potions_floor_usage":[56],"damage_taken":[{"damage":0.0,"enemies":"Jaw Worm","floor":1.0,"turns":1.0},{"damage":0.0,"enemies":"2 Louse","floor":4.0,"turns":1.0},{"damage":0.0,"enemies":"3 Sentries","floor":6.0,"turns":2.0},{"damage":0.0,"enemies":"Cultist","floor":8.0,"turns":4.0},{"damage":45.0,"enemies":"Lagavulin","floor":10.0,"turns":9.0},{"damage":21.0,"enemies":"3 Louse","floor":12.0,"turns":4.0},{"damage":6.0,"enemies":"Slime Boss","floor":16.0,"turns":7.0},{"damage":4.0,"enemies":"2 Thieves","floor":18.0,"turns":3.0},{"damage":12.0,"enemies":"3 Byrds","floor":22.0,"turns":3.0},{"damage":8.0,"enemies":"Centurion and Healer","floor":24.0,"turns":5.0},{"damage":52.0,"enemies":"Book of Stabbing","floor":25.0,"turns":7.0},{"damage":26.0,"enemies":"Chosen and Byrds","floor":28.0,"turns":3.0},{"damage":7.0,"enemies":"Slavers","floor":29.0,"turns":5.0},{"damage":18.0,"enemies":"Book of Stabbing","floor":31.0,"turns":5.0},{"damage":2.0,"enemies":"Champ","floor":33.0,"turns":10.0},{"damage":18.0,"enemies":"3 Darklings","floor":35.0,"turns":5.0},{"damage":4.0,"enemies":"Orb Walker","floor":36.0,"turns":4.0},{"damage":15.0,"enemies":"4 Shapes","floor":39.0,"turns":3.0},{"damage":11.0,"enemies":"2 Orb Walkers","floor":41.0,"turns":5.0},{"damage":29.0,"enemies":"Reptomancer","floor":45.0,"turns":8.0},{"damage":3.0,"enemies":"Jaw Worm Horde","floor":47.0,"turns":5.0},{"damage":15.0,"enemies":"Nemesis","floor":48.0,"turns":7.0},{"damage":12.0,"enemies":"Donu and Deca","floor":50.0,"turns":8.0},{"damage":6.0,"enemies":"Time Eater","floor":51.0,"turns":7.0},{"damage":31.0,"enemies":"Shield and Spear","floor":55.0,"turns":6.0},{"damage":30,"enemies":"The Heart","floor":56,"turns":14}],"seed_played":"2274014133246717605","potions_obtained":[{"floor":4.0,"key":"Fire Potion"},{"floor":6.0,"key":"LiquidBronze"},{"floor":16.0,"key":"Regen Potion"},{"floor":25.0,"key":"Poison Potion"},{"floor":28.0,"key":"FearPotion"},{"floor":31.0,"key":"Block Potion"},{"floor":33.0,"key":"Ancient Potion"},{"floor":41.0,"key":"FocusPotion"},{"floor":47.0,"key":"FearPotion"}],"is_trial":false,"path_per_floor":["M","?","?","M","$","E","R","M","T","E","R","M","?","$","R","B",null,"M","$","$","?","M","R","M","E","T","R","M","E","R","E","R","B",null,"M","M","?","$","M","R","?","R","T","R","E","$","M","E","R","B","B",null,"R","$","E","B",null],"character_chosen":"DEFECT","items_purchased":["Hologram","Deep Breath","Block Potion","Chill","Recycle","Bandage Up","ClockworkSouvenir","Skim","Swift Potion","Meteor Strike"],"campfire_rested":2,"item_purchase_floors":[14,14,14,19,19,20,38,46,54,54],"current_hp_per_floor":[64,64,64,64,64,71,71,71,71,26,26,7,7,7,7,3,54,52,52,52,52,46,46,58,12,12,33,13,16,37,25,25,29,61,53,51,51,51,38,38,37,37,37,37,18,18,21,12,12,10,10,56,56,56,31,7],"gold":102,"neow_bonus":"THREE_ENEMY_KILL","is_prod":false,"is_daily":false,"chose_seed":false,"campfire_upgraded":9,"win_rate":0,"timestamp":1554009941,"path_taken":["M","?","?","M","$","E","R","?","T","E","R","M","?","$","R","BOSS","M","?","$","?","M","R","M","E","T","R","M","E","R","E","R","BOSS","M","?","?","$","M","R","?","R","T","R","E","$","?","E","R","BOSS","BOSS","R","$","E","BOSS"],"build_version":"2019-01-23","purchased_purges":5,"victory":true,"max_hp_per_floor":[71,64,64,64,64,71,71,71,71,71,71,71,71,71,71,71,71,71,71,71,71,71,71,71,71,71,71,71,71,71,71,71,71,71,71,71,71,71,71,71,71,71,71,71,71,71,71,71,71,71,71,71,71,71,71,71],"card_choices":[{"not_picked":["Go for the Eyes","Turbo"],"picked":"Genetic Algorithm","floor":1.0},{"not_picked":["Barrage","Sweeping Beam"],"picked":"Capacitor","floor":4.0},{"not_picked":["Redo","Storm","Compile Driver"],"picked":"SKIP","floor":6.0},{"not_picked":["Chaos","Reprogram"],"picked":"Darkness","floor":8.0},{"not_picked":["Melter","Fusion"],"picked":"Undo","floor":10.0},{"not_picked":["Reinforced Body","Static Discharge","Turbo"],"picked":"SKIP","floor":12.0},{"not_picked":["Reinforced Body","Static Discharge"],"picked":"Turbo","floor":12.0},{"not_picked":["Amplify","Creative AI"],"picked":"Electrodynamics","floor":16.0},{"not_picked":["Streamline","Barrage"],"picked":"White Noise","floor":18.0},{"not_picked":["Stack","Streamline","Beam Cell"],"picked":"SKIP","floor":22.0},{"not_picked":["Conserve Battery","Rebound","Storm"],"picked":"SKIP","floor":24.0},{"not_picked":["Static Discharge","Go for the Eyes"],"picked":"Conserve Battery","floor":25.0},{"not_picked":["Steam","Seek"],"picked":"Glacier","floor":28.0},{"not_picked":["Storm","Leap"],"picked":"Loop","floor":29.0},{"not_picked":["Cold Snap","Go for the Eyes+1"],"picked":"Redo","floor":31.0},{"not_picked":["Seek","Thunder Strike"],"picked":"Echo Form","floor":33.0},{"not_picked":["Streamline","Rip and Tear"],"picked":"Compile Driver+1","floor":35.0},{"not_picked":["Cold Snap+1","Conserve Battery","Chill"],"picked":"SKIP","floor":36.0},{"not_picked":["Beam Cell","Ball Lightning","Barrage"],"picked":"SKIP","floor":39.0},{"not_picked":["Sweeping Beam","Reboot"],"picked":"Reinforced Body","floor":41.0},{"not_picked":["Sweeping Beam","Rebound"],"picked":"Glacier","floor":45.0},{"not_picked":["Self Repair","Cold Snap"],"picked":"Consume+1","floor":47.0},{"not_picked":["Auto Shields+1","Redo"],"picked":"Creative AI","floor":48.0},{"not_picked":["Gash","Conserve Battery","Doom and Gloom+1"],"picked":"SKIP","floor":55.0}],"player_experience":904692,"relics_obtained":[{"floor":6.0,"key":"Strawberry"},{"floor":9.0,"key":"Centennial Puzzle"},{"floor":10.0,"key":"Blood Vial"},{"floor":25.0,"key":"Blue Candle"},{"floor":26.0,"key":"Smiling Mask"},{"floor":29.0,"key":"Cables"},{"floor":31.0,"key":"Bag of Marbles"},{"floor":41.0,"key":"Turnip"},{"floor":45.0,"key":"Orichalcum"},{"floor":48.0,"key":"Oddly Smooth Stone"},{"floor":55.0,"key":"Shuriken"}],"event_choices":[{"damage_healed":0.0,"max_hp_gain":0.0,"max_hp_loss":7.0,"gold_gain":0.0,"event_name":"Golden Idol","player_choice":"Lose Max HP","floor":2.0,"gold_loss":0.0,"damage_taken":0.0,"relics_obtained":["Golden Idol"]},{"damage_healed":0.0,"max_hp_gain":0.0,"max_hp_loss":0.0,"gold_gain":0.0,"event_name":"Upgrade Shrine","player_choice":"Upgraded","floor":3.0,"gold_loss":0.0,"damage_taken":0.0,"cards_upgraded":["Genetic Algorithm"]},{"damage_healed":0.0,"max_hp_gain":0.0,"max_hp_loss":0.0,"gold_gain":275.0,"event_name":"Golden Shrine","player_choice":"Desecrate","floor":13.0,"gold_loss":0.0,"damage_taken":0.0,"cards_obtained":["Regret"]},{"damage_healed":0.0,"max_hp_gain":0.0,"max_hp_loss":0.0,"gold_gain":0.0,"event_name":"Match and Keep!","player_choice":"2 cards matched","floor":21.0,"gold_loss":0.0,"damage_taken":0.0,"cards_obtained":["Biased Cognition","Cold Snap"]},{"damage_healed":0.0,"max_hp_gain":0.0,"max_hp_loss":0.0,"gold_gain":0.0,"event_name":"Tomb of Lord Red Mask","player_choice":"Ignored","floor":37.0,"gold_loss":0.0,"damage_taken":0.0},{"damage_healed":0.0,"max_hp_gain":0.0,"max_hp_loss":0.0,"gold_gain":0.0,"event_name":"Mysterious Sphere","player_choice":"Fight","floor":41.0,"gold_loss":0.0,"damage_taken":0.0}],"is_beta":false,"boss_relics":[{"not_picked":["Philosopher\u0027s Stone","Empty Cage"],"picked":"Runic Dome"},{"not_picked":["Black Star","White Beast Statue"],"picked":"Runic Pyramid"}],"items_purged_floors":[5,14,38,46,54],"is_endless":false,"potions_floor_spawned":[4,6,16,18,25,28,31,33,35,41,47,48],"ascension_level":20}