{"gold_per_floor":[116,291,146,160,78,139,139,139,163,190,190,190,208,219,219,219],"floor_reached":16,"playtime":502,"items_purged":["Doubt"],"score":213,"play_id":"68163e61-7ba7-43bb-af71-352752997416","local_time":"20181012203145","is_ascension_mode":true,"campfire_choices":[{"data":"Neutralize","floor":8.0,"key":"SMITH"},{"data":"Cloak And Dagger","floor":11,"key":"SMITH"},{"floor":15,"key":"DIG"}],"neow_cost":"NONE","seed_source_timestamp":3477235614283,"circlet_count":0,"master_deck":["Defend_G","Defend_G","Defend_G","Defend_G","Defend_G","Strike_G","Strike_G","Strike_G","Strike_G","Strike_G","Survivor","Neutralize+1","AscendersBane","Flechettes","Crippling Poison","Blur","Cloak And Dagger+1","Well Laid Plans"],"special_seed":0,"relics":["Ring of the Snake","NeowsBlessing","Tiny Chest","Shovel","Happy Flower","Lantern","FaceOfCleric","Matryoshka"],"potions_floor_usage":[16],"damage_taken":[{"damage":0.0,"enemies":"Small Slimes","floor":1.0,"turns":2.0},{"damage":0.0,"enemies":"2 Louse","floor":4.0,"turns":1.0},{"damage":0.0,"enemies":"Gremlin Nob","floor":6.0,"turns":1.0},{"damage":14.0,"enemies":"3 Sentries","floor":10.0,"turns":10.0},{"damage":0,"enemies":"Cultist","floor":13,"turns":4},{"damage":16,"enemies":"Exordium Thugs","floor":14,"turns":4},{"damage":0,"enemies":"The Guardian","floor":16,"turns":11}],"seed_played":"-6530214208249693279","potions_obtained":[{"floor":1.0,"key":"Regen Potion"},{"floor":4.0,"key":"PowerPotion"},{"floor":14,"key":"Block Potion"}],"is_trial":false,"path_per_floor":["M","?","$","M","$","E","T","R","T","E","R","?","M","M","R"],"character_chosen":"THE_SILENT","items_purchased":["Crippling Poison","Blur"],"campfire_rested":0,"item_purchase_floors":[3,5],"current_hp_per_floor":[63,63,63,63,63,63,63,63,63,49,49,49,50,35,35,35],"gold":219,"neow_bonus":"THREE_ENEMY_KILL","is_prod":false,"is_daily":false,"chose_seed":false,"campfire_upgraded":2,"win_rate":0,"timestamp":1539347505,"path_taken":["M","?","$","?","?","E","?","R","T","E","R","?","M","M","R","BOSS"],"build_version":"2018-10-11","purchased_purges":1,"victory":false,"max_hp_per_floor":[70,70,70,70,70,70,70,70,70,70,70,70,71,72,72,72],"card_choices":[{"not_picked":["Expertise","Sucker Punch"],"picked":"Flechettes","floor":1.0},{"not_picked":["Concentrate","Crippling Poison","Prepared"],"picked":"SKIP","floor":4.0},{"not_picked":["Flying Knee","Blade Dance"],"picked":"Cloak And Dagger","floor":6.0},{"not_picked":["PiercingWail","Poisoned Stab"],"picked":"Well Laid Plans","floor":10},{"not_picked":["Choke","Blade Dance","Deflect"],"picked":"SKIP","floor":13},{"not_picked":["Reflex","Storm of Steel","Sucker Punch"],"picked":"SKIP","floor":14}],"player_experience":807252,"relics_obtained":[{"floor":6.0,"key":"Tiny Chest"},{"floor":7.0,"key":"Shovel"},{"floor":9.0,"key":"Happy Flower"},{"floor":10,"key":"Lantern"},{"floor":15,"key":"Matryoshka"}],"event_choices":[{"event_name":"Liars Game","player_choice":"agreed","floor":2.0,"damage_taken":0.0},{"event_name":"FaceTrader","player_choice":"Trade","floor":12,"damage_taken":0}],"is_beta":false,"boss_relics":[],"items_purged_floors":[3],"is_endless":false,"potions_floor_spawned":[1,4,6,14],"killed_by":"The Guardian","ascension_level":12}