{"gold_per_floor":[111,111,11,11,29,54,54,54,54,54,70,82,101,101,101,200,200,219,68,128,142,142],"floor_reached":22,"playtime":969,"items_purged":["Regret"],"score":220,"play_id":"ac801a87-df61-4a8e-888f-c14ac20d93c6","local_time":"20190810234651","is_ascension_mode":true,"campfire_choices":[{"floor":10,"key":"REST"},{"floor":15,"key":"REST"}],"neow_cost":"CURSE","seed_source_timestamp":84181215658778,"circlet_count":0,"master_deck":["Strike_B","Strike_B","Strike_B","Defend_B","Defend_B","Defend_B","Defend_B","Zap+1","Dualcast","Turbo","Streamline","Consume","Doom and Gloom","Fusion","Ball Lightning","Creative AI","Reinforced Body+1","Static Discharge","Turbo+1"],"relics":["Cracked Core","Singing Bowl","Blue Candle","SsserpentHead","Black Star","Regal Pillow"],"potions_floor_usage":[16,16,20],"damage_taken":[{"damage":2,"enemies":"2 Louse","floor":1,"turns":2},{"damage":2,"enemies":"Small Slimes","floor":5,"turns":2},{"damage":25,"enemies":"3 Sentries","floor":6,"turns":6},{"damage":8,"enemies":"Jaw Worm","floor":11,"turns":3},{"damage":17,"enemies":"Exordium Thugs","floor":12,"turns":3},{"damage":6,"enemies":"Exordium Wildlife","floor":13,"turns":2},{"damage":4,"enemies":"Slime Boss","floor":16,"turns":9},{"damage":22,"enemies":"Spheric Guardian","floor":18,"turns":4},{"damage":36,"enemies":"Shell Parasite","floor":20,"turns":7},{"damage":36,"enemies":"Snake Plant","floor":21,"turns":3},{"damage":15,"enemies":"Centurion and Healer","floor":22,"turns":1}],"seed_played":"-3284778516002851134","potions_obtained":[{"floor":1,"key":"Poison Potion"},{"floor":12,"key":"Block Potion"},{"floor":18,"key":"Regen Potion"}],"is_trial":false,"path_per_floor":["M","?","$","?","M","E","?","$","T","R","M","M","M","?","R","B",null,"M","$","M","M","M"],"character_chosen":"DEFECT","items_purchased":["Streamline","Regal Pillow"],"campfire_rested":2,"item_purchase_floors":[3,19],"current_hp_per_floor":[87,87,87,80,78,53,53,53,53,79,71,56,50,50,77,73,91,69,69,47,11,0],"gold":142,"neow_bonus":"TWENTY_PERCENT_HP_BONUS","is_prod":false,"is_daily":false,"chose_seed":false,"campfire_upgraded":0,"win_rate":0,"timestamp":1565495211,"path_taken":["M","?","$","?","M","E","?","?","T","R","M","?","M","?","R","BOSS","M","$","?","M","M"],"build_version":"2019-07-17","purchased_purges":1,"victory":false,"max_hp_per_floor":[89,89,89,89,89,89,89,89,89,89,89,91,91,91,91,91,91,91,91,91,91,91],"card_choices":[{"not_picked":["Stack","Streamline"],"picked":"Turbo","floor":1},{"not_picked":["Fusion","Stack"],"picked":"Consume","floor":5},{"not_picked":["Scrape","Leap"],"picked":"Doom and Gloom","floor":6},{"not_picked":["Gash","Doom and Gloom"],"picked":"Fusion","floor":11},{"not_picked":["Heatsinks","Sweeping Beam","Gash"],"picked":"Singing Bowl","floor":12},{"not_picked":["Aggregate","Sweeping Beam"],"picked":"Ball Lightning","floor":13},{"not_picked":["Machine Learning","Reboot"],"picked":"Creative AI","floor":16},{"not_picked":["Doom and Gloom","Leap"],"picked":"Reinforced Body+1","floor":18},{"not_picked":["Rip and Tear","BootSequence"],"picked":"Static Discharge","floor":20},{"not_picked":["Cold Snap","Melter"],"picked":"Turbo+1","floor":21}],"player_experience":90199,"relics_obtained":[{"floor":6,"key":"Singing Bowl"},{"floor":9,"key":"Blue Candle"}],"event_choices":[{"damage_healed":0,"gold_gain":0,"player_choice":"Grow","damage_taken":0,"max_hp_gain":0,"max_hp_loss":0,"event_name":"Living Wall","floor":2,"gold_loss":0,"cards_upgraded":["Zap"]},{"cards_removed":["Strike_B"],"damage_healed":0,"gold_gain":0,"player_choice":"Card Removal","damage_taken":7,"max_hp_gain":0,"max_hp_loss":0,"event_name":"Golden Wing","floor":4,"gold_loss":0},{"damage_healed":0,"gold_gain":0,"player_choice":"Searched \u00271\u0027 times","damage_taken":0,"max_hp_gain":0,"max_hp_loss":0,"event_name":"Dead Adventurer","floor":7,"gold_loss":0},{"damage_healed":0,"gold_gain":0,"player_choice":"Trade","damage_taken":0,"relics_obtained":["SsserpentHead"],"max_hp_gain":0,"max_hp_loss":0,"event_name":"FaceTrader","floor":14,"gold_loss":0}],"is_beta":false,"boss_relics":[{"not_picked":["Coffee Dripper","Lizard Tail"],"picked":"Black Star"}],"items_purged_floors":[3],"is_endless":false,"potions_floor_spawned":[1,12,18],"killed_by":"Centurion and Healer","ascension_level":1}