{"gold_per_floor":[363,378,390,405,405,405,431,431,457,2,2,2,2],"floor_reached":13,"playtime":613,"items_purged":[],"score":170,"play_id":"17c4a580-e327-430f-bf52-ebde8d997b8b","local_time":"20190621192445","is_ascension_mode":true,"campfire_choices":[{"data":"Dualcast","floor":6,"key":"SMITH"},{"data":"Turbo","floor":8,"key":"SMITH"},{"data":"Zap","floor":11,"key":"SMITH"}],"neow_cost":"TEN_PERCENT_HP_LOSS","seed_source_timestamp":1504375551649,"circlet_count":0,"master_deck":["AscendersBane","Strike_B","Strike_B","Strike_B+1","Strike_B","Defend_B","Defend_B","Defend_B","Defend_B","Zap+1","Dualcast+1","Turbo+1","Cold Snap+1","Capacitor"],"special_seed":0,"relics":["Cracked Core","The Courier","Whetstone","Runic Capacitor","Thread and Needle"],"potions_floor_usage":[5],"damage_taken":[{"damage":0.0,"enemies":"2 Louse","floor":1.0,"turns":2.0},{"damage":1.0,"enemies":"Cultist","floor":2.0,"turns":3.0},{"damage":6.0,"enemies":"Small Slimes","floor":3.0,"turns":3.0},{"damage":11.0,"enemies":"Looter","floor":4.0,"turns":3.0},{"damage":0,"enemies":"Red Slaver","floor":5,"turns":1},{"damage":35,"enemies":"Gremlin Nob","floor":7,"turns":4},{"damage":12,"enemies":"3 Sentries","floor":13,"turns":8}],"seed_played":"-2642323167722402966","potions_obtained":[{"floor":1.0,"key":"SmokeBomb"}],"is_trial":false,"path_per_floor":["M","M","M","M","M","R","E","R","T","$","R","$","E"],"character_chosen":"DEFECT","items_purchased":["Runic Capacitor","Thread and Needle"],"campfire_rested":0,"item_purchase_floors":[10,10],"current_hp_per_floor":[64,63,57,46,46,46,11,11,11,11,11,11,0],"gold":2,"neow_bonus":"TWO_FIFTY_GOLD","is_prod":false,"is_daily":false,"chose_seed":false,"campfire_upgraded":3,"win_rate":0,"timestamp":1561116285,"path_taken":["M","M","M","M","M","R","E","R","T","$","R","$","E"],"build_version":"2019-01-23","purchased_purges":0,"victory":false,"max_hp_per_floor":[64,64,64,64,64,64,64,64,64,64,64,64,64],"card_choices":[{"not_picked":["BootSequence","Conserve Battery"],"picked":"Turbo","floor":1.0},{"not_picked":["Double Energy","Gash"],"picked":"Cold Snap","floor":2.0},{"not_picked":["Redo","Cold Snap","Hologram"],"picked":"SKIP","floor":3.0},{"not_picked":["Turbo","Gash"],"picked":"Capacitor","floor":4.0},{"not_picked":["Steam","Fusion","Rebound"],"picked":"SKIP","floor":7}],"player_experience":995859,"relics_obtained":[{"floor":7,"key":"The Courier"},{"floor":9,"key":"Whetstone"}],"event_choices":[],"is_beta":false,"boss_relics":[],"items_purged_floors":[],"is_endless":false,"potions_floor_spawned":[1,5],"killed_by":"3 Sentries","ascension_level":20}