{"gold_per_floor":[111,61,9,80,30,30,30,57,57,69,85,85,102,120,120,217,217,236,236],"floor_reached":19,"playtime":594,"items_purged":["Defend_B"],"score":298,"play_id":"f8679382-1404-4416-a487-d1d97aa76238","local_time":"20180812202908","is_ascension_mode":true,"campfire_choices":[{"data":"Dualcast","floor":6,"key":"SMITH"},{"data":"Coolheaded","floor":12,"key":"SMITH"},{"data":"Tempest","floor":15,"key":"SMITH"}],"neow_cost":"NONE","seed_source_timestamp":0,"circlet_count":0,"master_deck":["Strike_B","Strike_B","Defend_B","Defend_B","Defend_B","Zap","Dualcast+1","AscendersBane","Compile Driver","Gash","Steam","Tempest+1","Coolheaded+1","Streamline","Cold Snap","Machine Learning","Doubt","Pain","Clumsy","Leap+1"],"special_seed":0,"relics":["Cracked Core","NeowsBlessing","Smiling Mask","Dream Catcher","Matryoshka","Calling Bell","Happy Flower","Symbiotic Virus","Bird Faced Urn"],"potions_floor_usage":[18,19],"damage_taken":[{"damage":0.0,"enemies":"2 Louse","floor":1.0,"turns":1.0},{"damage":0,"enemies":"3 Sentries","floor":8,"turns":1},{"damage":0,"enemies":"Small Slimes","floor":10,"turns":1},{"damage":1,"enemies":"Cultist","floor":11,"turns":3},{"damage":0,"enemies":"Exordium Thugs","floor":13,"turns":4},{"damage":22,"enemies":"Exordium Wildlife","floor":14,"turns":3},{"damage":31,"enemies":"The Guardian","floor":16,"turns":11},{"damage":42,"enemies":"2 Thieves","floor":18,"turns":4},{"damage":20,"enemies":"3 Byrds","floor":19,"turns":2}],"seed_played":"-5471179532376125778","potions_obtained":[{"floor":13,"key":"Swift Potion"},{"floor":16,"key":"AttackPotion"},{"floor":18,"key":"FearPotion"}],"is_trial":false,"path_per_floor":["M","?","$","T","$","R","?","E","T","M","M","R","M","M","R","B",null,"M"],"character_chosen":"DEFECT","items_purchased":["Gash"],"campfire_rested":0,"item_purchase_floors":[3],"current_hp_per_floor":[68,68,68,68,68,68,68,68,68,68,67,67,67,45,45,14,60,20,0],"gold":236,"neow_bonus":"THREE_ENEMY_KILL","is_prod":false,"is_daily":false,"chose_seed":false,"campfire_upgraded":3,"win_rate":0,"timestamp":1534076948,"path_taken":["M","?","?","?","$","R","?","E","T","M","?","R","M","M","R","BOSS","M","M"],"build_version":"2018-08-09","purchased_purges":1,"victory":false,"max_hp_per_floor":[75,75,75,75,75,75,75,75,75,75,75,75,75,75,75,75,75,75,75],"card_choices":[{"not_picked":["Stack","Steam Power"],"picked":"Compile Driver","floor":1.0},{"not_picked":["Force Field","White Noise"],"picked":"Tempest","floor":8},{"not_picked":["Leap","Turbo"],"picked":"Coolheaded","floor":10},{"not_picked":["Force Field","Stack"],"picked":"Streamline","floor":11},{"not_picked":["Force Field","Redo"],"picked":"Cold Snap","floor":13},{"not_picked":["Sweeping Beam","Tempest","Rebound"],"picked":"SKIP","floor":14},{"not_picked":["Meteor Strike","Core Surge"],"picked":"Machine Learning","floor":16},{"not_picked":["Cold Snap","Reinforced Body"],"picked":"Leap+1","floor":18}],"player_experience":234401,"relics_obtained":[{"floor":4.0,"key":"Smiling Mask"},{"floor":8,"key":"Dream Catcher"},{"floor":9,"key":"Matryoshka"},{"floor":17,"key":"Happy Flower"},{"floor":17,"key":"Symbiotic Virus"},{"floor":17,"key":"Bird Faced Urn"}],"event_choices":[{"event_name":"The Cleric","player_choice":"Card Removal","floor":2.0,"damage_taken":0.0},{"event_name":"Transmorgrifier","player_choice":"Transform","floor":7,"damage_taken":0}],"is_beta":false,"boss_relics":[{"not_picked":["Runic Pyramid","Tiny House"],"picked":"Calling Bell"}],"items_purged_floors":[5],"is_endless":false,"potions_floor_spawned":[13,16,18],"killed_by":"3 Byrds","ascension_level":11}