{"gold_per_floor":[113,113,113,113,125,125,160,3,3,3,17,37,47,47,47,177,177,167,167,208,208,233,233,256,256,256,269,293,307,307,326,326,456,456,477,477,251,264,279,279,81,81,129,129,129,142,142,21,21,21],"floor_reached":51,"playtime":4924,"items_purged":["Defend_G","Strike_G","Defend_G"],"score":645,"play_id":"c02c473c-ae40-473e-84da-010f234129d9","local_time":"20190806174701","is_ascension_mode":false,"campfire_choices":[{"data":"Neutralize","floor":6,"key":"SMITH"},{"data":"Well Laid Plans","floor":10,"key":"SMITH"},{"floor":15,"key":"REST"},{"data":"Glass Knife","floor":23,"key":"SMITH"},{"floor":25,"key":"REST"},{"data":"Night Terror","floor":30,"key":"SMITH"},{"data":"Choke","floor":32,"key":"SMITH"},{"floor":40,"key":"REST"},{"floor":42,"key":"REST"},{"data":"Escape Plan","floor":45,"key":"SMITH"},{"floor":47,"key":"REST"},{"floor":49,"key":"REST"}],"neow_cost":"NONE","seed_source_timestamp":56443821975566,"circlet_count":0,"master_deck":["Defend_G","Defend_G+1","Survivor+1","Neutralize+1","Backflip","Quick Slash","Well Laid Plans+1","Glass Knife+1","Dagger Spray","Choke+1","Escape Plan+1","Writhe","Backflip","Caltrops+1","Night Terror+1","Noxious Fumes+1","Noxious Fumes+1","Bandage Up","Prepared+1","Escape Plan+1","Footwork+1","Noxious Fumes+1","Prepared"],"relics":["Ring of the Snake","NeowsBlessing","Blood Vial","Letter Opener","Golden Idol","Red Mask","Frozen Egg 2","Bag of Marbles","Mummified Hand","Empty Cage","Regal Pillow"],"potions_floor_usage":[16,16,20,33,33,50,50,50],"damage_taken":[{"damage":0,"enemies":"Cultist","floor":1,"turns":1},{"damage":0,"enemies":"2 Louse","floor":5,"turns":1},{"damage":0,"enemies":"Gremlin Nob","floor":7,"turns":1},{"damage":0,"enemies":"Jaw Worm","floor":11,"turns":3},{"damage":2,"enemies":"Exordium Wildlife","floor":12,"turns":4},{"damage":0,"enemies":"2 Fungi Beasts","floor":13,"turns":4},{"damage":35,"enemies":"The Guardian","floor":16,"turns":18},{"damage":7,"enemies":"2 Thieves","floor":18,"turns":4},{"damage":23,"enemies":"Masked Bandits","floor":20,"turns":5},{"damage":5,"enemies":"Shell Parasite","floor":24,"turns":6},{"damage":7,"enemies":"Snake Plant","floor":27,"turns":4},{"damage":1,"enemies":"3 Cultists","floor":28,"turns":5},{"damage":4,"enemies":"Centurion and Healer","floor":29,"turns":4},{"damage":1,"enemies":"Cultist and Chosen","floor":31,"turns":5},{"damage":25,"enemies":"Automaton","floor":33,"turns":12},{"damage":25,"enemies":"3 Darklings","floor":35,"turns":4},{"damage":23,"enemies":"3 Shapes","floor":38,"turns":4},{"damage":26,"enemies":"Sphere and 2 Shapes","floor":39,"turns":5},{"damage":61,"enemies":"4 Shapes","floor":46,"turns":4},{"damage":64,"enemies":"Time Eater","floor":50,"turns":12}],"seed_played":"-9208333571351280757","potions_obtained":[{"floor":1,"key":"EssenceOfSteel"},{"floor":7,"key":"Explosive Potion"},{"floor":13,"key":"PowerPotion"},{"floor":16,"key":"GhostInAJar"},{"floor":20,"key":"SpeedPotion"},{"floor":27,"key":"FearPotion"},{"floor":33,"key":"SpeedPotion"},{"floor":38,"key":"SpeedPotion"},{"floor":39,"key":"FearPotion"}],"is_trial":false,"path_per_floor":["M","?","?","?","M","R","E","$","T","R","M","M","M","?","R","B",null,"M","?","?","?","T","R","M","R","T","M","M","M","R","M","R","B",null,"M","?","$","M","M","R","$","R","T","?","R","M","R","$","R","B",null],"character_chosen":"THE_SILENT","items_purchased":["Well Laid Plans","Noxious Fumes+1","Bandage Up","Footwork+1","Noxious Fumes+1","Prepared"],"campfire_rested":6,"item_purchase_floors":[8,37,37,41,48,48],"current_hp_per_floor":[70,56,61,54,54,54,54,54,54,54,56,56,58,40,62,29,75,68,68,47,47,47,47,44,66,66,61,62,60,60,61,61,38,75,50,50,50,29,9,31,31,53,53,85,85,28,68,68,85,25],"gold":21,"neow_bonus":"THREE_ENEMY_KILL","is_prod":false,"is_daily":false,"chose_seed":false,"campfire_upgraded":6,"win_rate":0.0,"timestamp":1565128021,"path_taken":["M","?","?","?","?","R","E","$","T","R","M","M","M","?","R","BOSS","M","?","?","?","?","R","M","R","T","M","M","M","R","M","R","BOSS","M","?","$","?","M","R","$","R","T","?","R","?","R","$","R","BOSS"],"build_version":"2019-07-17","purchased_purges":3,"victory":true,"max_hp_per_floor":[70,70,75,75,75,75,75,75,75,75,75,75,75,75,75,75,75,75,75,75,75,75,75,75,75,75,75,75,75,75,75,75,75,75,75,75,75,75,75,75,75,75,75,85,85,85,85,85,85,85],"card_choices":[{"not_picked":["Reflex","Finisher","Dodge and Roll"],"picked":"SKIP","floor":1},{"not_picked":["Expertise","Deadly Poison"],"picked":"Backflip","floor":5},{"not_picked":["Acrobatics","Wraith Form v2"],"picked":"Quick Slash","floor":7},{"not_picked":["Deadly Poison","PiercingWail","Outmaneuver"],"picked":"SKIP","floor":11},{"not_picked":["Riddle With Holes","Dodge and Roll","Predator"],"picked":"SKIP","floor":12},{"not_picked":["Blur","Dagger Throw","Poisoned Stab"],"picked":"SKIP","floor":13},{"not_picked":["Unload","Phantasmal Killer"],"picked":"Glass Knife","floor":16},{"not_picked":["Poisoned Stab","Deadly Poison","Caltrops"],"picked":"SKIP","floor":18},{"not_picked":["Dodge and Roll","Blur"],"picked":"Escape Plan","floor":20},{"not_picked":["Flying Knee+1","Sucker Punch","Dodge and Roll"],"picked":"SKIP","floor":24},{"not_picked":["Deadly Poison","Dagger Spray"],"picked":"Backflip","floor":27},{"not_picked":["Flechettes","Prepared+1"],"picked":"Caltrops+1","floor":28},{"not_picked":["Dagger Throw","Riddle With Holes"],"picked":"Night Terror","floor":29},{"not_picked":["PiercingWail","Finisher+1","Eviscerate"],"picked":"SKIP","floor":31},{"not_picked":["Tools of the Trade+1","Doppelganger"],"picked":"Night Terror","floor":33},{"not_picked":["Acrobatics+1","Eviscerate+1"],"picked":"Noxious Fumes+1","floor":35},{"not_picked":["Heel Hook","Acrobatics+1"],"picked":"Prepared+1","floor":38},{"not_picked":["Leg Sweep","Sucker Punch"],"picked":"Escape Plan+1","floor":39},{"not_picked":["Flechettes+1","Quick Slash","Underhanded Strike+1"],"picked":"SKIP","floor":46}],"player_experience":15484,"relics_obtained":[{"floor":7,"key":"Blood Vial"},{"floor":9,"key":"Letter Opener"},{"floor":20,"key":"Red Mask"},{"floor":22,"key":"Bag of Marbles"},{"floor":26,"key":"Mummified Hand"},{"floor":43,"key":"Regal Pillow"}],"event_choices":[{"damage_healed":0,"gold_gain":0,"player_choice":"Entered Light","damage_taken":14,"max_hp_gain":0,"max_hp_loss":0,"event_name":"Shining Light","floor":2,"gold_loss":0,"cards_upgraded":["Defend_G","Survivor"]},{"damage_healed":0,"gold_gain":0,"player_choice":"Donut","damage_taken":0,"max_hp_gain":5,"max_hp_loss":0,"event_name":"Big Fish","floor":3,"gold_loss":0},{"cards_removed":["Defend_G"],"damage_healed":0,"gold_gain":0,"player_choice":"Card Removal","damage_taken":7,"max_hp_gain":0,"max_hp_loss":0,"event_name":"Golden Wing","floor":4,"gold_loss":0},{"damage_healed":0,"gold_gain":0,"player_choice":"Take Damage","damage_taken":18,"relics_obtained":["Golden Idol"],"max_hp_gain":0,"max_hp_loss":0,"event_name":"Golden Idol","floor":14,"gold_loss":0},{"damage_healed":0,"gold_gain":0,"cards_transformed":["Strike_G","Strike_G"],"player_choice":"Became Test Subject","damage_taken":0,"max_hp_gain":0,"max_hp_loss":0,"event_name":"Drug Dealer","floor":19,"gold_loss":0,"cards_obtained":["Dagger Spray","Choke"]},{"damage_healed":0,"gold_gain":0,"player_choice":"Fought Bandits","damage_taken":0,"max_hp_gain":0,"max_hp_loss":0,"event_name":"Masked Bandits","floor":20,"gold_loss":0},{"damage_healed":0,"gold_gain":0,"player_choice":"Opened","damage_taken":0,"relics_obtained":["Frozen Egg 2"],"max_hp_gain":0,"max_hp_loss":0,"event_name":"The Mausoleum","floor":21,"gold_loss":0,"cards_obtained":["Writhe"]},{"damage_healed":0,"gold_gain":0,"player_choice":"Ignored","damage_taken":0,"max_hp_gain":0,"max_hp_loss":0,"event_name":"SecretPortal","floor":36,"gold_loss":0},{"cards_removed":["Night Terror"],"damage_healed":22,"gold_gain":0,"player_choice":"Offered Rare","damage_taken":0,"max_hp_gain":10,"max_hp_loss":0,"event_name":"Bonfire Elementals","floor":44,"gold_loss":0}],"is_beta":false,"boss_relics":[{"not_picked":["Snecko Eye","Runic Pyramid","Velvet Choker"]},{"not_picked":["WristBlade","Lizard Tail"],"picked":"Empty Cage"}],"items_purged_floors":[8,37,41],"is_endless":false,"potions_floor_spawned":[1,7,13,16,20,27,28,33,38,39],"ascension_level":0}