{"gold_per_floor":[109,127,143,68,88,88,98,98,98,123,123,134,134,146,146,146],"floor_reached":16,"playtime":525,"items_purged":["Strike_G"],"score":186,"play_id":"50c7707e-436d-469d-bea4-1d67d4f46482","local_time":"20190322215048","is_ascension_mode":true,"campfire_choices":[{"data":"Bouncing Flask","floor":6.0,"key":"SMITH"},{"floor":8.0,"key":"REST"},{"data":"Neutralize","floor":15.0,"key":"SMITH"}],"neow_cost":"TEN_PERCENT_HP_LOSS","seed_source_timestamp":12226709125368,"circlet_count":0,"master_deck":["AscendersBane","Defend_G","Defend_G","Defend_G","Defend_G","Defend_G","Strike_G","Strike_G","Strike_G","Strike_G","Survivor","Neutralize+1","Bouncing Flask+1","Predator","Backstab","Escape Plan","Decay","Backflip"],"special_seed":0,"relics":["Ring of the Snake","The Specimen","The Courier","Turnip"],"potions_floor_usage":[16,16],"damage_taken":[{"damage":2.0,"enemies":"Cultist","floor":1.0,"turns":4.0},{"damage":5.0,"enemies":"Jaw Worm","floor":2.0,"turns":4.0},{"damage":4.0,"enemies":"2 Louse","floor":3.0,"turns":3.0},{"damage":21.0,"enemies":"Exordium Thugs","floor":5.0,"turns":5.0},{"damage":3.0,"enemies":"Looter","floor":7.0,"turns":3.0},{"damage":13.0,"enemies":"Gremlin Nob","floor":10.0,"turns":4.0},{"damage":5.0,"enemies":"2 Fungi Beasts","floor":12.0,"turns":5.0},{"damage":0.0,"enemies":"Exordium Thugs","floor":13.0,"turns":1.0},{"damage":8.0,"enemies":"3 Louse","floor":14.0,"turns":3.0},{"damage":23,"enemies":"The Guardian","floor":16,"turns":11}],"seed_played":"6505232289875839313","potions_obtained":[{"floor":2.0,"key":"Fruit Juice"},{"floor":10.0,"key":"Block Potion"},{"floor":12.0,"key":"SmokeBomb"},{"floor":14.0,"key":"Weak Potion"}],"is_trial":false,"path_per_floor":["M","M","M","$","M","R","M","R","T","E","?","M","M","M","R","B"],"character_chosen":"THE_SILENT","items_purchased":[],"campfire_rested":1,"item_purchase_floors":[],"current_hp_per_floor":[57,57,53,53,32,32,29,48,48,35,35,30,30,22,22,0],"gold":146,"neow_bonus":"ONE_RARE_RELIC","is_prod":false,"is_daily":false,"chose_seed":false,"campfire_upgraded":2,"win_rate":0,"timestamp":1553262648,"path_taken":["M","?","M","$","?","R","M","R","T","E","?","M","?","?","R","BOSS"],"build_version":"2019-01-23","purchased_purges":1,"victory":false,"max_hp_per_floor":[60,65,65,65,65,65,65,65,65,65,65,65,65,65,65,65],"card_choices":[{"not_picked":["Quick Slash","Sucker Punch","Acrobatics"],"picked":"SKIP","floor":1.0},{"not_picked":["Sucker Punch","Accuracy"],"picked":"Bouncing Flask","floor":2.0},{"not_picked":["Prepared","Flechettes"],"picked":"Predator","floor":3.0},{"not_picked":["PiercingWail","Blade Dance"],"picked":"Backstab","floor":5.0},{"not_picked":["Prepared","Dagger Spray","Grand Finale"],"picked":"SKIP","floor":7.0},{"not_picked":["Dodge and Roll","Blade Dance"],"picked":"Escape Plan","floor":10.0},{"not_picked":["Cloak And Dagger","Setup"],"picked":"Backflip","floor":12.0},{"not_picked":["Reflex","Skewer","Cloak And Dagger"],"picked":"SKIP","floor":14.0}],"player_experience":869141,"relics_obtained":[{"floor":9.0,"key":"The Courier"},{"floor":10.0,"key":"Turnip"}],"event_choices":[{"damage_healed":0.0,"max_hp_gain":0.0,"max_hp_loss":0.0,"gold_gain":0.0,"event_name":"Wheel of Change","player_choice":"Cursed","floor":11.0,"gold_loss":0.0,"damage_taken":0.0,"cards_obtained":["Decay"]}],"is_beta":false,"boss_relics":[],"items_purged_floors":[4],"is_endless":false,"potions_floor_spawned":[2,10,12,14],"killed_by":"The Guardian","ascension_level":15}