{"gold_per_floor":[118,118,193,193,208,243,243,6,6,6,6,39,51,83,83,157,157,157,157,157,79,79,79,79,79,79,79,79,79],"floor_reached":29,"playtime":920,"items_purged":["Strike_B"],"score":568,"play_id":"3121bfc3-145c-447e-93da-efbdae311672","local_time":"20181104112953","is_ascension_mode":true,"campfire_choices":[{"data":"Darkness","floor":7.0,"key":"SMITH"},{"floor":10.0,"key":"REST"},{"data":"Darkness","floor":15.0,"key":"SMITH"},{"data":"Darkness","floor":23.0,"key":"SMITH"},{"floor":27.0,"key":"REST"}],"neow_cost":"NONE","seed_source_timestamp":0,"circlet_count":0,"master_deck":["AscendersBane","Strike_B","Strike_B","Strike_B","Defend_B","Defend_B","Defend_B","Defend_B+1","Zap","Dualcast+1","Go for the Eyes+1","Streamline","Steam","Darkness+1","Capacitor","Rainbow","Darkness+1","Barrage","Hologram","Reboot","Beam Cell+1","Darkness+1","Melter+1","Self Repair","Cold Snap+1"],"special_seed":0,"relics":["Cracked Core","PreservedInsect","Symbiotic Virus","CultistMask","War Paint","Molten Egg 2","Ectoplasm","Happy Flower","Gremlin Horn"],"potions_floor_usage":[],"damage_taken":[{"damage":3.0,"enemies":"2 Louse","floor":1.0,"turns":3.0},{"damage":7.0,"enemies":"Jaw Worm","floor":5.0,"turns":3.0},{"damage":34.0,"enemies":"3 Sentries","floor":6.0,"turns":8.0},{"damage":0.0,"enemies":"Gremlin Nob","floor":12.0,"turns":2.0},{"damage":0.0,"enemies":"Small Slimes","floor":13.0,"turns":2.0},{"damage":4.0,"enemies":"3 Sentries","floor":14.0,"turns":4.0},{"damage":10.0,"enemies":"The Guardian","floor":16.0,"turns":7.0},{"damage":0.0,"enemies":"Spheric Guardian","floor":18.0,"turns":3.0},{"damage":21.0,"enemies":"Shell Parasite","floor":20.0,"turns":3.0},{"damage":11.0,"enemies":"Centurion and Healer","floor":22.0,"turns":5.0},{"damage":27.0,"enemies":"Slavers","floor":24.0,"turns":5.0},{"damage":21.0,"enemies":"Snake Plant","floor":28.0,"turns":3.0},{"damage":31,"enemies":"Shelled Parasite and Fungi","floor":29,"turns":1}],"seed_played":"-6765208547650921672","potions_obtained":[{"floor":5.0,"key":"GamblersBrew"},{"floor":12.0,"key":"Regen Potion"},{"floor":16.0,"key":"Dexterity Potion"},{"floor":20.0,"key":"Dexterity Potion"}],"is_trial":false,"path_per_floor":["M","?","?","?","M","E","R","$","T","R","?","E","M","E","R","B",null,"M","?","M","$","M","R","E","?","T","R","M","M"],"character_chosen":"DEFECT","items_purchased":["Capacitor","Rainbow","Melter+1"],"campfire_rested":2,"item_purchase_floors":[8,8,21],"current_hp_per_floor":[61,61,50,55,48,14,14,14,14,36,36,36,36,44,44,34,66,66,66,45,45,34,34,14,14,14,36,15,0],"gold":79,"neow_bonus":"THREE_CARDS","is_prod":false,"is_daily":false,"chose_seed":false,"campfire_upgraded":3,"win_rate":0,"timestamp":1541302193,"path_taken":["M","?","?","?","M","E","R","$","T","R","?","E","?","E","R","BOSS","M","?","M","$","M","R","E","?","T","R","M","M"],"build_version":"2018-11-02","purchased_purges":1,"victory":false,"max_hp_per_floor":[71,71,71,76,76,76,76,76,76,76,76,76,76,76,76,76,76,76,76,76,76,76,76,76,76,76,76,76,76],"card_choices":[{"not_picked":["Redo","Steam"],"picked":"Go for the Eyes","floor":0.0},{"not_picked":["Cold Snap","Leap"],"picked":"Streamline","floor":1.0},{"not_picked":["Streamline","Go for the Eyes"],"picked":"Steam","floor":5.0},{"not_picked":["Coolheaded","Rebound"],"picked":"Darkness","floor":6.0},{"not_picked":["Buffer","Steam"],"picked":"Darkness","floor":12.0},{"not_picked":["Beam Cell","Sweeping Beam"],"picked":"Barrage","floor":13.0},{"not_picked":["Barrage","Steam"],"picked":"Hologram","floor":14.0},{"not_picked":["Amplify","Creative AI"],"picked":"Reboot","floor":16.0},{"not_picked":["Streamline+1","Go for the Eyes+1"],"picked":"Beam Cell+1","floor":18.0},{"not_picked":["Sweeping Beam+1","Steam","Streamline+1"],"picked":"SKIP","floor":20.0},{"not_picked":["Cold Snap+1","Tempest"],"picked":"Self Repair","floor":22.0},{"not_picked":["FTL+1","Fusion","Barrage+1"],"picked":"SKIP","floor":24.0},{"not_picked":["Creative AI","Hologram"],"picked":"Cold Snap+1","floor":28.0}],"player_experience":490793,"relics_obtained":[{"floor":6.0,"key":"PreservedInsect"},{"floor":9.0,"key":"Symbiotic Virus"},{"floor":12.0,"key":"War Paint"},{"floor":14.0,"key":"Molten Egg 2"},{"floor":24.0,"key":"Happy Flower"},{"floor":26.0,"key":"Gremlin Horn"}],"event_choices":[{"damage_healed":0.0,"max_hp_gain":0.0,"max_hp_loss":0.0,"gold_gain":0.0,"event_name":"Living Wall","player_choice":"Grow","floor":2.0,"gold_loss":0.0,"damage_taken":0.0,"cards_upgraded":["Go for the Eyes"]},{"damage_healed":0.0,"max_hp_gain":0.0,"max_hp_loss":0.0,"gold_gain":75.0,"event_name":"World of Goop","player_choice":"Gather Gold","floor":3.0,"gold_loss":0.0,"damage_taken":11.0},{"damage_healed":0.0,"max_hp_gain":5.0,"max_hp_loss":0.0,"gold_gain":0.0,"event_name":"Big Fish","player_choice":"Donut","floor":4.0,"gold_loss":0.0,"damage_taken":0.0},{"damage_healed":0.0,"max_hp_gain":0.0,"max_hp_loss":0.0,"gold_gain":0.0,"event_name":"FaceTrader","player_choice":"Trade","floor":11.0,"gold_loss":0.0,"damage_taken":0.0,"relics_obtained":["CultistMask"]},{"damage_healed":0.0,"max_hp_gain":0.0,"max_hp_loss":0.0,"gold_gain":0.0,"event_name":"The Library","player_choice":"Read","floor":19.0,"gold_loss":0.0,"damage_taken":0.0,"cards_obtained":["Darkness"]}],"is_beta":true,"boss_relics":[{"not_picked":["Lizard Tail","Runic Dome"],"picked":"Ectoplasm"}],"items_purged_floors":[8],"is_endless":false,"potions_floor_spawned":[5,12,13,16,20,22],"killed_by":"Shelled Parasite and Fungi","ascension_level":20}