{"gold_per_floor":[119,138,138,313,330,330,330,330,330,330,349,156,106,118,118,213,213,231,231,231,154,103,103,21,50,74,99,112,146,71,83,83,182,182,194,212,222,294,294,294,294,305,360,360,371,371,81,91,91,91],"floor_reached":51,"playtime":2023,"items_purged":["Doubt"],"score":729,"play_id":"f4056180-075d-4091-85c8-0daf3949953d","local_time":"20180805183419","is_ascension_mode":true,"campfire_choices":[{"data":"Sword Boomerang","floor":6.0,"key":"SMITH"},{"data":"Bash","floor":8.0,"key":"SMITH"},{"data":"Shrug It Off","floor":10.0,"key":"SMITH"},{"data":"Armaments","floor":15.0,"key":"SMITH"},{"data":"Whirlwind","floor":23,"key":"SMITH"},{"floor":32,"key":"REST"},{"data":"Body Slam","floor":40,"key":"SMITH"},{"data":"J.A.X.","floor":44,"key":"SMITH"},{"data":"Entrench","floor":46,"key":"SMITH"},{"data":"Flex","floor":49,"key":"SMITH"}],"neow_cost":"NONE","seed_source_timestamp":0,"circlet_count":0,"master_deck":["Strike_R+1","Strike_R+1","Strike_R+1","Strike_R+1","Defend_R+1","Defend_R+1","Defend_R+1","Defend_R+1","Bash+1","Clash","Shrug It Off+1","Sword Boomerang+1","Sword Boomerang+1","Flex+1","Whirlwind+1","Armaments+1","Immolate","Entrench+1","Body Slam+1","Flame Barrier","Twin Strike+1","J.A.X.+1","Shrug It Off","Offering","Flex","Thunderclap","Reaper","Battle Trance+1","Body Slam+1","Shrug It Off+1","Pummel","Thunderclap+1"],"special_seed":0,"relics":["Sozu","Pear","Pantograph","Nunchaku","Orrery","Incense Burner","Bronze Scales","Whetstone","Red Skull","Matryoshka","Busted Crown","Regal Pillow","Darkstone Periapt","Gambling Chip","Vajra","Art of War","Shuriken"],"potions_floor_usage":[],"damage_taken":[{"damage":1.0,"enemies":"Cultist","floor":1.0,"turns":3.0},{"damage":0.0,"enemies":"2 Louse","floor":2.0,"turns":2.0},{"damage":0.0,"enemies":"Jaw Worm","floor":5.0,"turns":3.0},{"damage":18.0,"enemies":"Exordium Thugs","floor":11.0,"turns":4.0},{"damage":7.0,"enemies":"Blue Slaver","floor":14.0,"turns":3.0},{"damage":59.0,"enemies":"The Guardian","floor":16.0,"turns":8.0},{"damage":14,"enemies":"2 Thieves","floor":18,"turns":3},{"damage":35,"enemies":"Gremlin Leader","floor":25,"turns":5},{"damage":5,"enemies":"Spheric Guardian","floor":28,"turns":3},{"damage":9,"enemies":"Book of Stabbing","floor":29,"turns":3},{"damage":3,"enemies":"Cultist and Chosen","floor":31,"turns":3},{"damage":26,"enemies":"Automaton","floor":33,"turns":10},{"damage":0,"enemies":"Orb Walker","floor":35,"turns":2},{"damage":5,"enemies":"3 Darklings","floor":36,"turns":2},{"damage":32,"enemies":"Transient","floor":37,"turns":5},{"damage":9,"floor":39,"turns":5},{"damage":3,"enemies":"Sphere and 2 Shapes","floor":42,"turns":2},{"damage":5,"enemies":"3 Darklings","floor":45,"turns":2},{"damage":8,"enemies":"Spire Growth","floor":48,"turns":2},{"damage":34,"enemies":"Donu and Deca","floor":50,"turns":7}],"seed_played":"-9211234680869807632","potions_obtained":[],"is_trial":false,"path_per_floor":["M","M","T","?","M","R","?","R","T","R","M","$","?","M","R","B",null,"M","?","?","?","$","R","$","E","T","T","M","E","?","M","R","B",null,"M","M","M","T","?","R","?","M","T","R","M","R","$","M","R","B"],"character_chosen":"IRONCLAD","items_purchased":["Flex","Whirlwind","Shrug It Off","Offering","Shuriken","Pummel"],"campfire_rested":1,"item_purchase_floors":[12,12,22,24,47,47],"current_hp_per_floor":[79,79,89,89,89,89,77,77,77,77,59,59,59,52,52,18,90,76,76,76,76,76,76,76,41,41,41,36,27,27,24,51,50,90,90,90,64,64,80,80,80,77,77,77,72,72,72,64,64,55],"gold":91,"neow_bonus":"BOSS_RELIC","is_prod":false,"is_daily":false,"chose_seed":false,"campfire_upgraded":9,"win_rate":0,"timestamp":1533465259,"path_taken":["M","M","?","?","M","R","?","R","T","R","M","$","?","M","R","BOSS","M","?","?","?","?","R","$","E","T","?","?","E","?","M","R","BOSS","M","?","M","?","?","R","?","?","T","R","M","R","$","M","R","BOSS"],"build_version":"2018-08-02","purchased_purges":1,"victory":true,"max_hp_per_floor":[80,80,90,90,90,90,90,90,90,90,90,90,90,90,90,90,90,90,90,90,90,90,90,90,90,90,90,90,90,90,90,90,90,90,90,90,90,90,90,90,90,90,90,90,90,90,90,90,90,90],"card_choices":[{"not_picked":["Havoc","Headbutt"],"picked":"Clash","floor":1.0},{"not_picked":["Flex","Armaments"],"picked":"Shrug It Off","floor":2.0},{"not_picked":["Flex","Anger"],"picked":"Sword Boomerang","floor":5.0},{"not_picked":["Clothesline","Juggernaut"],"picked":"Sword Boomerang","floor":11.0},{"not_picked":["Second Wind","Perfected Strike"],"picked":"Armaments","floor":14.0},{"not_picked":["Bludgeon","Brutality"],"picked":"Immolate","floor":16.0},{"not_picked":["Heavy Blade","Corruption"],"picked":"Entrench","floor":17},{"not_picked":["Sentinel","Battle Trance"],"picked":"Body Slam","floor":17},{"not_picked":["Body Slam","Bloodletting"],"picked":"Flame Barrier","floor":17},{"not_picked":["Anger","Warcry"],"picked":"Twin Strike+1","floor":18},{"not_picked":["Heavy Blade","Rampage","Pommel Strike"],"picked":"SKIP","floor":25},{"not_picked":["Pummel+1","Warcry"],"picked":"Flex","floor":28},{"not_picked":["Dropkick","Warcry","True Grit+1"],"picked":"SKIP","floor":29},{"not_picked":["Shrug It Off+1","Headbutt"],"picked":"Thunderclap","floor":31},{"not_picked":["Immolate","Juggernaut"],"picked":"Reaper","floor":33},{"not_picked":[],"picked":"Metallicize+1","floor":35},{"not_picked":[],"picked":"Battle Trance+1","floor":36},{"not_picked":["Dropkick"],"picked":"SKIP","floor":37},{"not_picked":[],"picked":"Body Slam","floor":39},{"not_picked":["Headbutt"],"picked":"SKIP","floor":42},{"not_picked":[],"picked":"Shrug It Off+1","floor":45},{"not_picked":[],"picked":"Thunderclap+1","floor":48}],"player_experience":208671,"relics_obtained":[{"floor":3.0,"key":"Pear"},{"floor":9.0,"key":"Nunchaku"},{"floor":25,"key":"Bronze Scales"},{"floor":26,"key":"Whetstone"},{"floor":27,"key":"Red Skull"},{"floor":29,"key":"Matryoshka"},{"floor":38,"key":"Regal Pillow"},{"floor":38,"key":"Darkstone Periapt"},{"floor":39,"key":"Gambling Chip"},{"floor":43,"key":"Vajra"},{"floor":43,"key":"Art of War"}],"event_choices":[{"event_name":"Liars Game","player_choice":"agreed","floor":4.0,"damage_taken":0.0},{"event_name":"Scrap Ooze","player_choice":"success","floor":7.0,"damage_taken":12.0},{"event_name":"The Cleric","player_choice":"Card Removal","floor":13.0,"damage_taken":0.0},{"event_name":"Back to Basics","player_choice":"Simplicity","floor":19,"damage_taken":0},{"event_name":"The Mausoleum","player_choice":"Yes","floor":20,"damage_taken":0},{"event_name":"Drug Dealer","player_choice":"Got JAXXED","floor":21,"damage_taken":0},{"event_name":"Beggar","player_choice":"Gave Gold","floor":30,"damage_taken":0},{"event_name":"MindBloom","player_choice":"Fight","floor":39,"damage_taken":0},{"event_name":"Falling","player_choice":"Removed Power","floor":41,"damage_taken":0}],"is_beta":false,"boss_relics":[{"not_picked":["Mark of Pain","Tiny House"],"picked":"Orrery"},{"not_picked":["Snecko Eye","Coffee Dripper"],"picked":"Busted Crown"}],"items_purged_floors":[12],"is_endless":false,"potions_floor_spawned":[2,16,25,29,36,39,42,48],"ascension_level":1}