{"gold_per_floor":[112,131,131,44,63,63,80,80,133,160,160,174,249,269,269,370,370,389,389,409,409],"floor_reached":21,"playtime":783,"items_purged":[],"score":330,"play_id":"92e0d4b9-b6a3-487c-b6e4-b47c9ff3e523","local_time":"20180821092039","is_ascension_mode":true,"campfire_choices":[{"data":"Double Energy","floor":6.0,"key":"SMITH"},{"data":"Defragment","floor":8.0,"key":"SMITH"},{"data":"Glacier","floor":15.0,"key":"SMITH"}],"neow_cost":"","seed_source_timestamp":0,"circlet_count":0,"master_deck":["Strike_B","Strike_B","Strike_B","Defend_B","Defend_B","Defend_B","Defend_B","Zap","Dualcast","AscendersBane","Barrage","Glacier+1","Redo","Sunder","Double Energy+1","Defragment+1","Sweeping Beam","Cold Snap","Doom and Gloom","Multi-Cast","Chaos","Reinforced Body","Conserve Battery"],"special_seed":0,"relics":["FrozenCore","Strawberry","Ancient Tea Set"],"potions_floor_usage":[20],"damage_taken":[{"damage":5.0,"enemies":"Small Slimes","floor":1.0,"turns":4.0},{"damage":1.0,"enemies":"Cultist","floor":2.0,"turns":3.0},{"damage":7.0,"enemies":"Jaw Worm","floor":5.0,"turns":3.0},{"damage":0.0,"enemies":"3 Louse","floor":7.0,"turns":2.0},{"damage":0.0,"enemies":"Lagavulin","floor":10.0,"turns":6.0},{"damage":0.0,"enemies":"Large Slime","floor":12.0,"turns":3.0},{"damage":0.0,"enemies":"Looter","floor":14.0,"turns":4.0},{"damage":32,"enemies":"Hexaghost","floor":16,"turns":9},{"damage":14,"enemies":"Spheric Guardian","floor":18,"turns":5},{"damage":22,"enemies":"3 Byrds","floor":20,"turns":9},{"damage":43,"enemies":"3 Cultists","floor":21,"turns":5}],"seed_played":"6166916247999904984","potions_obtained":[{"floor":5.0,"key":"AttackPotion"},{"floor":12.0,"key":"FocusPotion"},{"floor":14.0,"key":"EssenceOfSteel"},{"floor":16,"key":"AttackPotion"}],"is_trial":false,"path_per_floor":["M","M","?","$","M","R","M","R","T","E","?","M","?","M","R","B",null,"M","?","M"],"character_chosen":"DEFECT","items_purchased":["Redo","Sunder"],"campfire_rested":0,"item_purchase_floors":[4,4],"current_hp_per_floor":[63,62,62,62,55,55,55,55,62,62,67,67,56,56,56,24,71,57,57,35,0],"gold":409,"neow_bonus":"","is_prod":false,"is_daily":false,"chose_seed":false,"campfire_upgraded":3,"win_rate":0,"timestamp":1534814439,"path_taken":["M","M","?","$","M","R","M","R","T","E","?","M","?","?","R","BOSS","M","?","M","M"],"build_version":"2018-08-16","purchased_purges":0,"victory":false,"max_hp_per_floor":[75,75,75,75,75,75,75,75,82,82,87,87,87,87,87,87,87,87,87,87,87],"card_choices":[{"not_picked":["Rebound","Sweeping Beam"],"picked":"Barrage","floor":1.0},{"not_picked":["Stack","Coolheaded"],"picked":"Glacier","floor":2.0},{"not_picked":["Gash","Hello World"],"picked":"Double Energy","floor":5.0},{"not_picked":["Melter","Beam Cell"],"picked":"Defragment","floor":7.0},{"not_picked":["Creative AI","Recycle"],"picked":"Sweeping Beam","floor":10.0},{"not_picked":["Double Energy","Coolheaded"],"picked":"Cold Snap","floor":12.0},{"not_picked":["Hologram","Beam Cell"],"picked":"Doom and Gloom","floor":14.0},{"not_picked":["Buffer","Seek"],"picked":"Multi-Cast","floor":16},{"not_picked":["Heatsinks","Steam Power"],"picked":"Chaos","floor":18},{"not_picked":["Hello World","Cold Snap"],"picked":"Conserve Battery","floor":20}],"player_experience":251832,"relics_obtained":[{"floor":9.0,"key":"Strawberry"},{"floor":10.0,"key":"Ancient Tea Set"}],"event_choices":[{"event_name":"Bonfire Elementals","player_choice":"BASIC","floor":3.0,"damage_taken":0.0},{"event_name":"Big Fish","player_choice":"Donut","floor":11.0,"damage_taken":0.0},{"event_name":"World of Goop","player_choice":"Gather Gold","floor":13.0,"damage_taken":0.0},{"event_name":"The Library","player_choice":"Read","floor":19,"damage_taken":0}],"is_beta":false,"boss_relics":[{"not_picked":["Busted Crown","Runic Dome"],"picked":"FrozenCore"}],"items_purged_floors":[],"is_endless":false,"potions_floor_spawned":[5,12,14,16],"killed_by":"3 Cultists","ascension_level":12}