{"gold_per_floor":[118,88,104,121,140,140,140,140,163,51,68,68,79,110,110,186,186,203,203,222,222,234,234,234,234,258,258,271,306,9,23,23,94,94,107,7,7,20,20,32,132,132,180,180,191,210,210,226,226,226],"floor_reached":51,"playtime":2083,"items_purged":["Strike_B+1","Strike_B+1"],"score":1168,"play_id":"3f93280a-747f-4f5c-9b75-ce4d1cd3e88b","local_time":"20190201093132","is_ascension_mode":true,"campfire_choices":[{"floor":6.0,"key":"REST"},{"data":"Dualcast","floor":8.0,"key":"SMITH"},{"data":"Darkness","floor":12.0,"key":"SMITH"},{"data":"Defragment","floor":15.0,"key":"SMITH"},{"data":"Reinforced Body","floor":23.0,"key":"SMITH"},{"data":"Hologram","floor":25.0,"key":"SMITH"},{"floor":27.0,"key":"REST"},{"data":"Electrodynamics","floor":32.0,"key":"SMITH"},{"data":"Skim","floor":42,"key":"SMITH"},{"data":"Seek","floor":44,"key":"SMITH"},{"data":"Consume","floor":49,"key":"SMITH"}],"neow_cost":"PERCENT_DAMAGE","seed_source_timestamp":995783280641,"circlet_count":0,"master_deck":["AscendersBane","Defend_B+1","Defend_B+1","Defend_B+1","Defend_B+1","Zap+1","Dualcast+1","Electrodynamics+1","Undo","Skim+1","Hologram+1","Conserve Battery+1","Defragment+1","Darkness+1","Echo Form+1","Rainbow+1","Self Repair+1","Coolheaded+1","Reinforced Body+1","Consume+1","Seek+1","Glacier","Glacier","Parasite"],"special_seed":0,"relics":["Cracked Core","Bag of Preparation","Dream Catcher","Astrolabe","Happy Flower","War Paint","DataDisk","Lee\u0027s Waffle","Coffee Dripper","Girya","Vajra"],"potions_floor_usage":[47,50,50],"damage_taken":[{"damage":8.0,"enemies":"Small Slimes","floor":1.0,"turns":2.0},{"damage":6.0,"enemies":"Cultist","floor":3.0,"turns":4.0},{"damage":0.0,"enemies":"2 Louse","floor":4.0,"turns":2.0},{"damage":0.0,"enemies":"Blue Slaver","floor":5.0,"turns":3.0},{"damage":0.0,"enemies":"Large Slime","floor":11.0,"turns":4.0},{"damage":16.0,"enemies":"Lots of Slimes","floor":13.0,"turns":3.0},{"damage":20.0,"enemies":"Lagavulin","floor":14.0,"turns":5.0},{"damage":13.0,"enemies":"Hexaghost","floor":16.0,"turns":9.0},{"damage":7.0,"enemies":"3 Byrds","floor":18.0,"turns":3.0},{"damage":19.0,"enemies":"Chosen","floor":20.0,"turns":6.0},{"damage":20.0,"enemies":"Sentry and Sphere","floor":22.0,"turns":6.0},{"damage":5.0,"enemies":"Snecko","floor":28.0,"turns":7.0},{"damage":36.0,"enemies":"Slavers","floor":29.0,"turns":5.0},{"damage":0.0,"enemies":"Centurion and Healer","floor":31.0,"turns":7.0},{"damage":44.0,"enemies":"Collector","floor":33.0,"turns":8.0},{"damage":6,"enemies":"3 Darklings","floor":35,"turns":2},{"damage":6,"enemies":"Orb Walker","floor":38,"turns":3},{"damage":25,"enemies":"Jaw Worm Horde","floor":40,"turns":4},{"damage":2,"enemies":"Mind Bloom Boss Battle","floor":41,"turns":5},{"damage":0,"enemies":"Maw","floor":45,"turns":7},{"damage":0,"enemies":"Sphere and 2 Shapes","floor":46,"turns":1},{"damage":0,"enemies":"3 Darklings","floor":47,"turns":2},{"damage":3,"enemies":"Writhing Mass","floor":48,"turns":6},{"damage":46,"enemies":"Donu and Deca","floor":50,"turns":14}],"seed_played":"8607716338223434152","potions_obtained":[{"floor":2.0,"key":"Poison Potion"},{"floor":2.0,"key":"Weak Potion"},{"floor":13.0,"key":"PowerPotion"},{"floor":18.0,"key":"Ancient Potion"},{"floor":29.0,"key":"Block Potion"},{"floor":40,"key":"SmokeBomb"},{"floor":48,"key":"LiquidBronze"}],"is_trial":false,"path_per_floor":["M","?","M","M","M","R","$","R","T","$","M","R","M","E","R","B",null,"M","?","M","?","M","R","?","R","T","R","M","E","$","M","R","B",null,"M","$","$","M","?","M","?","R","T","R","M","M","M","M","R","B",null],"character_chosen":"DEFECT","items_purchased":["Conserve Battery","Defragment","Lee\u0027s Waffle"],"campfire_rested":2,"item_purchase_floors":[10,10,30],"current_hp_per_floor":[38,38,32,32,32,53,53,53,53,53,53,53,37,17,17,4,54,57,37,28,28,28,28,28,28,28,50,55,29,83,83,83,49,75,69,69,69,83,83,58,76,76,76,76,83,83,83,80,80,44],"gold":226,"neow_bonus":"THREE_RARE_CARDS","is_prod":false,"is_daily":false,"chose_seed":false,"campfire_upgraded":9,"win_rate":0,"timestamp":1548984692,"path_taken":["M","?","M","M","M","R","?","R","T","$","?","R","M","E","R","BOSS","M","?","M","?","M","R","?","R","T","R","M","E","$","M","R","BOSS","M","?","$","M","?","M","?","R","T","R","M","M","M","M","R","BOSS"],"build_version":"2019-01-23","purchased_purges":2,"victory":true,"max_hp_per_floor":[71,71,71,71,71,71,71,71,71,71,71,71,71,71,71,71,71,71,76,76,76,76,76,76,76,76,76,76,76,83,83,83,83,83,83,83,83,83,83,83,83,83,83,83,83,83,83,83,83,83],"card_choices":[{"not_picked":["Core Surge","Reboot"],"picked":"Electrodynamics","floor":0.0},{"not_picked":["Beam Cell","Gash"],"picked":"Undo","floor":1.0},{"not_picked":["Hologram","Blizzard"],"picked":"Ball Lightning","floor":3.0},{"not_picked":["Hologram","Compile Driver"],"picked":"Skim","floor":4.0},{"not_picked":["Beam Cell","Redo"],"picked":"Hologram","floor":5.0},{"not_picked":["Rebound","Chaos"],"picked":"Darkness","floor":11.0},{"not_picked":["Go for the Eyes","Hyperbeam","Conserve Battery"],"picked":"SKIP","floor":13.0},{"not_picked":["Conserve Battery","Steam Power","Barrage"],"picked":"SKIP","floor":14.0},{"not_picked":["Electrodynamics","Core Surge"],"picked":"Echo Form","floor":16.0},{"not_picked":["Doom and Gloom","Streamline+1"],"picked":"Coolheaded+1","floor":18.0},{"not_picked":["Conserve Battery","Barrage"],"picked":"Reinforced Body","floor":20.0},{"not_picked":["Compile Driver","Leap","Creative AI"],"picked":"SKIP","floor":22.0},{"not_picked":["FTL","Leap"],"picked":"Consume","floor":27.0},{"not_picked":["Barrage","Steam","Gash"],"picked":"SKIP","floor":28.0},{"not_picked":["Static Discharge","Redo","Double Energy"],"picked":"SKIP","floor":29.0},{"not_picked":["Streamline","Leap","Redo"],"picked":"SKIP","floor":31.0},{"not_picked":["Machine Learning","Thunder Strike"],"picked":"Seek","floor":33.0},{"not_picked":["Beam Cell","Hello World","FTL"],"picked":"SKIP","floor":35},{"not_picked":["Stack","Hologram","Gash"],"picked":"SKIP","floor":38},{"not_picked":["Redo","Stack"],"picked":"Glacier","floor":40},{"not_picked":["Streamline","Thunder Strike"],"picked":"Glacier","floor":41},{"not_picked":["Beam Cell","Aggregate+1","Gash"],"picked":"SKIP","floor":45},{"not_picked":["Streamline","Beam Cell+1","Rebound+1"],"picked":"SKIP","floor":46},{"not_picked":["Conserve Battery","Ball Lightning+1","Cold Snap+1"],"picked":"SKIP","floor":48}],"player_experience":744944,"relics_obtained":[{"floor":9.0,"key":"Bag of Preparation"},{"floor":14.0,"key":"Dream Catcher"},{"floor":24.0,"key":"Happy Flower"},{"floor":26.0,"key":"War Paint"},{"floor":29.0,"key":"DataDisk"},{"floor":41,"key":"Girya"},{"floor":43,"key":"Vajra"}],"event_choices":[{"damage_healed":0.0,"max_hp_gain":0.0,"max_hp_loss":0.0,"gold_gain":0.0,"event_name":"The Woman in Blue","player_choice":"Bought 2 Potions","floor":2.0,"gold_loss":0.0,"damage_taken":0.0},{"damage_healed":0.0,"max_hp_gain":5.0,"max_hp_loss":0.0,"gold_gain":0.0,"event_name":"Forgotten Altar","player_choice":"Shed Blood","floor":19.0,"gold_loss":0.0,"damage_taken":25.0},{"damage_healed":0.0,"max_hp_gain":0.0,"max_hp_loss":0.0,"gold_gain":0.0,"event_name":"Back to Basics","player_choice":"Simplicity","floor":21.0,"gold_loss":0.0,"damage_taken":0.0,"cards_upgraded":["Strike_B","Strike_B","Defend_B","Defend_B","Defend_B","Defend_B"]},{"damage_healed":0.0,"max_hp_gain":0.0,"max_hp_loss":0.0,"gold_gain":0.0,"event_name":"Wheel of Change","player_choice":"Relic","floor":24.0,"gold_loss":0.0,"damage_taken":0.0},{"cards_removed":["Ball Lightning"],"damage_healed":0,"gold_gain":0,"player_choice":"Removed Attack","damage_taken":0,"max_hp_gain":0,"max_hp_loss":0,"event_name":"Falling","floor":39,"gold_loss":0},{"damage_healed":0,"gold_gain":0,"player_choice":"Fight","damage_taken":0,"max_hp_gain":0,"max_hp_loss":0,"event_name":"MindBloom","floor":41,"gold_loss":0}],"is_beta":true,"boss_relics":[{"not_picked":["FrozenCore","Cursed Key"],"picked":"Astrolabe"},{"not_picked":["Calling Bell","White Beast Statue"],"picked":"Coffee Dripper"}],"items_purged_floors":[30,36],"is_endless":false,"potions_floor_spawned":[3,4,13,14,18,28,29,40,41,47,48],"ascension_level":16}