{"gold_per_floor":[361,10,24,24,24,24,38,38,63,63,63,78,116,132,132,230,230,248,1,1,1,15,15,33,83,83,83,83],"floor_reached":28,"playtime":1145,"items_purged":["Gash"],"score":432,"play_id":"43672050-761e-46be-a7a9-4d51d6fbe5c5","local_time":"20181201183413","is_ascension_mode":true,"campfire_choices":[{"data":"Zap","floor":6.0,"key":"SMITH"},{"data":"Fusion","floor":8.0,"key":"SMITH"},{"data":"Dualcast","floor":10.0,"key":"SMITH"},{"data":"Tempest","floor":15.0,"key":"SMITH"},{"data":"Barrage","floor":23.0,"key":"SMITH"},{"data":"Reboot","floor":27.0,"key":"SMITH"}],"neow_cost":"TEN_PERCENT_HP_LOSS","seed_source_timestamp":0,"circlet_count":0,"master_deck":["AscendersBane","Zap+1","Dualcast+1","Ball Lightning","Blind+1","Steam","Leap","Fusion+1","Reboot+1","Tempest+1","Meteor Strike","Beam Cell","Reinforced Body","Steam","Coolheaded","BootSequence","Redo","Barrage+1","Glacier","Leap","Self Repair"],"special_seed":0,"relics":["Cracked Core","OrangePellets","Bloody Idol","Blood Vial","Pandora\u0027s Box","DataDisk","Nloth\u0027s Gift","Ornamental Fan"],"potions_floor_usage":[28],"damage_taken":[{"damage":7.0,"enemies":"Small Slimes","floor":1.0,"turns":3.0},{"damage":6.0,"enemies":"2 Louse","floor":3.0,"turns":2.0},{"damage":0.0,"enemies":"Cultist","floor":7.0,"turns":3.0},{"damage":3.0,"enemies":"2 Fungi Beasts","floor":12.0,"turns":4.0},{"damage":9.0,"enemies":"Lagavulin","floor":13.0,"turns":8.0},{"damage":5.0,"enemies":"Blue Slaver","floor":14.0,"turns":2.0},{"damage":20.0,"enemies":"Slime Boss","floor":16.0,"turns":5.0},{"damage":0.0,"enemies":"3 Byrds","floor":18.0,"turns":5.0},{"damage":6.0,"enemies":"2 Thieves","floor":22.0,"turns":5.0},{"damage":24.0,"enemies":"Shelled Parasite and Fungi","floor":24.0,"turns":7.0},{"damage":42,"enemies":"Gremlin Leader","floor":28,"turns":6}],"seed_played":"-8198054942261581553","potions_obtained":[{"floor":3.0,"key":"Poison Potion"},{"floor":11.0,"key":"Dexterity Potion"},{"floor":11.0,"key":"Energy Potion"},{"floor":13.0,"key":"Swift Potion"}],"is_trial":false,"path_per_floor":["M","$","M","?","?","R","M","R","T","R","?","M","E","M","R","B",null,"M","$","?","?","M","R","M","?","T","R","E"],"character_chosen":"DEFECT","items_purchased":["OrangePellets","Blind","Steam","DataDisk"],"campfire_rested":0,"item_purchase_floors":[2,2,2,19],"current_hp_per_floor":[57,57,51,32,32,32,32,32,32,32,32,31,24,21,21,3,44,46,46,46,46,47,47,30,35,35,35,0],"gold":83,"neow_bonus":"TWO_FIFTY_GOLD","is_prod":false,"is_daily":false,"chose_seed":false,"campfire_upgraded":6,"win_rate":0,"timestamp":1543660453,"path_taken":["M","$","M","?","?","R","M","R","T","R","?","M","E","?","R","BOSS","M","$","?","?","M","R","?","?","T","R","E"],"build_version":"2018-11-15","purchased_purges":1,"victory":false,"max_hp_per_floor":[64,64,64,64,58,58,58,58,58,58,58,58,58,58,58,58,58,58,58,58,58,58,58,58,58,58,58,58],"card_choices":[{"not_picked":["Turbo","Streamline"],"picked":"Ball Lightning","floor":1.0},{"not_picked":["Cold Snap","Steam"],"picked":"Leap","floor":3.0},{"not_picked":["Rebound","Redo"],"picked":"Fusion","floor":7.0},{"not_picked":["Ball Lightning","Sweeping Beam"],"picked":"Reboot","floor":12.0},{"not_picked":["Cold Snap","Skim"],"picked":"Tempest","floor":13.0},{"not_picked":["Reprogram","Rebound","Blizzard"],"picked":"SKIP","floor":14.0},{"not_picked":["Buffer","Echo Form"],"picked":"Meteor Strike","floor":16.0},{"not_picked":["Tempest","Redo"],"picked":"Glacier","floor":18.0},{"not_picked":["Rebound","Compile Driver"],"picked":"Leap","floor":22.0},{"not_picked":["Blizzard","Conserve Battery"],"picked":"Self Repair","floor":24.0}],"player_experience":585462,"relics_obtained":[{"floor":9.0,"key":"Blood Vial"},{"floor":13.0,"key":"Nunchaku"},{"floor":26.0,"key":"Ornamental Fan"}],"event_choices":[{"damage_healed":0.0,"max_hp_gain":0.0,"max_hp_loss":0.0,"gold_gain":0.0,"event_name":"Shining Light","player_choice":"Entered Light","floor":4.0,"gold_loss":0.0,"damage_taken":19.0,"cards_upgraded":["Defend_B","Blind"]},{"damage_healed":0.0,"max_hp_gain":0.0,"max_hp_loss":6.0,"gold_gain":0.0,"event_name":"Golden Idol","player_choice":"Lose Max HP","floor":5.0,"gold_loss":0.0,"damage_taken":0.0,"relics_obtained":["Golden Idol"]},{"damage_healed":0.0,"max_hp_gain":0.0,"max_hp_loss":0.0,"gold_gain":0.0,"event_name":"Lab","player_choice":"Got Potions","floor":11.0,"gold_loss":0.0,"damage_taken":0.0},{"damage_healed":0.0,"max_hp_gain":0.0,"max_hp_loss":0.0,"gold_gain":0.0,"event_name":"Forgotten Altar","player_choice":"Gave Idol","floor":20.0,"relics_lost":["Golden Idol"],"gold_loss":0.0,"damage_taken":0.0,"relics_obtained":["Bloody Idol"]},{"damage_healed":0.0,"max_hp_gain":0.0,"max_hp_loss":0.0,"gold_gain":0.0,"event_name":"N\u0027loth","player_choice":"Traded Relic","floor":21.0,"relics_lost":["Nunchaku"],"gold_loss":0.0,"damage_taken":0.0,"relics_obtained":["Nloth\u0027s Gift"]},{"damage_healed":0.0,"max_hp_gain":0.0,"max_hp_loss":0.0,"gold_gain":50.0,"event_name":"Golden Shrine","player_choice":"Pray","floor":25.0,"gold_loss":0.0,"damage_taken":0.0}],"is_beta":true,"boss_relics":[{"not_picked":["Black Star","Orrery"],"picked":"Pandora\u0027s Box"}],"items_purged_floors":[19],"is_endless":false,"potions_floor_spawned":[3,13,14],"killed_by":"Gremlin Leader","ascension_level":20}