{"gold_per_floor":[109,109,109,109,127,127,161,171,198,198,198,218,241,253,253,354,354,368,467,485,485,499,499,529,529],"floor_reached":25,"playtime":1753,"items_purged":[],"score":281,"play_id":"3b30615f-76bb-4f19-8809-c50473501332","local_time":"20180729132459","is_ascension_mode":true,"campfire_choices":[{"data":"White Noise","floor":6.0,"key":"SMITH"},{"data":"Seek","floor":11.0,"key":"SMITH"},{"data":"Blizzard","floor":15,"key":"SMITH"},{"floor":23,"key":"REST"}],"neow_cost":"NONE","seed_source_timestamp":0,"circlet_count":0,"master_deck":["Strike_B","Strike_B","Strike_B","Strike_B","Defend_B","Defend_B","Defend_B","Defend_B","Zap","Dualcast","Glacier","White Noise+1","Darkness","Go for the Eyes","Leap","BootSequence","Seek+1","Meteor Strike","Turbo","Chill","Rebound","Blizzard+1","Buffer","FTL","Conserve Battery","Cold Snap","Coolheaded","Buffer"],"special_seed":0,"relics":["Orrery","Lantern","Bird Faced Urn","Centennial Puzzle","Odd Mushroom","Eternal Feather","Red Mask"],"potions_floor_usage":[24,25],"damage_taken":[{"damage":5.0,"enemies":"Cultist","floor":1.0,"turns":4.0},{"damage":0.0,"enemies":"Jaw Worm","floor":5.0,"turns":3.0},{"damage":20.0,"enemies":"Lagavulin","floor":7.0,"turns":11.0},{"damage":1.0,"enemies":"Small Slimes","floor":8.0,"turns":4.0},{"damage":2.0,"enemies":"3 Louse","floor":12.0,"turns":7.0},{"damage":4.0,"floor":13.0,"turns":5.0},{"damage":1.0,"enemies":"Looter","floor":14.0,"turns":4.0},{"damage":43,"enemies":"Hexaghost","floor":16,"turns":13},{"damage":24,"enemies":"3 Byrds","floor":18,"turns":7},{"damage":30,"enemies":"Spheric Guardian","floor":20,"turns":6},{"damage":25,"enemies":"Centurion and Healer","floor":22,"turns":8},{"damage":48,"floor":24,"turns":9},{"damage":35,"enemies":"Slavers","floor":25,"turns":5}],"seed_played":"-1872346306703005887","potions_obtained":[{"floor":2.0,"key":"Fruit Juice"},{"floor":2.0,"key":"FairyPotion"},{"floor":2.0,"key":"PowerPotion"},{"floor":8.0,"key":"Explosive Potion"},{"floor":14.0,"key":"SneckoOil"},{"floor":24,"key":"Explosive Potion"}],"is_trial":false,"path_per_floor":["M","?","?","$","M","R","E","M","T","?","R","M","?","M","R","B",null,"M","?","M","?","M","R","?"],"character_chosen":"DEFECT","items_purchased":[],"campfire_rested":1,"item_purchase_floors":[],"current_hp_per_floor":[63,63,56,56,56,56,43,49,49,54,54,54,52,53,53,12,67,47,47,26,26,5,45,10,0],"gold":529,"neow_bonus":"BOSS_RELIC","is_prod":false,"is_daily":false,"chose_seed":false,"campfire_upgraded":3,"win_rate":0,"timestamp":1532841899,"path_taken":["M","?","?","$","M","R","E","M","T","?","R","M","?","?","R","BOSS","M","?","M","?","M","R","?","E"],"build_version":"2018-07-26","purchased_purges":0,"victory":false,"max_hp_per_floor":[75,75,75,75,75,75,75,80,80,85,85,85,85,85,85,85,85,85,85,85,85,85,85,85,85],"card_choices":[{"not_picked":["Coolheaded","Defragment"],"picked":"Glacier","floor":0.0},{"not_picked":["Beam Cell","Consume"],"picked":"White Noise","floor":0.0},{"not_picked":["Go for the Eyes","Undo"],"picked":"Darkness","floor":0.0},{"not_picked":["Static Discharge","Streamline"],"picked":"Go for the Eyes","floor":0.0},{"not_picked":["Compile Driver","Sweeping Beam"],"picked":"Leap","floor":0.0},{"not_picked":["Go for the Eyes","Redo"],"picked":"BootSequence","floor":1.0},{"not_picked":["Ball Lightning","Skim"],"picked":"Seek","floor":5.0},{"not_picked":["White Noise","Aggregate"],"picked":"Meteor Strike","floor":7.0},{"not_picked":["Ball Lightning","Hologram"],"picked":"Turbo","floor":8.0},{"not_picked":["Compile Driver","Streamline"],"picked":"Chill","floor":12.0},{"not_picked":["Go for the Eyes","Undo"],"picked":"Rebound","floor":13.0},{"not_picked":["Leap","Streamline"],"picked":"Blizzard","floor":14.0},{"not_picked":["Thunder Strike","Meteor Strike"],"picked":"Buffer","floor":16},{"not_picked":["Barrage","Compile Driver"],"picked":"FTL","floor":18},{"not_picked":["Redo","Turbo"],"picked":"Conserve Battery","floor":20},{"not_picked":["Storm","Sweeping Beam+1"],"picked":"Coolheaded","floor":22},{"not_picked":["Leap","Go for the Eyes"],"picked":"Buffer","floor":24}],"player_experience":185806,"relics_obtained":[{"floor":7.0,"key":"Bird Faced Urn"},{"floor":9.0,"key":"Centennial Puzzle"},{"floor":13.0,"key":"Odd Mushroom"},{"floor":24,"key":"Red Mask"}],"event_choices":[{"event_name":"The Lab","player_choice":"Got Potions","floor":2.0,"damage_taken":0.0},{"event_name":"Scrap Ooze","player_choice":"success","floor":3.0,"damage_taken":7.0},{"event_name":"Big Fish","player_choice":"Donut","floor":10.0,"damage_taken":0.0},{"event_name":"Mushrooms","player_choice":"Fought Mushrooms","floor":13.0,"damage_taken":0.0},{"event_name":"Nest","player_choice":"Stole From Cult","floor":19,"damage_taken":0},{"event_name":"The Library","player_choice":"Read","floor":21,"damage_taken":0},{"event_name":"Masked Bandits","player_choice":"Fought over 499 gold","floor":24,"damage_taken":0}],"is_beta":false,"boss_relics":[{"not_picked":["Black Star","Velvet Choker"],"picked":"Eternal Feather"}],"items_purged_floors":[],"is_endless":false,"potions_floor_spawned":[5,8,14,16,22,24],"killed_by":"Slavers","ascension_level":8}