{"gold_per_floor":[118,41,52,52,69,94,94,127,173,190,190,206,44,44,44,116,116,129,129,74,94,94,94,111,111,135,152,170,235,247],"floor_reached":30,"playtime":1004,"items_purged":["Strike_G"],"score":494,"play_id":"a2502c34-6f00-4296-947d-85f0c4a00ca8","local_time":"20181112175257","is_ascension_mode":true,"campfire_choices":[{"data":"Deadly Poison","floor":7.0,"key":"SMITH"},{"data":"Neutralize","floor":11.0,"key":"SMITH"},{"data":"Glass Knife","floor":15.0,"key":"SMITH"},{"floor":23.0,"key":"REST"},{"floor":25.0,"key":"REST"}],"neow_cost":"NONE","seed_source_timestamp":2389042381930,"circlet_count":0,"master_deck":["AscendersBane","Defend_G","Defend_G","Defend_G","Defend_G","Defend_G+1","Strike_G","Strike_G","Strike_G","Strike_G","Survivor","Neutralize+1","Backstab","Bane+1","Deadly Poison+1","Terror+1","Well Laid Plans","Glass Knife+1","Noxious Fumes","Adrenaline","PiercingWail","Leg Sweep+1","Flechettes"],"special_seed":0,"relics":["Ring of the Snake","NeowsBlessing","Letter Opener","Omamori","Strawberry","Black Star","War Paint","Tiny Chest","MawBank"],"potions_floor_usage":[30],"damage_taken":[{"damage":0.0,"enemies":"Cultist","floor":1.0,"turns":1.0},{"damage":0.0,"enemies":"Small Slimes","floor":3.0,"turns":1.0},{"damage":0.0,"enemies":"2 Louse","floor":5.0,"turns":1.0},{"damage":15.0,"enemies":"Lagavulin","floor":6.0,"turns":6.0},{"damage":14.0,"enemies":"3 Sentries","floor":8.0,"turns":8.0},{"damage":11.0,"enemies":"Exordium Thugs","floor":10.0,"turns":5.0},{"damage":5.0,"enemies":"Large Slime","floor":12.0,"turns":4.0},{"damage":29.0,"enemies":"The Guardian","floor":16.0,"turns":9.0},{"damage":12.0,"enemies":"2 Thieves","floor":18.0,"turns":4.0},{"damage":21.0,"enemies":"Spheric Guardian","floor":21.0,"turns":5.0},{"damage":15.0,"enemies":"Snake Plant","floor":24.0,"turns":3.0},{"damage":2.0,"enemies":"Shelled Parasite and Fungi","floor":27.0,"turns":4.0},{"damage":38.0,"enemies":"Snecko","floor":28.0,"turns":6.0},{"damage":10.0,"enemies":"Slavers","floor":29.0,"turns":8.0},{"damage":9,"enemies":"Snake Plant","floor":30,"turns":2}],"seed_played":"3331578780930936587","potions_obtained":[{"floor":1.0,"key":"Energy Potion"},{"floor":5.0,"key":"Fire Potion"},{"floor":8.0,"key":"EssenceOfSteel"},{"floor":10.0,"key":"AttackPotion"},{"floor":21.0,"key":"AttackPotion"},{"floor":22.0,"key":"SpeedPotion"},{"floor":27.0,"key":"Poison Potion"},{"floor":29.0,"key":"AttackPotion"}],"is_trial":false,"path_per_floor":["M","$","M","M","?","M","E","R","E","T","M","R","M","$","?","R","B",null,"M","?","$","M","?","R","M","R","T","M","M","E","M"],"character_chosen":"THE_SILENT","items_purchased":["Bane","Deadly Poison","Noxious Fumes","SkillPotion"],"campfire_rested":2,"item_purchase_floors":[2,2,13,20],"current_hp_per_floor":[59,59,59,59,59,44,44,30,37,26,26,21,21,45,45,16,59,47,47,47,26,26,47,32,53,53,51,13,3,0],"gold":247,"neow_bonus":"THREE_ENEMY_KILL","is_prod":false,"is_daily":false,"chose_seed":false,"campfire_upgraded":3,"win_rate":0,"timestamp":1542016377,"path_taken":["M","?","?","?","M","E","R","E","T","M","R","M","?","?","R","BOSS","M","?","$","M","?","R","?","R","T","M","M","E","M"],"build_version":"2018-11-08","purchased_purges":1,"victory":false,"max_hp_per_floor":[66,66,66,66,66,66,66,66,73,73,73,73,73,73,73,73,73,73,73,73,73,73,73,73,73,73,73,73,73,73],"card_choices":[{"not_picked":["Skewer","Dagger Throw"],"picked":"Backstab","floor":1.0},{"not_picked":["Cloak And Dagger","Calculated Gamble"],"picked":"Terror","floor":3.0},{"not_picked":["Blade Dance","Dodge and Roll","Slice"],"picked":"SKIP","floor":5.0},{"not_picked":["Deflect","Endless Agony"],"picked":"Well Laid Plans","floor":6.0},{"not_picked":["Poisoned Stab","Deflect"],"picked":"Glass Knife","floor":8.0},{"not_picked":["Cloak And Dagger","Blade Dance","Flechettes"],"picked":"SKIP","floor":10.0},{"not_picked":["Sucker Punch","Quick Slash","Poisoned Stab"],"picked":"SKIP","floor":12.0},{"not_picked":["Envenom","Storm of Steel"],"picked":"Adrenaline","floor":16.0},{"not_picked":["Bane","Acrobatics"],"picked":"PiercingWail","floor":18.0},{"not_picked":["Distraction","Flying Knee","PiercingWail"],"picked":"SKIP","floor":21.0},{"not_picked":["Poisoned Stab","Dagger Spray","Tactician"],"picked":"SKIP","floor":24.0},{"not_picked":["Concentrate","Noxious Fumes","Infinite Blades+1"],"picked":"SKIP","floor":27.0},{"not_picked":["Heel Hook","Prepared"],"picked":"Leg Sweep+1","floor":28.0},{"not_picked":["Prepared","Dodge and Roll"],"picked":"Flechettes","floor":29.0}],"player_experience":535194,"relics_obtained":[{"floor":6.0,"key":"Letter Opener"},{"floor":8.0,"key":"Omamori"},{"floor":9.0,"key":"Strawberry"},{"floor":26.0,"key":"War Paint"},{"floor":29.0,"key":"Tiny Chest"},{"floor":29.0,"key":"MawBank"}],"event_choices":[{"damage_healed":0.0,"max_hp_gain":0.0,"max_hp_loss":0.0,"gold_gain":0.0,"event_name":"Upgrade Shrine","player_choice":"Upgraded","floor":4.0,"gold_loss":0.0,"damage_taken":0.0,"cards_upgraded":["Bane"]},{"damage_healed":24.0,"max_hp_gain":0.0,"max_hp_loss":0.0,"gold_gain":0.0,"event_name":"Big Fish","player_choice":"Banana","floor":14.0,"gold_loss":0.0,"damage_taken":0.0},{"damage_healed":0.0,"max_hp_gain":0.0,"max_hp_loss":0.0,"gold_gain":0.0,"event_name":"Cursed Tome","player_choice":"Ignored","floor":19.0,"gold_loss":0.0,"damage_taken":0.0},{"damage_healed":0.0,"max_hp_gain":0.0,"max_hp_loss":0.0,"gold_gain":0.0,"event_name":"Lab","player_choice":"Got Potions","floor":22.0,"gold_loss":0.0,"damage_taken":0.0}],"is_beta":true,"boss_relics":[{"not_picked":["Calling Bell","Empty Cage"],"picked":"Black Star"}],"items_purged_floors":[13],"is_endless":false,"potions_floor_spawned":[1,5,8,10,21,27,29],"killed_by":"Snake Plant","ascension_level":18}