{"gold_per_floor":[117,392,108,131,31,31,61,61,86,114,114,129,148,165,165,241,241,213,213,46,46,46,46,78,78,78,96,8,8,42,57,57,130,130,144,60,75,175,175,203,216,216,239,249,99,109,109,135,135,135,135,135,135,28,28],"floor_reached":55,"playtime":2794,"items_purged":["Regret","Strike_G","Strike_G","Masterful Stab+1"],"score":2188,"play_id":"08f69eb3-1c58-46ed-8865-a5afc8bf7de5","local_time":"20181230221834","is_ascension_mode":true,"campfire_choices":[{"data":"Apotheosis","floor":6.0,"key":"SMITH"},{"data":"Neutralize","floor":8.0,"key":"SMITH"},{"data":"Bane","floor":15.0,"key":"SMITH"},{"data":"Catalyst","floor":23.0,"key":"SMITH"},{"data":"Bullet Time","floor":25.0,"key":"SMITH"},{"floor":32.0,"key":"REST"},{"floor":42.0,"key":"REST"},{"floor":47.0,"key":"REST"},{"floor":49.0,"key":"RECALL"},{"data":"Catalyst","floor":53.0,"key":"SMITH"}],"neow_cost":"NONE","seed_source_timestamp":32898283320189,"circlet_count":0,"master_deck":["AscendersBane","Defend_G","Defend_G","Defend_G","Defend_G","Survivor","Neutralize+1","Apotheosis+1","Noxious Fumes+1","Bane+1","Bullet Time+1","Crippling Poison+1","Poisoned Stab+1","Deflect+1","Catalyst+1","Acrobatics+1","Catalyst+1","Deadly Poison+1","Corpse Explosion+1","Leg Sweep+1","Footwork+1","Acrobatics+1","Backflip+1","Catalyst+1"],"special_seed":0,"relics":["Ring of the Snake","NeowsBlessing","Blood Vial","Boot","Pen Nib","Whetstone","Astrolabe","Nilry\u0027s Codex","Pear","FossilizedHelix","MutagenicStrength","Toxic Egg 2","Philosopher\u0027s Stone","Calipers","Art of War","Vajra"],"potions_floor_usage":[],"damage_taken":[{"damage":0.0,"enemies":"Small Slimes","floor":1.0,"turns":2.0},{"damage":0.0,"enemies":"Lagavulin","floor":7.0,"turns":1.0},{"damage":0.0,"enemies":"Gremlin Nob","floor":10.0,"turns":1.0},{"damage":0.0,"enemies":"Cultist","floor":12.0,"turns":3.0},{"damage":0.0,"enemies":"2 Louse","floor":13.0,"turns":4.0},{"damage":0.0,"enemies":"Red Slaver","floor":14.0,"turns":1.0},{"damage":15.0,"enemies":"Slime Boss","floor":16.0,"turns":8.0},{"damage":1.0,"enemies":"2 Thieves","floor":18.0,"turns":4.0},{"damage":12.0,"enemies":"Book of Stabbing","floor":24.0,"turns":4.0},{"damage":10.0,"enemies":"Shell Parasite","floor":27.0,"turns":4.0},{"damage":0.0,"enemies":"Slavers","floor":30.0,"turns":6.0},{"damage":0.0,"enemies":"Chosen and Byrds","floor":31.0,"turns":5.0},{"damage":33.0,"enemies":"Automaton","floor":33.0,"turns":5.0},{"damage":0.0,"enemies":"Orb Walker","floor":35.0,"turns":3.0},{"damage":0.0,"enemies":"3 Darklings","floor":37.0,"turns":2.0},{"damage":0.0,"enemies":"Mind Bloom Boss Battle","floor":38.0,"turns":2.0},{"damage":70.0,"enemies":"Reptomancer","floor":40.0,"turns":6.0},{"damage":17.0,"enemies":"Jaw Worm Horde","floor":41.0,"turns":3.0},{"damage":0.0,"enemies":"Transient","floor":44.0,"turns":6.0},{"damage":0.0,"enemies":"Maw","floor":46.0,"turns":3.0},{"damage":0.0,"enemies":"Giant Head","floor":48.0,"turns":6.0},{"damage":8.0,"enemies":"Awakened One","floor":50.0,"turns":8.0},{"damage":0.0,"enemies":"Time Eater","floor":51.0,"turns":4.0},{"damage":102,"enemies":"Shield and Spear","floor":55,"turns":3}],"seed_played":"-8680490178580401889","potions_obtained":[{"floor":1.0,"key":"Swift Potion"},{"floor":7.0,"key":"FairyPotion"},{"floor":24.0,"key":"Strength Potion"},{"floor":27.0,"key":"Block Potion"},{"floor":31.0,"key":"LiquidBronze"},{"floor":38.0,"key":"LiquidBronze"},{"floor":41.0,"key":"Block Potion"},{"floor":44.0,"key":"GamblersBrew"}],"is_trial":false,"path_per_floor":["M","?","$","T","$","R","E","R","T","E","?","M","M","M","R","M","?","$","?","$","R","E","R","T","M","$","E","M","R","B","M","$","M","?","?","M","R","$","M","R","E","R","B","B",null,"R","$"],"character_chosen":"THE_SILENT","items_purchased":["Apotheosis","Catalyst","Catalyst","Leg Sweep+1","FairyPotion"],"campfire_rested":3,"item_purchase_floors":[3,20,28,36,54],"current_hp_per_floor":[59,59,59,59,59,59,61,61,61,63,63,65,66,66,66,51,62,63,42,42,42,42,42,42,42,42,34,34,34,36,38,60,29,64,66,66,68,70,70,2,7,29,29,31,31,33,55,57,57,51,53,70,70,70,0],"gold":28,"neow_bonus":"THREE_ENEMY_KILL","is_prod":false,"is_daily":false,"chose_seed":false,"campfire_upgraded":6,"win_rate":0,"timestamp":1546179514,"path_taken":["M","?","$","?","$","R","E","R","T","E","?","M","M","M","R","BOSS","M","?","$","?","?","R","E","R","T","M","$","?","E","?","R","BOSS","M","$","M","?","?","E","M","R","T","M","$","?","R","E","R","BOSS","BOSS","R","$","E"],"build_version":"2018-12-25","purchased_purges":4,"victory":false,"max_hp_per_floor":[66,66,66,66,66,66,66,66,66,66,66,66,66,66,66,66,66,66,66,66,66,66,66,76,76,76,76,76,76,76,76,76,76,76,76,76,76,76,76,76,76,76,76,76,76,76,76,76,76,76,76,76,76,76,76],"card_choices":[{"not_picked":["Poisoned Stab","Reflex","Choke"],"picked":"SKIP","floor":1.0},{"not_picked":["Slice","Accuracy"],"picked":"Masterful Stab","floor":7.0},{"not_picked":["Escape Plan","Concentrate"],"picked":"Noxious Fumes","floor":10.0},{"not_picked":["Dagger Spray","Expertise","Slice"],"picked":"SKIP","floor":12.0},{"not_picked":["PiercingWail","Eviscerate"],"picked":"Bane","floor":13.0},{"not_picked":["Backstab","Deflect","Sucker Punch"],"picked":"SKIP","floor":14.0},{"not_picked":["Burst","A Thousand Cuts"],"picked":"Bullet Time","floor":16.0},{"not_picked":["Sucker Punch","Crippling Poison","Finisher"],"picked":"SKIP","floor":18.0},{"not_picked":["Predator","Blade Dance","Dagger Throw"],"picked":"SKIP","floor":24.0},{"not_picked":["Blade Dance","Quick Slash+1"],"picked":"Acrobatics+1","floor":27.0},{"not_picked":["Envenom","Underhanded Strike+1"],"picked":"Deadly Poison","floor":30.0},{"not_picked":["Flechettes","Underhanded Strike","Riddle With Holes"],"picked":"SKIP","floor":31.0},{"not_picked":["Glass Knife","Bullet Time+1"],"picked":"Corpse Explosion+1","floor":33.0},{"not_picked":["Poisoned Stab","Outmaneuver+1","Prepared+1"],"picked":"SKIP","floor":35.0},{"not_picked":["Poisoned Stab","Outmaneuver+1","Prepared+1"],"picked":"SKIP","floor":35.0},{"not_picked":["Bouncing Flask+1","Acrobatics+1"],"picked":"Footwork+1","floor":37.0},{"not_picked":["Calculated Gamble+1","Catalyst+1"],"picked":"Acrobatics+1","floor":40.0},{"not_picked":["Flechettes","Blur+1"],"picked":"Backflip+1","floor":41.0},{"not_picked":["Eviscerate","Cloak And Dagger+1","Reflex+1"],"picked":"SKIP","floor":44.0},{"not_picked":["Prepared+1","A Thousand Cuts"],"picked":"Catalyst+1","floor":46.0},{"not_picked":["Sucker Punch","Poisoned Stab","Dagger Throw"],"picked":"SKIP","floor":48.0}],"player_experience":649921,"relics_obtained":[{"floor":4.0,"key":"Blood Vial"},{"floor":7.0,"key":"Boot"},{"floor":9.0,"key":"Pen Nib"},{"floor":10.0,"key":"Whetstone"},{"floor":19.0,"key":"Nilry\u0027s Codex"},{"floor":24.0,"key":"Pear"},{"floor":26.0,"key":"FossilizedHelix"},{"floor":30.0,"key":"Toxic Egg 2"},{"floor":38.0,"key":"Calipers"},{"floor":40.0,"key":"Art of War"},{"floor":48.0,"key":"Vajra"}],"event_choices":[{"damage_healed":0.0,"max_hp_gain":0.0,"max_hp_loss":0.0,"gold_gain":275.0,"event_name":"Golden Shrine","player_choice":"Desecrate","floor":2.0,"gold_loss":0.0,"damage_taken":0.0,"cards_obtained":["Regret"]},{"damage_healed":0.0,"max_hp_gain":0.0,"max_hp_loss":0.0,"gold_gain":0.0,"event_name":"Accursed Blacksmith","player_choice":"Forge","floor":11.0,"gold_loss":0.0,"damage_taken":0.0,"cards_upgraded":["Noxious Fumes"]},{"damage_healed":0.0,"max_hp_gain":0.0,"max_hp_loss":0.0,"gold_gain":0.0,"event_name":"Cursed Tome","player_choice":"Obtained Book","floor":19.0,"gold_loss":0.0,"damage_taken":21.0},{"cards_removed":["Strike_G"],"damage_healed":0.0,"max_hp_gain":0.0,"max_hp_loss":0.0,"gold_gain":0.0,"event_name":"Back to Basics","player_choice":"Elegance","floor":21.0,"gold_loss":0.0,"damage_taken":0.0},{"damage_healed":0.0,"max_hp_gain":0.0,"max_hp_loss":0.0,"gold_gain":0.0,"event_name":"Drug Dealer","player_choice":"Inject Mutagens","floor":29.0,"gold_loss":0.0,"damage_taken":0.0,"relics_obtained":["MutagenicStrength"]},{"damage_healed":0.0,"max_hp_gain":0.0,"max_hp_loss":0.0,"gold_gain":0.0,"event_name":"MindBloom","player_choice":"Fight","floor":38.0,"gold_loss":0.0,"damage_taken":0.0},{"damage_healed":0.0,"max_hp_gain":0.0,"max_hp_loss":0.0,"gold_gain":0.0,"event_name":"SecretPortal","player_choice":"Ignored","floor":39.0,"gold_loss":0.0,"damage_taken":0.0}],"is_beta":true,"boss_relics":[{"not_picked":["Cursed Key","Pandora\u0027s Box"],"picked":"Astrolabe"},{"not_picked":["WristBlade","Calling Bell"],"picked":"Philosopher\u0027s Stone"}],"items_purged_floors":[3,5,20,45],"is_endless":false,"potions_floor_spawned":[1,7,13,24,27,31,38,41,44,48],"killed_by":"Shield and Spear","ascension_level":20}