{"gold_per_floor":[116,191,206,206,32,32,59,59,89,104,138,152,152,170,170,247,247,259,271,285,302,65,65,91,15,38,50,74,99,111,123],"floor_reached":31,"playtime":1716,"items_purged":["Strike_B","Strike_B"],"score":584,"play_id":"b3d6e258-c4f3-476b-841b-1ca2853c77aa","local_time":"20190124175004","is_ascension_mode":true,"campfire_choices":[{"data":"Dualcast","floor":6.0,"key":"SMITH"},{"data":"Zap","floor":8.0,"key":"SMITH"},{"data":"Genetic Algorithm","floor":13.0,"key":"SMITH"},{"data":"Barrage","floor":15.0,"key":"SMITH"},{"floor":23.0,"key":"REST"},{"floor":27.0,"key":"REST"},{"data":"Darkness","floor":30,"key":"SMITH"}],"neow_cost":"NONE","seed_source_timestamp":1684904229368,"circlet_count":0,"master_deck":["AscendersBane","Strike_B","Strike_B","Defend_B","Defend_B","Defend_B","Defend_B","Zap+1","Dualcast+1","Glacier","Trip","Capacitor","Skim","Barrage+1","Genetic Algorithm+1","Reinforced Body","Echo Form","Darkness+1","Redo","Coolheaded","PanicButton","Rainbow","Self Repair"],"special_seed":0,"relics":["Cracked Core","NeowsBlessing","Happy Flower","Tiny Chest","Strawberry","Velvet Choker","PreservedInsect","MawBank"],"potions_floor_usage":[29],"damage_taken":[{"damage":0.0,"enemies":"Small Slimes","floor":1.0,"turns":1.0},{"damage":0.0,"enemies":"Jaw Worm","floor":3.0,"turns":1.0},{"damage":0.0,"enemies":"3 Sentries","floor":7.0,"turns":1.0},{"damage":0.0,"enemies":"Cultist","floor":10.0,"turns":4.0},{"damage":16.0,"enemies":"Lagavulin","floor":11.0,"turns":7.0},{"damage":14.0,"enemies":"Lots of Slimes","floor":12.0,"turns":6.0},{"damage":5.0,"enemies":"Looter","floor":14.0,"turns":2.0},{"damage":21.0,"enemies":"The Guardian","floor":16.0,"turns":12.0},{"damage":16.0,"enemies":"Chosen","floor":18.0,"turns":9.0},{"damage":5.0,"enemies":"Shell Parasite","floor":19.0,"turns":6.0},{"damage":14.0,"enemies":"Snecko","floor":20.0,"turns":8.0},{"damage":14.0,"enemies":"Shelled Parasite and Fungi","floor":21.0,"turns":7.0},{"damage":24.0,"enemies":"Gremlin Leader","floor":24.0,"turns":6.0},{"damage":23.0,"enemies":"Chosen and Byrds","floor":28.0,"turns":9.0},{"damage":13,"enemies":"Centurion and Healer","floor":29,"turns":7},{"damage":18,"enemies":"Snecko","floor":31,"turns":2}],"seed_played":"7107185186106138016","potions_obtained":[{"floor":7.0,"key":"FocusPotion"},{"floor":10.0,"key":"Strength Potion"},{"floor":18.0,"key":"PowerPotion"},{"floor":28.0,"key":"Poison Potion"}],"is_trial":false,"path_per_floor":["M","?","M","?","$","R","E","R","T","M","E","M","R","M","R","B",null,"M","M","M","M","$","R","E","$","T","R","M","M","R","M"],"character_chosen":"DEFECT","items_purchased":["Trip","Coolheaded","PanicButton","Self Repair"],"campfire_rested":2,"item_purchase_floors":[5,22,22,25],"current_hp_per_floor":[64,53,53,58,58,58,58,58,58,58,49,35,35,30,30,9,65,49,44,30,16,16,40,16,16,16,40,24,18,18,0],"gold":123,"neow_bonus":"THREE_ENEMY_KILL","is_prod":false,"is_daily":false,"chose_seed":false,"campfire_upgraded":5,"win_rate":0,"timestamp":1548323404,"path_taken":["M","?","M","?","?","R","E","R","T","M","E","?","R","M","R","BOSS","M","M","?","M","$","R","E","$","T","R","M","M","R","M"],"build_version":"2019-01-23","purchased_purges":2,"victory":false,"max_hp_per_floor":[71,71,71,76,76,76,76,76,76,76,83,83,83,83,83,83,83,83,83,83,83,83,83,83,83,83,83,83,83,83,83],"card_choices":[{"not_picked":["Turbo","Storm","Rebound"],"picked":"SKIP","floor":1.0},{"not_picked":["Redo","Go for the Eyes"],"picked":"Glacier","floor":3.0},{"not_picked":["Cold Snap","Reinforced Body"],"picked":"Capacitor","floor":7.0},{"not_picked":["Fusion","Reinforced Body"],"picked":"Skim","floor":10.0},{"not_picked":["Turbo","Lockon"],"picked":"Barrage","floor":11.0},{"not_picked":["Beam Cell","Steam"],"picked":"Genetic Algorithm","floor":12.0},{"not_picked":["Ball Lightning","Lockon"],"picked":"Reinforced Body","floor":14.0},{"not_picked":["Seek","Multi-Cast"],"picked":"Echo Form","floor":16.0},{"not_picked":["Turbo","Chill+1"],"picked":"Darkness","floor":18.0},{"not_picked":["Doom and Gloom","Storm","Hello World"],"picked":"SKIP","floor":19.0},{"not_picked":["Steam+1","Doom and Gloom","Scrape"],"picked":"SKIP","floor":20.0},{"not_picked":["Tempest","Rebound"],"picked":"Redo","floor":21.0},{"not_picked":["Rainbow","Compile Driver","Go for the Eyes"],"picked":"SKIP","floor":24.0},{"not_picked":["Compile Driver","Go for the Eyes"],"picked":"Rainbow","floor":24.0},{"not_picked":["Gash","Beam Cell","Barrage"],"picked":"SKIP","floor":28.0},{"not_picked":["Steam Power+1","Fusion","Lockon"],"picked":"SKIP","floor":29},{"not_picked":["Steam Power+1","Fusion","Lockon"],"picked":"SKIP","floor":29}],"player_experience":683919,"relics_obtained":[{"floor":7.0,"key":"Happy Flower"},{"floor":9.0,"key":"Tiny Chest"},{"floor":11.0,"key":"Strawberry"},{"floor":24.0,"key":"PreservedInsect"},{"floor":26.0,"key":"MawBank"}],"event_choices":[{"damage_healed":0.0,"max_hp_gain":0.0,"max_hp_loss":0.0,"gold_gain":75.0,"event_name":"World of Goop","player_choice":"Gather Gold","floor":2.0,"gold_loss":0.0,"damage_taken":11.0},{"damage_healed":0.0,"max_hp_gain":5.0,"max_hp_loss":0.0,"gold_gain":0.0,"event_name":"Big Fish","player_choice":"Donut","floor":4.0,"gold_loss":0.0,"damage_taken":0.0}],"is_beta":true,"boss_relics":[{"not_picked":["Lizard Tail","Runic Dome"],"picked":"Velvet Choker"}],"items_purged_floors":[5,22],"is_endless":false,"potions_floor_spawned":[7,10,14,18,21,28],"killed_by":"Snecko","ascension_level":20}