{"gold_per_floor":[111,128,128,128,53,81,81,98,152,152,19,45,62,90,102,114],"floor_reached":16,"playtime":808,"items_purged":["Strike_B"],"score":266,"play_id":"23a8b789-33b0-4e87-adfc-8053be04ef32","local_time":"20190214163652","is_ascension_mode":true,"campfire_choices":[{"data":"Streamline","floor":7,"key":"SMITH"},{"data":"Dualcast","floor":10,"key":"SMITH"},{"data":"Beam Cell","floor":15,"key":"SMITH"}],"neow_cost":"NONE","seed_source_timestamp":1439090417154,"circlet_count":0,"master_deck":["AscendersBane","Strike_B","Strike_B","Defend_B","Defend_B","Defend_B","Defend_B","Zap","Dualcast+1","Streamline+1","Conserve Battery","Glacier","Genetic Algorithm","Beam Cell+1"],"relics":["Cracked Core","NeowsBlessing","Anchor","Bag of Preparation","Odd Mushroom","MawBank"],"potions_floor_usage":[14],"damage_taken":[{"damage":0,"enemies":"Small Slimes","floor":1,"turns":1},{"damage":0,"enemies":"Jaw Worm","floor":2,"turns":1},{"damage":0,"enemies":"3 Sentries","floor":6,"turns":1},{"damage":1,"enemies":"Cultist","floor":8,"turns":3},{"damage":7,"enemies":"The Mushroom Lair","floor":12,"turns":6},{"damage":0,"enemies":"3 Louse","floor":13,"turns":5},{"damage":3,"enemies":"Gremlin Nob","floor":14,"turns":4},{"damage":52,"enemies":"Hexaghost","floor":16,"turns":10}],"seed_played":"-1951067540738419937","potions_obtained":[{"floor":1,"key":"Poison Potion"},{"floor":6,"key":"Explosive Potion"},{"floor":14,"key":"Ancient Potion"}],"is_trial":false,"path_per_floor":["M","M","?","?","$","E","R","M","T","R","$","?","M","E","R","B"],"character_chosen":"DEFECT","items_purchased":["Glacier","Block Potion"],"campfire_rested":0,"item_purchase_floors":[11,11],"current_hp_per_floor":[64,64,57,62,62,62,62,61,61,61,61,54,54,51,51,0],"gold":114,"neow_bonus":"THREE_ENEMY_KILL","is_prod":false,"is_daily":false,"chose_seed":false,"campfire_upgraded":3,"win_rate":0,"timestamp":1550133412,"path_taken":["M","M","?","?","$","E","R","M","T","R","$","?","?","E","R","BOSS"],"build_version":"2019-02-06","purchased_purges":1,"victory":false,"max_hp_per_floor":[71,71,71,76,76,76,76,76,76,76,76,76,76,76,76,76],"card_choices":[{"not_picked":["Steam Power","Go for the Eyes"],"picked":"Streamline","floor":1},{"not_picked":["Force Field","Doom and Gloom"],"picked":"Conserve Battery","floor":2},{"not_picked":["Lockon","Stack","Compile Driver"],"picked":"SKIP","floor":6},{"not_picked":["Stack","Storm","Coolheaded"],"picked":"SKIP","floor":8},{"not_picked":["Ball Lightning","Streamline"],"picked":"Genetic Algorithm","floor":13},{"not_picked":["Multi-Cast","Conserve Battery"],"picked":"Beam Cell","floor":14}],"player_experience":788703,"relics_obtained":[{"floor":6,"key":"Anchor"},{"floor":9,"key":"Bag of Preparation"},{"floor":12,"key":"Odd Mushroom"},{"floor":14,"key":"MawBank"}],"event_choices":[{"cards_removed":["Strike_B"],"damage_healed":0,"gold_gain":0,"player_choice":"Card Removal","damage_taken":7,"max_hp_gain":0,"max_hp_loss":0,"event_name":"Golden Wing","floor":3,"gold_loss":0},{"damage_healed":0,"gold_gain":0,"player_choice":"Donut","damage_taken":0,"max_hp_gain":5,"max_hp_loss":0,"event_name":"Big Fish","floor":4,"gold_loss":0},{"damage_healed":0,"gold_gain":0,"player_choice":"Fought Mushrooms","damage_taken":0,"max_hp_gain":0,"max_hp_loss":0,"event_name":"Mushrooms","floor":12,"gold_loss":0}],"is_beta":true,"boss_relics":[],"items_purged_floors":[5],"is_endless":false,"potions_floor_spawned":[1,6,14],"killed_by":"Hexaghost","ascension_level":20}