{"gold_per_floor":[110,125,125,30,230,257,274,82,109,239,239,308,308,328,328,328],"floor_reached":16,"playtime":459,"items_purged":["Doubt"],"score":244,"play_id":"56b17914-8fc2-4ac0-bdfe-cd0ef4471f8b","local_time":"20180915211434","is_ascension_mode":true,"campfire_choices":[{"data":"Zap","floor":11.0,"key":"SMITH"},{"data":"Redo","floor":13.0,"key":"SMITH"},{"data":"Fusion","floor":15.0,"key":"SMITH"}],"neow_cost":"NONE","seed_source_timestamp":38386531343767,"circlet_count":0,"master_deck":["Strike_B","Strike_B","Strike_B","Strike_B","Defend_B","Defend_B","Defend_B","Defend_B","Zap+1","Dualcast","AscendersBane","Consume","Genetic Algorithm","Self Repair","Redo+1","Melter","Steam","Glacier","Leap","Echo Form","Fusion+1"],"special_seed":0,"relics":["Cracked Core","NeowsBlessing","SsserpentHead","Strawberry","Lantern","The Courier"],"potions_floor_usage":[16],"damage_taken":[{"damage":0.0,"enemies":"Cultist","floor":1.0,"turns":1.0},{"damage":0.0,"enemies":"Jaw Worm","floor":2.0,"turns":1.0},{"damage":0.0,"enemies":"Lagavulin","floor":6.0,"turns":1.0},{"damage":8.0,"enemies":"Small Slimes","floor":7.0,"turns":3.0},{"damage":0.0,"enemies":"Looter","floor":12.0,"turns":4.0},{"damage":8.0,"enemies":"Blue Slaver","floor":14.0,"turns":4.0},{"damage":80,"enemies":"Hexaghost","floor":16,"turns":12}],"seed_played":"-2809146513296758857","potions_obtained":[{"floor":1.0,"key":"FearPotion"},{"floor":2.0,"key":"FearPotion"}],"is_trial":false,"path_per_floor":["M","M","?","$","?","E","M","$","T","T","R","M","R","M","R"],"character_chosen":"DEFECT","items_purchased":["Self Repair","Redo","Glacier","Leap"],"campfire_rested":0,"item_purchase_floors":[4,4,8,8],"current_hp_per_floor":[64,64,64,64,64,78,70,70,70,70,70,77,77,76,76,0],"gold":328,"neow_bonus":"THREE_ENEMY_KILL","is_prod":false,"is_daily":false,"chose_seed":false,"campfire_upgraded":3,"win_rate":0,"timestamp":1537017274,"path_taken":["M","?","?","$","?","E","M","$","T","?","R","?","R","M","R","BOSS"],"build_version":"2018-09-12","purchased_purges":1,"victory":false,"max_hp_per_floor":[71,71,71,71,71,78,78,78,78,78,78,78,78,78,78,78],"card_choices":[{"not_picked":["Skim","Gash"],"picked":"Consume","floor":1.0},{"not_picked":["Hello World","Gash"],"picked":"Genetic Algorithm","floor":2.0},{"not_picked":["Turbo","Coolheaded"],"picked":"Melter","floor":6.0},{"not_picked":["Conserve Battery","Turbo"],"picked":"Steam","floor":7.0},{"not_picked":["Darkness","Barrage"],"picked":"Echo Form","floor":12.0},{"not_picked":["Rebound","Hello World"],"picked":"Fusion","floor":14.0}],"player_experience":343141,"relics_obtained":[{"floor":6.0,"key":"Strawberry"},{"floor":9.0,"key":"Lantern"},{"floor":10.0,"key":"The Courier"}],"event_choices":[{"event_name":"FaceTrader","player_choice":"Trade","floor":3.0,"damage_taken":0.0},{"event_name":"Liars Game","player_choice":"agreed","floor":5.0,"damage_taken":0.0}],"is_beta":true,"boss_relics":[],"items_purged_floors":[8],"is_endless":false,"potions_floor_spawned":[1,2,7,12],"killed_by":"Hexaghost","ascension_level":19}