{"gold_per_floor":[114,126,126,126,144,144,179,203,203,238,132,153,128,144,144,269,332,348,348,348,363,373,373,383,393,393,393,393,413,427,438,438,438],"floor_reached":33,"playtime":1714,"items_purged":[],"score":313,"play_id":"9bf49bd5-efdf-475b-ba62-d0c488978957","local_time":"20180721224602","is_ascension_mode":false,"campfire_choices":[{"floor":6.0,"key":"REST"},{"data":"Noxious Fumes","floor":15.0,"key":"SMITH"},{"data":"Riddle With Holes","floor":23.0,"key":"SMITH"},{"floor":28.0,"key":"REST"},{"floor":32.0,"key":"REST"}],"neow_cost":"NONE","seed_source_timestamp":0,"circlet_count":0,"master_deck":["Defend_G","Defend_G","Defend_G","Defend_G","Defend_G","Strike_G","Strike_G","Strike_G","Strike_G","Survivor","Neutralize","Noxious Fumes","Dagger Spray+1","Blur","Bane","PiercingWail","Bane","Accuracy","Endless Agony","Footwork","Footwork","Poisoned Stab","Noxious Fumes+1","Cloak And Dagger","Well Laid Plans","Prepared","Dagger Spray","Deadly Poison","Corpse Explosion","Blade Dance","Outmaneuver+1","Underhanded Strike+1","Riddle With Holes+1","Flying Knee","Slice+1","Bouncing Flask","Bullet Time","Crippling Poison+1"],"special_seed":0,"relics":["Orrery","Bloody Idol","Vajra","Orichalcum","Pear","Tiny House","Torii"],"potions_floor_usage":[33],"damage_taken":[{"damage":9.0,"enemies":"2 Louse","floor":1.0,"turns":2.0},{"damage":3.0,"enemies":"Jaw Worm","floor":2.0,"turns":4.0},{"damage":2.0,"enemies":"Small Slimes","floor":5.0,"turns":4.0},{"damage":11.0,"enemies":"Gremlin Nob","floor":7.0,"turns":4.0},{"damage":7.0,"enemies":"2 Fungi Beasts","floor":8.0,"turns":4.0},{"damage":12.0,"enemies":"3 Sentries","floor":10.0,"turns":5.0},{"damage":0.0,"enemies":"Exordium Wildlife","floor":12.0,"turns":3.0},{"damage":0.0,"enemies":"3 Louse","floor":14.0,"turns":1.0},{"damage":29.0,"enemies":"The Guardian","floor":16.0,"turns":9.0},{"damage":4.0,"enemies":"Chosen","floor":18.0,"turns":5.0},{"damage":27.0,"enemies":"2 Thieves","floor":21.0,"turns":5.0},{"damage":7.0,"enemies":"Snecko","floor":22.0,"turns":5.0},{"damage":34.0,"enemies":"Cultist and Chosen","floor":24.0,"turns":6.0},{"damage":20.0,"enemies":"Centurion and Healer","floor":25.0,"turns":3.0},{"damage":19.0,"enemies":"Sentry and Sphere","floor":29.0,"turns":5.0},{"damage":7.0,"enemies":"3 Cultists","floor":30.0,"turns":3.0},{"damage":17.0,"enemies":"Snake Plant","floor":31.0,"turns":5.0},{"damage":51,"enemies":"Champ","floor":33,"turns":10}],"seed_played":"5394619055687735854","potions_obtained":[{"floor":2.0,"key":"SteroidPotion"},{"floor":5.0,"key":"Explosive Potion"},{"floor":7.0,"key":"Explosive Potion"},{"floor":14.0,"key":"Explosive Potion"},{"floor":16.0,"key":"Ancient Potion"},{"floor":17.0,"key":"Fire Potion"},{"floor":25.0,"key":"Block Potion"},{"floor":31.0,"key":"SmokeBomb"}],"is_trial":false,"path_per_floor":["M","M","?","?","M","R","E","M","T","E","$","M","$","M","R","B",null,"M","?","?","M","M","R","M","M","T","?","R","M","M","M","R"],"character_chosen":"THE_SILENT","items_purchased":["Cloak And Dagger","Well Laid Plans","Dagger Spray"],"campfire_rested":3,"item_purchase_floors":[11,11,13],"current_hp_per_floor":[61,58,58,41,39,60,49,42,42,40,40,40,40,40,40,11,85,81,81,81,64,62,62,33,18,18,18,43,29,27,15,40,0],"gold":438,"neow_bonus":"BOSS_RELIC","is_prod":false,"is_daily":false,"chose_seed":false,"campfire_upgraded":2,"win_rate":0,"timestamp":1532184362,"path_taken":["M","M","?","?","M","R","E","M","T","E","$","M","?","M","R","BOSS","M","?","?","?","M","R","M","M","T","?","R","M","M","M","R","BOSS"],"build_version":"2018-07-19v2","purchased_purges":0,"victory":false,"max_hp_per_floor":[70,70,70,70,70,70,70,70,70,80,80,80,80,80,80,80,85,85,85,85,85,85,85,85,85,85,85,85,85,85,85,85,85],"card_choices":[{"not_picked":["Backflip","Cloak And Dagger"],"picked":"Noxious Fumes","floor":0.0},{"not_picked":["Cloak And Dagger","PiercingWail"],"picked":"Dagger Spray","floor":0.0},{"not_picked":["Prepared","Deflect"],"picked":"Blur","floor":0.0},{"not_picked":["Deflect","Reflex"],"picked":"Bane","floor":0.0},{"not_picked":["Cloak And Dagger","Backstab"],"picked":"PiercingWail","floor":0.0},{"not_picked":["Bullet Time","Sucker Punch"],"picked":"Bane","floor":1.0},{"not_picked":["Sucker Punch","Prepared"],"picked":"Accuracy","floor":2.0},{"not_picked":["Accuracy","Bane"],"picked":"Footwork","floor":5.0},{"not_picked":["Finisher","PiercingWail"],"picked":"Footwork","floor":7.0},{"not_picked":["Riddle With Holes","Dagger Spray"],"picked":"Poisoned Stab","floor":8.0},{"not_picked":["Storm of Steel","Expertise"],"picked":"Noxious Fumes","floor":10.0},{"not_picked":["Eviscerate","Bane"],"picked":"Prepared","floor":12.0},{"not_picked":["Blur","Riddle With Holes"],"picked":"Deadly Poison","floor":14.0},{"not_picked":["Storm of Steel","Doppelganger"],"picked":"Corpse Explosion","floor":16.0},{"not_picked":["Underhanded Strike","PiercingWail"],"picked":"Blade Dance","floor":17.0},{"not_picked":["Terror","Acrobatics"],"picked":"Outmaneuver","floor":18.0},{"not_picked":["Distraction+1","Outmaneuver"],"picked":"Underhanded Strike+1","floor":21.0},{"not_picked":["Prepared","Underhanded Strike+1"],"picked":"Riddle With Holes","floor":22.0},{"not_picked":["Underhanded Strike","Accuracy+1"],"picked":"Flying Knee","floor":24.0},{"not_picked":["Underhanded Strike","Dagger Throw"],"picked":"Slice+1","floor":25.0},{"not_picked":["Well Laid Plans","Cloak And Dagger"],"picked":"Bouncing Flask","floor":29.0},{"not_picked":["Outmaneuver","Noxious Fumes"],"picked":"Bullet Time","floor":30.0},{"not_picked":["Underhanded Strike","Riddle With Holes"],"picked":"Crippling Poison+1","floor":31.0}],"player_experience":143547,"relics_obtained":[{"floor":7.0,"key":"Vajra"},{"floor":9.0,"key":"Orichalcum"},{"floor":10.0,"key":"Pear"},{"floor":26.0,"key":"Torii"}],"event_choices":[{"event_name":"Living Wall","player_choice":"Change","floor":3.0,"damage_taken":0.0},{"event_name":"Golden Idol","player_choice":"Take Damage","floor":4.0,"damage_taken":0.0},{"event_name":"Forgotten Altar","player_choice":"Gave Idol","floor":19.0,"damage_taken":0.0},{"event_name":"Accursed Blacksmith","player_choice":"Forge","floor":20.0,"damage_taken":0.0},{"event_name":"Cursed Tome","player_choice":"Ignored","floor":27.0,"damage_taken":0.0}],"is_beta":false,"boss_relics":[{"not_picked":["Empty Cage","Fusion Hammer"],"picked":"Tiny House"}],"items_purged_floors":[],"is_endless":false,"potions_floor_spawned":[2,5,7,14,16,18,21,25,31],"killed_by":"Champ","ascension_level":0}