{"gold_per_floor":[15,33,33,33,51,51,51,68,68,31,31],"floor_reached":11,"playtime":474,"items_purged":[],"score":126,"play_id":"d2b133af-3822-46a2-a7ba-8439a8e6ac1f","local_time":"20181208185812","is_ascension_mode":true,"campfire_choices":[{"data":"Defragment","floor":6.0,"key":"SMITH"}],"neow_cost":"NO_GOLD","seed_source_timestamp":37971073438557,"circlet_count":0,"master_deck":["AscendersBane","Strike_B","Strike_B","Strike_B","Defend_B","Defend_B","Defend_B","Defend_B","Zap","Dualcast","Bandage Up","Thinking Ahead","Defragment+1","Reinforced Body","Pain","Rainbow","Hello World"],"special_seed":0,"relics":["Cracked Core","WarpedTongs","Letter Opener"],"potions_floor_usage":[11],"damage_taken":[{"damage":15.0,"enemies":"Small Slimes","floor":1.0,"turns":4.0},{"damage":15.0,"enemies":"2 Louse","floor":2.0,"turns":3.0},{"damage":6.0,"enemies":"Cultist","floor":5.0,"turns":4.0},{"damage":35,"enemies":"Large Slime","floor":8,"turns":6},{"damage":35,"enemies":"Gremlin Nob","floor":11,"turns":3}],"seed_played":"1061425617355117269","potions_obtained":[{"floor":2.0,"key":"PowerPotion"}],"is_trial":false,"path_per_floor":["M","M","?","?","M","R","?","M","T","$","E"],"character_chosen":"DEFECT","items_purchased":["Hello World"],"campfire_rested":0,"item_purchase_floors":[10],"current_hp_per_floor":[53,42,42,42,40,40,40,9,9,9,0],"gold":31,"neow_bonus":"RANDOM_COLORLESS_2","is_prod":false,"is_daily":false,"chose_seed":false,"campfire_upgraded":1,"win_rate":0,"timestamp":1544266692,"path_taken":["M","M","?","?","?","R","?","M","T","$","E"],"build_version":"2018-12-06","purchased_purges":0,"victory":false,"max_hp_per_floor":[71,71,71,71,71,71,71,71,71,71,71],"card_choices":[{"not_picked":["Hologram","Steam","Coolheaded"],"picked":"SKIP","floor":1.0},{"not_picked":["Sweeping Beam","FTL"],"picked":"Defragment","floor":2.0},{"not_picked":["Lockon","Turbo"],"picked":"Reinforced Body","floor":5.0},{"not_picked":["Force Field","Cold Snap"],"picked":"Rainbow","floor":8}],"player_experience":599294,"relics_obtained":[{"floor":9,"key":"Letter Opener"}],"event_choices":[{"damage_healed":0.0,"max_hp_gain":0.0,"max_hp_loss":0.0,"gold_gain":0.0,"event_name":"Liars Game","player_choice":"Ignored","floor":3.0,"gold_loss":0.0,"damage_taken":0.0},{"cards_removed":["Strike_B"],"damage_healed":0.0,"max_hp_gain":0.0,"max_hp_loss":0.0,"gold_gain":0.0,"event_name":"Bonfire Elementals","player_choice":"Offered Basic","floor":4.0,"gold_loss":0.0,"damage_taken":0.0},{"damage_healed":0,"gold_gain":0,"player_choice":"Rummage","damage_taken":0,"relics_obtained":["WarpedTongs"],"max_hp_gain":0,"max_hp_loss":0,"event_name":"Accursed Blacksmith","floor":7,"gold_loss":0,"cards_obtained":["Pain"]}],"is_beta":true,"boss_relics":[],"items_purged_floors":[],"is_endless":false,"potions_floor_spawned":[2],"killed_by":"Gremlin Nob","ascension_level":20}