{"gold_per_floor":[110,110,17,30,3,3,34,34,58,90,90,120,120,140,140,239,239,257,273,273,372,372,372,404,404,455,455,472,507,507,518,518,623,623,633,701,701,754,802,802],"floor_reached":40,"playtime":1798,"items_purged":[],"score":668,"play_id":"7a51c324-492e-4a76-a89f-d79cd9d44ff8","local_time":"20180801170514","is_ascension_mode":true,"campfire_choices":[{"data":"Dualcast","floor":6.0,"key":"SMITH"},{"data":"Genetic Algorithm","floor":8.0,"key":"SMITH"},{"floor":13.0,"key":"REST"},{"data":"Chaos","floor":15.0,"key":"SMITH"},{"floor":23.0,"key":"REST"},{"data":"Capacitor","floor":25.0,"key":"SMITH"},{"data":"Seek","floor":27.0,"key":"SMITH"},{"data":"Electrodynamics","floor":30.0,"key":"SMITH"},{"data":"Madness","floor":32.0,"key":"SMITH"}],"neow_cost":"NONE","seed_source_timestamp":0,"circlet_count":0,"master_deck":["Strike_B","Strike_B","Strike_B","Strike_B","Defend_B","Defend_B","Defend_B","Defend_B","Zap","Dualcast+1","Ball Lightning","Sunder","Go for the Eyes","Genetic Algorithm+1","Beam Cell","Consume","Chaos+1","Capacitor+1","Electrodynamics+1","Madness+1","Aggregate","Leap","Seek+1","Hologram","Chaos+1","Consume+1","Barrage","Leap","Stack+1","Machine Learning","Compile Driver+1","Cold Snap+1"],"special_seed":0,"relics":["White Beast Statue","Bird Faced Urn","Vajra","Sundial","Symbiotic Virus","Eternal Feather","Nilry\u0027s Codex","Regal Pillow","Lantern","Question Card","Coffee Dripper","Toxic Egg 2","Incense Burner","Blood Vial"],"potions_floor_usage":[],"damage_taken":[{"damage":6.0,"enemies":"Cultist","floor":1.0,"turns":4.0},{"damage":4.0,"enemies":"Jaw Worm","floor":4.0,"turns":2.0},{"damage":20.0,"enemies":"Gremlin Nob","floor":7.0,"turns":4.0},{"damage":28.0,"enemies":"3 Sentries","floor":10.0,"turns":7.0},{"damage":0.0,"enemies":"Lagavulin","floor":12.0,"turns":5.0},{"damage":0.0,"enemies":"2 Louse","floor":14.0,"turns":2.0},{"damage":39.0,"enemies":"Hexaghost","floor":16.0,"turns":9.0},{"damage":14.0,"enemies":"Chosen","floor":18.0,"turns":5.0},{"damage":22.0,"enemies":"Spheric Guardian","floor":19.0,"turns":4.0},{"damage":28.0,"enemies":"Slavers","floor":24.0,"turns":6.0},{"damage":5.0,"enemies":"Snecko","floor":28.0,"turns":4.0},{"damage":5.0,"enemies":"Gremlin Leader","floor":29.0,"turns":7.0},{"damage":43.0,"enemies":"Snake Plant","floor":31.0,"turns":4.0},{"damage":45.0,"enemies":"Automaton","floor":33.0,"turns":8.0},{"damage":34.0,"enemies":"Flame Bruiser 1 Orb","floor":35.0,"turns":5.0},{"damage":13.0,"floor":38.0,"turns":5.0},{"damage":33,"enemies":"Nemesis","floor":40,"turns":2}],"seed_played":"1511528316015215756","potions_obtained":[{"floor":1.0,"key":"PowerPotion"},{"floor":2.0,"key":"GamblersBrew"},{"floor":2.0,"key":"Swift Potion"},{"floor":4.0,"key":"Block Potion"},{"floor":7.0,"key":"EssenceOfSteel"},{"floor":10.0,"key":"Block Potion"},{"floor":12.0,"key":"LiquidBronze"},{"floor":14.0,"key":"AttackPotion"},{"floor":16.0,"key":"Poison Potion"},{"floor":18.0,"key":"EssenceOfSteel"},{"floor":24.0,"key":"Poison Potion"},{"floor":28.0,"key":"EssenceOfSteel"},{"floor":29.0,"key":"FocusPotion"},{"floor":31.0,"key":"EssenceOfSteel"},{"floor":33.0,"key":"EssenceOfSteel"},{"floor":35.0,"key":"EssenceOfSteel"},{"floor":38.0,"key":"Ancient Potion"}],"is_trial":false,"path_per_floor":["M","?","$","M","$","R","E","R","T","E","?","E","R","M","R","B",null,"M","M","?","?","?","R","E","R","T","R","M","E","R","M","R","B",null,"M","T","?","?","T"],"character_chosen":"DEFECT","items_purchased":["Sunder","Go for the Eyes","Beam Cell"],"campfire_rested":2,"item_purchase_floors":[3,3,5],"current_hp_per_floor":[62,62,62,58,58,58,38,38,38,10,10,14,36,36,36,1,57,47,25,9,9,9,46,29,44,44,59,60,70,75,34,49,10,59,31,31,31,24,24,0],"gold":802,"neow_bonus":"BOSS_RELIC","is_prod":false,"is_daily":false,"chose_seed":false,"campfire_upgraded":7,"win_rate":0,"timestamp":1533114314,"path_taken":["M","?","$","M","$","R","E","R","T","E","?","E","R","M","R","BOSS","M","M","?","?","?","R","E","R","T","R","M","E","R","M","R","BOSS","M","?","?","?","?","E"],"build_version":"2018-07-26","purchased_purges":0,"victory":false,"max_hp_per_floor":[75,75,75,75,75,75,75,75,75,75,75,75,75,75,75,75,75,75,75,75,75,75,75,75,75,75,75,75,75,75,75,75,75,75,75,75,75,75,75,75],"card_choices":[{"not_picked":["Rip and Tear","Undo"],"picked":"Ball Lightning","floor":1.0},{"not_picked":["Recycle","Beam Cell"],"picked":"Genetic Algorithm","floor":4.0},{"not_picked":["Beam Cell","Rebound"],"picked":"Consume","floor":7.0},{"not_picked":["BootSequence","Ball Lightning"],"picked":"Chaos","floor":10.0},{"not_picked":["Stack","Steam Power"],"picked":"Aggregate","floor":12.0},{"not_picked":["Streamline","Steam"],"picked":"Leap","floor":14.0},{"not_picked":["Creative AI","Electrodynamics"],"picked":"Seek","floor":16.0},{"not_picked":["Redo","Beam Cell"],"picked":"Hologram","floor":18.0},{"not_picked":["Cold Snap","Beam Cell+1"],"picked":"Chaos+1","floor":19.0},{"not_picked":["Sweeping Beam","Steam+1"],"picked":"Consume+1","floor":24.0},{"not_picked":["Heatsinks","Redo"],"picked":"Barrage","floor":28.0},{"not_picked":["Aggregate","Steam"],"picked":"Leap","floor":29.0},{"not_picked":["Rebound","Reprogram","Ball Lightning+1"],"picked":"Stack+1","floor":31.0},{"not_picked":["Hyperbeam","Multi-Cast","Electrodynamics"],"picked":"Machine Learning","floor":33.0},{"not_picked":["Conserve Battery","Genetic Algorithm+1","Recycle"],"picked":"Compile Driver+1","floor":35.0},{"not_picked":["Turbo+1","Compile Driver","Amplify+1"],"picked":"Cold Snap+1","floor":38.0}],"player_experience":198772,"relics_obtained":[{"floor":7.0,"key":"Bird Faced Urn"},{"floor":9.0,"key":"Vajra"},{"floor":10.0,"key":"Sundial"},{"floor":12.0,"key":"Symbiotic Virus"},{"floor":20.0,"key":"Nilry\u0027s Codex"},{"floor":24.0,"key":"Regal Pillow"},{"floor":26.0,"key":"Lantern"},{"floor":29.0,"key":"Question Card"},{"floor":36.0,"key":"Toxic Egg 2"},{"floor":38.0,"key":"Incense Burner"},{"floor":39.0,"key":"Blood Vial"}],"event_choices":[{"event_name":"The Lab","player_choice":"Got Potions","floor":2.0,"damage_taken":0.0},{"event_name":"Match and Keep!","player_choice":"3 cards matched","floor":11.0,"damage_taken":0.0},{"event_name":"Cursed Tome","player_choice":"Obtained Book","floor":20.0,"damage_taken":0.0},{"event_name":"Nest","player_choice":"Stole From Cult","floor":21.0,"damage_taken":0.0},{"event_name":"Drug Dealer","player_choice":"Ignored","floor":22.0,"damage_taken":0.0},{"event_name":"The Moai Head","player_choice":"Ignored","floor":37.0,"damage_taken":0.0},{"event_name":"Mysterious Sphere","player_choice":"Fight","floor":38.0,"damage_taken":0.0}],"is_beta":false,"boss_relics":[{"not_picked":["Sozu","Fusion Hammer"],"picked":"Eternal Feather"},{"not_picked":["Velvet Choker","Philosopher\u0027s Stone"],"picked":"Coffee Dripper"}],"items_purged_floors":[],"is_endless":false,"potions_floor_spawned":[1,4,7,10,12,14,16,18,19,24,28,29,31,33,35,38],"killed_by":"Nemesis","ascension_level":9}