{"gold_per_floor":[117,127,127,302,313,342,361,374,401,401,418,418,418,24,24,125,125,136,153,153,166,166,166,166,7,84,84,110,110,110,210,210,308,358,373,385,385,35,52,83,370,395,407,438,485,497,522,545,557,569],"floor_reached":50,"playtime":2574,"items_purged":["Doubt"],"score":597,"play_id":"c8940ea4-d07c-4037-8680-b28b6286f2d0","local_time":"20190806110639","is_ascension_mode":false,"campfire_choices":[{"floor":10,"key":"REST"},{"data":"Infernal Blade","floor":12,"key":"SMITH"},{"data":"Fiend Fire","floor":15,"key":"SMITH"},{"floor":23,"key":"REST"},{"data":"Uppercut","floor":29,"key":"SMITH"},{"data":"1","floor":32,"key":"LIFT"},{"floor":46,"key":"REST"},{"floor":49,"key":"REST"}],"neow_cost":"NONE","seed_source_timestamp":1216063284761131,"circlet_count":0,"master_deck":["Strike_R+1","Strike_R+1","Strike_R+1","Strike_R+1","Strike_R+1","Defend_R+1","Defend_R+1","Defend_R+1","Defend_R+1","Bash","Infernal Blade+1","Anger","Fiend Fire+1","Clash+1","Spot Weakness+1","Carnage","Carnage+1","Bandage Up+1","Uppercut+1","Headbutt+1","Impervious+1","Clothesline+1","Impervious+1","Calculated Gamble+1","Prepared+1","Regret","Escape Plan+1","Dramatic Entrance","Madness+1","Jack Of All Trades+1","Flash of Steel"],"relics":["Burning Blood","Question Card","Strawberry","Paper Frog","Toxic Egg 2","Pen Nib","Sozu","MutagenicStrength","Sundial","Lantern","Girya","Matryoshka","Tiny House","PrismaticShard","Dream Catcher","MawBank","Ornamental Fan","Pantograph","Blood Vial"],"potions_floor_usage":[7,11,16],"damage_taken":[{"damage":0,"enemies":"Small Slimes","floor":1,"turns":3},{"damage":5,"enemies":"2 Louse","floor":2,"turns":2},{"damage":16,"enemies":"Jaw Worm","floor":5,"turns":5},{"damage":24,"enemies":"Gremlin Nob","floor":6,"turns":4},{"damage":11,"enemies":"3 Louse","floor":7,"turns":4},{"damage":10,"enemies":"Large Slime","floor":8,"turns":5},{"damage":0,"enemies":"Looter","floor":11,"turns":2},{"damage":46,"enemies":"Slime Boss","floor":16,"turns":11},{"damage":22,"enemies":"2 Thieves","floor":18,"turns":4},{"damage":35,"enemies":"3 Byrds","floor":19,"turns":5},{"damage":5,"enemies":"Sentry and Sphere","floor":21,"turns":3},{"damage":15,"enemies":"Book of Stabbing","floor":28,"turns":4},{"damage":9,"enemies":"Colosseum Slavers","floor":31,"turns":3},{"damage":14,"enemies":"Colosseum Nobs","floor":31,"turns":3},{"damage":58,"enemies":"Champ","floor":33,"turns":8},{"damage":22,"enemies":"3 Darklings","floor":35,"turns":8},{"damage":25,"enemies":"3 Shapes","floor":36,"turns":3},{"damage":10,"enemies":"3 Darklings","floor":39,"turns":5},{"damage":26,"enemies":"Reptomancer","floor":40,"turns":5},{"damage":16,"enemies":"4 Shapes","floor":42,"turns":4},{"damage":2,"enemies":"Transient","floor":44,"turns":5},{"damage":68,"enemies":"Giant Head","floor":45,"turns":8},{"damage":4,"enemies":"Writhing Mass","floor":47,"turns":4},{"damage":1,"enemies":"Jaw Worm Horde","floor":48,"turns":3},{"damage":115,"enemies":"Donu and Deca","floor":50,"turns":8}],"seed_played":"-34479384538892481","potions_obtained":[{"floor":6,"key":"AttackPotion"},{"floor":7,"key":"AttackPotion"},{"floor":11,"key":"Dexterity Potion"}],"is_trial":false,"path_per_floor":["M","M","?","?","M","E","M","M","T","R","M","R","T","$","R","B",null,"M","M","?","M","?","R","?","$","T","?","E","R","$","?","R","B",null,"M","M","?","$","M","E","?","M","T","M","E","R","M","M","R","B"],"character_chosen":"IRONCLAD","items_purchased":["Toxic Egg 2","Pen Nib","Bandage Up+1","PrismaticShard","Dream Catcher"],"campfire_rested":4,"item_purchase_floors":[14,14,25,38,38],"current_hp_per_floor":[88,88,88,88,78,60,55,51,58,86,92,92,92,92,92,52,95,79,50,50,51,32,62,95,95,95,95,91,91,91,92,92,46,105,95,76,76,76,78,64,64,60,60,70,14,45,49,56,87,0],"gold":569,"neow_bonus":"TEN_PERCENT_HP_BONUS","is_prod":false,"is_daily":false,"chose_seed":false,"campfire_upgraded":3,"win_rate":0,"timestamp":1565103999,"path_taken":["M","M","?","?","M","E","M","M","T","R","M","R","?","$","R","BOSS","M","M","?","M","?","R","?","$","T","?","E","R","?","?","R","BOSS","M","M","?","$","M","E","?","M","T","?","E","R","M","M","R","BOSS"],"build_version":"2019-06-28","purchased_purges":1,"victory":false,"max_hp_per_floor":[88,88,88,88,88,88,88,88,95,95,95,95,95,95,95,95,95,95,95,95,95,100,100,100,100,100,100,100,100,100,100,100,100,105,105,105,105,105,105,105,105,105,105,105,105,105,105,105,105,105],"card_choices":[{"not_picked":["Sword Boomerang","Iron Wave"],"picked":"Infernal Blade","floor":1},{"not_picked":["Feel No Pain","True Grit","Demon Form"],"picked":"SKIP","floor":2},{"not_picked":["Thunderclap","Cleave"],"picked":"Inflame","floor":5},{"not_picked":["Heavy Blade","Warcry","Iron Wave"],"picked":"SKIP","floor":6},{"not_picked":["Burning Pact","Hemokinesis","Warcry"],"picked":"Anger","floor":7},{"not_picked":["Feel No Pain","Burning Pact","Clash"],"picked":"Fiend Fire","floor":8},{"not_picked":["Wild Strike","Sword Boomerang","Iron Wave"],"picked":"Clash","floor":11},{"not_picked":["Cleave","Shrug It Off+1","Sentinel+1"],"picked":"Spot Weakness+1","floor":18},{"not_picked":["Clothesline","Cleave","Armaments+1"],"picked":"Carnage","floor":19},{"not_picked":["Pommel Strike","Shrug It Off+1","Clothesline"],"picked":"Carnage+1","floor":21},{"not_picked":["Feel No Pain","Shrug It Off+1","Blood for Blood"],"picked":"Uppercut","floor":28},{"not_picked":["Cleave","Iron Wave","Searing Blow"],"picked":"Headbutt+1","floor":31},{"not_picked":["Fiend Fire","Exhume+1","Brutality"],"picked":"Impervious+1","floor":33},{"not_picked":["Sentinel+1","Heavy Blade","Cleave+1"],"picked":"Clothesline+1","floor":34},{"not_picked":["Sword Boomerang+1","Infernal Blade+1","Perfected Strike"],"picked":"Impervious+1","floor":35},{"not_picked":["Sword Boomerang+1","Rage+1","Armaments+1","True Grit+1"],"picked":"SKIP","floor":36},{"not_picked":["Ball Lightning+1","Dropkick","Thunderclap+1"],"picked":"Calculated Gamble+1","floor":39},{"not_picked":["Streamline+1","Blade Dance+1","Poisoned Stab+1"],"picked":"Prepared+1","floor":40},{"not_picked":["Disarm+1","Doom and Gloom+1","Headbutt"],"picked":"Escape Plan+1","floor":42},{"not_picked":["Genetic Algorithm+1","Dropkick","Compile Driver","Tempest+1"],"picked":"SKIP","floor":44},{"not_picked":["Flechettes","Heel Hook","After Image"],"picked":"Dramatic Entrance","floor":45},{"not_picked":["Intimidate+1","BootSequence+1","Forethought+1"],"picked":"Madness+1","floor":47},{"not_picked":["Infinite Blades","Clothesline+1","Secret Weapon+1"],"picked":"Jack Of All Trades+1","floor":48},{"not_picked":["Melter","Intimidate+1","Expertise+1"],"picked":"Flash of Steel","floor":49}],"player_experience":28695,"relics_obtained":[{"floor":6,"key":"Question Card"},{"floor":9,"key":"Strawberry"},{"floor":13,"key":"Paper Frog"},{"floor":26,"key":"Sundial"},{"floor":28,"key":"Lantern"},{"floor":31,"key":"Girya"},{"floor":31,"key":"Matryoshka"},{"floor":40,"key":"MawBank"},{"floor":43,"key":"Ornamental Fan"},{"floor":43,"key":"Pantograph"},{"floor":45,"key":"Blood Vial"}],"event_choices":[{"damage_healed":0,"gold_gain":0,"player_choice":"Leave","damage_taken":0,"max_hp_gain":0,"max_hp_loss":0,"event_name":"The Cleric","floor":3,"gold_loss":0},{"damage_healed":0,"gold_gain":175,"player_choice":"AGREE","damage_taken":0,"max_hp_gain":0,"max_hp_loss":0,"event_name":"Liars Game","floor":4,"gold_loss":0,"cards_obtained":["Doubt"]},{"damage_healed":0,"gold_gain":0,"player_choice":"Inject Mutagens","damage_taken":0,"relics_obtained":["MutagenicStrength"],"max_hp_gain":0,"max_hp_loss":0,"event_name":"Drug Dealer","floor":20,"gold_loss":0},{"damage_healed":0,"gold_gain":0,"player_choice":"Shed Blood","damage_taken":24,"max_hp_gain":5,"max_hp_loss":0,"event_name":"Forgotten Altar","floor":22,"gold_loss":0},{"damage_healed":33,"gold_gain":0,"player_choice":"Heal","damage_taken":0,"max_hp_gain":0,"max_hp_loss":0,"event_name":"The Library","floor":24,"gold_loss":0},{"damage_healed":0,"gold_gain":0,"player_choice":"Simplicity","damage_taken":0,"max_hp_gain":0,"max_hp_loss":0,"event_name":"Back to Basics","floor":27,"gold_loss":0,"cards_upgraded":["Strike_R","Strike_R","Strike_R","Strike_R","Strike_R","Defend_R","Defend_R","Defend_R","Defend_R"]},{"damage_healed":0,"gold_gain":0,"player_choice":"Fight","damage_taken":0,"max_hp_gain":0,"max_hp_loss":0,"event_name":"Colosseum","floor":31,"gold_loss":0},{"damage_healed":0,"gold_gain":0,"player_choice":"Fought Nobs","damage_taken":0,"max_hp_gain":0,"max_hp_loss":0,"event_name":"Colosseum","floor":31,"gold_loss":0},{"cards_removed":["Inflame"],"damage_healed":0,"gold_gain":0,"player_choice":"Removed Power","damage_taken":0,"max_hp_gain":0,"max_hp_loss":0,"event_name":"Falling","floor":37,"gold_loss":0},{"damage_healed":0,"gold_gain":275,"player_choice":"Desecrate","damage_taken":0,"max_hp_gain":0,"max_hp_loss":0,"event_name":"Golden Shrine","floor":41,"gold_loss":0,"cards_obtained":["Regret"]}],"is_beta":true,"boss_relics":[{"not_picked":["Fusion Hammer","Coffee Dripper"],"picked":"Sozu"},{"not_picked":["Runic Cube","Runic Dome"],"picked":"Tiny House"}],"items_purged_floors":[25],"is_endless":false,"potions_floor_spawned":[6,7,11,31,31,36,40,42,47],"killed_by":"Donu and Deca","ascension_level":0}