{"gold_per_floor":[117,128,53,71,71,71,81,81,106,106,31,31,51,67,67,145,145,160,160,179,198,213,223,223,249,249,249,249,61,71,83,83,156,156,170,170,45,57,68,68,68,68,92,126,136,167,167,182,182,182,182,182,182,10,43,43],"floor_reached":56,"playtime":2543,"items_purged":["Strike_B","Writhe","Defend_B"],"score":1992,"play_id":"b4f731f7-6384-4b47-9da2-780cafec5683","local_time":"20190517185947","is_ascension_mode":true,"campfire_choices":[{"data":"Recycle","floor":6.0,"key":"SMITH"},{"data":"Rainbow","floor":8.0,"key":"SMITH"},{"data":"Coolheaded","floor":12.0,"key":"SMITH"},{"data":"Zap","floor":15.0,"key":"SMITH"},{"data":"Dualcast","floor":24.0,"key":"SMITH"},{"floor":28.0,"key":"REST"},{"data":"Multi-Cast","floor":32.0,"key":"SMITH"},{"data":"Loop","floor":40.0,"key":"SMITH"},{"data":"Turbo","floor":42.0,"key":"SMITH"},{"data":"Electrodynamics","floor":47.0,"key":"SMITH"},{"floor":49.0,"key":"RECALL"},{"floor":53,"key":"REST"}],"neow_cost":"PERCENT_DAMAGE","seed_source_timestamp":0,"circlet_count":0,"master_deck":["AscendersBane","Defend_B","Defend_B","Zap+1","Dualcast+1","Rainbow+1","Recycle+1","Ball Lightning","Coolheaded+1","Biased Cognition+1","Steam+1","Defragment+1","Chill","Glacier+1","Self Repair+1","Undo","Loop+1","Multi-Cast+1","Electrodynamics+1","Turbo+1","Hologram+1","Clumsy"],"special_seed":0,"relics":["Cracked Core","Blood Vial","Cursed Key","Anchor","Pocketwatch","Inserter","PreservedInsect","Omamori","Happy Flower","Lantern"],"potions_floor_usage":[56],"damage_taken":[{"damage":9.0,"enemies":"2 Louse","floor":1.0,"turns":2.0},{"damage":5.0,"enemies":"Small Slimes","floor":2.0,"turns":3.0},{"damage":0.0,"enemies":"Cultist","floor":4.0,"turns":3.0},{"damage":2.0,"enemies":"Blue Slaver","floor":7.0,"turns":3.0},{"damage":0.0,"enemies":"Looter","floor":13.0,"turns":3.0},{"damage":7.0,"enemies":"Lots of Slimes","floor":14.0,"turns":4.0},{"damage":13.0,"enemies":"Hexaghost","floor":16.0,"turns":8.0},{"damage":13.0,"enemies":"Spheric Guardian","floor":18.0,"turns":4.0},{"damage":4.0,"enemies":"Shell Parasite","floor":20.0,"turns":3.0},{"damage":9.0,"enemies":"Sentry and Sphere","floor":21.0,"turns":4.0},{"damage":0.0,"enemies":"3 Cultists","floor":22.0,"turns":4.0},{"damage":2.0,"enemies":"Snecko","floor":23.0,"turns":5.0},{"damage":12.0,"enemies":"Slavers","floor":25.0,"turns":7.0},{"damage":0.0,"enemies":"Shelled Parasite and Fungi","floor":30.0,"turns":4.0},{"damage":0.0,"enemies":"Chosen and Byrds","floor":31.0,"turns":4.0},{"damage":0.0,"enemies":"Champ","floor":33.0,"turns":6.0},{"damage":0.0,"enemies":"3 Shapes","floor":35.0,"turns":3.0},{"damage":0.0,"enemies":"3 Darklings","floor":38.0,"turns":3.0},{"damage":3.0,"enemies":"Jaw Worm Horde","floor":39.0,"turns":2.0},{"damage":11.0,"enemies":"Reptomancer","floor":44.0,"turns":6.0},{"damage":14.0,"enemies":"Sphere and 2 Shapes","floor":45.0,"turns":3.0},{"damage":19.0,"enemies":"Nemesis","floor":46.0,"turns":3.0},{"damage":0.0,"enemies":"3 Darklings","floor":48.0,"turns":3.0},{"damage":33.0,"enemies":"Awakened One","floor":50.0,"turns":10.0},{"damage":0,"enemies":"Time Eater","floor":51,"turns":5},{"damage":37,"enemies":"Shield and Spear","floor":55,"turns":5},{"damage":36,"enemies":"The Heart","floor":56,"turns":3}],"seed_played":"2540687823239473372","potions_obtained":[{"floor":1.0,"key":"FocusPotion"},{"floor":13.0,"key":"GamblersBrew"},{"floor":16.0,"key":"SteroidPotion"},{"floor":18.0,"key":"Swift Potion"},{"floor":23.0,"key":"Block Potion"},{"floor":33.0,"key":"Energy Potion"},{"floor":55,"key":"Weak Potion"}],"is_trial":false,"path_per_floor":["M","M","?","M","?","R","M","R","T","?","$","R","M","M","R","B",null,"M","?","M","M","M","M","R","E","T","?","R","$","M","M","R","B",null,"M","?","$","M","M","R","$","R","T","E","M","E","R","M","R","B","B",null,"R","$","E","B"],"character_chosen":"DEFECT","items_purchased":["Undo","Happy Flower"],"campfire_rested":2,"item_purchase_floors":[29,54],"current_hp_per_floor":[37,32,32,32,32,32,30,30,30,23,23,23,25,20,20,9,56,45,45,43,36,38,38,38,28,28,28,49,49,61,71,71,71,71,71,71,71,71,71,71,71,71,71,70,57,50,50,62,62,31,43,64,71,71,34,0],"gold":43,"neow_bonus":"TRANSFORM_TWO_CARDS","is_prod":false,"is_daily":false,"chose_seed":false,"campfire_upgraded":9,"win_rate":0,"timestamp":1558090787,"path_taken":["M","M","?","M","?","R","M","R","T","?","$","R","M","M","R","BOSS","M","?","?","M","M","M","R","E","T","?","R","$","M","M","R","BOSS","M","?","$","?","M","R","$","R","T","E","?","E","R","?","R","BOSS","BOSS","R","$","E","BOSS"],"build_version":"2019-01-23","purchased_purges":3,"victory":false,"max_hp_per_floor":[71,71,71,71,71,71,71,71,71,71,71,71,71,71,71,71,71,71,71,71,71,71,71,71,71,71,71,71,71,71,71,71,71,71,71,71,71,71,71,71,71,71,71,71,71,71,71,71,71,71,71,71,71,71,71,71],"card_choices":[{"not_picked":["Consume","Beam Cell"],"picked":"Recycle","floor":1.0},{"not_picked":["Streamline","Stack"],"picked":"Ball Lightning","floor":2.0},{"not_picked":["Leap","Steam"],"picked":"Coolheaded","floor":4.0},{"not_picked":["Gash","Genetic Algorithm","Thunder Strike"],"picked":"SKIP","floor":7.0},{"not_picked":["Gash","Leap","Steam"],"picked":"SKIP","floor":13.0},{"not_picked":["Gash","Leap","Steam"],"picked":"SKIP","floor":13.0},{"not_picked":["Ball Lightning","Blizzard","Steam Power"],"picked":"SKIP","floor":14.0},{"not_picked":["Machine Learning","Seek"],"picked":"Biased Cognition","floor":16.0},{"not_picked":["Lockon","Coolheaded"],"picked":"Steam+1","floor":18.0},{"not_picked":["Sweeping Beam","Blizzard","Scrape"],"picked":"SKIP","floor":20.0},{"not_picked":["Sweeping Beam","Blizzard","Scrape"],"picked":"SKIP","floor":20.0},{"not_picked":["Barrage","Redo"],"picked":"Defragment+1","floor":21.0},{"not_picked":["Barrage","Gash"],"picked":"Chill","floor":22.0},{"not_picked":["Conserve Battery","Coolheaded"],"picked":"Glacier+1","floor":23.0},{"not_picked":["Stack","Reinforced Body"],"picked":"Self Repair+1","floor":25.0},{"not_picked":["Undo","Capacitor"],"picked":"Loop","floor":30.0},{"not_picked":["Leap","Steam"],"picked":"Multi-Cast","floor":31.0},{"not_picked":["Meteor Strike","Thunder Strike"],"picked":"Electrodynamics","floor":33.0},{"not_picked":["Storm+1","Reinforced Body","Ball Lightning+1"],"picked":"SKIP","floor":35.0},{"not_picked":["Barrage+1","Streamline"],"picked":"Turbo","floor":38.0},{"not_picked":["Sweeping Beam","Double Energy"],"picked":"Hologram+1","floor":39.0},{"not_picked":["Reprogram","Barrage","Turbo"],"picked":"SKIP","floor":44.0},{"not_picked":["Melter+1","Gash+1","Leap"],"picked":"SKIP","floor":45.0},{"not_picked":["Conserve Battery+1","Steam","Redo"],"picked":"SKIP","floor":46.0},{"not_picked":["Coolheaded","Double Energy","Hyperbeam"],"picked":"SKIP","floor":48.0},{"not_picked":["Coolheaded","Double Energy","Hyperbeam"],"picked":"SKIP","floor":48.0},{"not_picked":["Barrage","Cold Snap","Melter"],"picked":"SKIP","floor":55}],"player_experience":976566,"relics_obtained":[{"floor":9.0,"key":"Blood Vial"},{"floor":25.0,"key":"Anchor"},{"floor":26.0,"key":"Pocketwatch"},{"floor":44.0,"key":"PreservedInsect"},{"floor":46.0,"key":"Omamori"},{"floor":55,"key":"Lantern"}],"event_choices":[{"cards_removed":["Strike_B"],"damage_healed":0.0,"max_hp_gain":0.0,"max_hp_loss":0.0,"gold_gain":0.0,"event_name":"The Cleric","player_choice":"Card Removal","floor":3.0,"gold_loss":75.0,"damage_taken":0.0},{"damage_healed":0.0,"max_hp_gain":0.0,"max_hp_loss":0.0,"gold_gain":0.0,"event_name":"Liars Game","player_choice":"Ignored","floor":5.0,"gold_loss":0.0,"damage_taken":0.0},{"cards_removed":["Strike_B"],"damage_healed":0.0,"max_hp_gain":0.0,"max_hp_loss":0.0,"gold_gain":0.0,"event_name":"Golden Wing","player_choice":"Card Removal","floor":10.0,"gold_loss":0.0,"damage_taken":7.0},{"damage_healed":0.0,"max_hp_gain":0.0,"max_hp_loss":0.0,"gold_gain":0.0,"event_name":"Upgrade Shrine","player_choice":"Upgraded","floor":19.0,"gold_loss":0.0,"damage_taken":0.0,"cards_upgraded":["Biased Cognition"]},{"cards_removed":["Stack"],"damage_healed":0.0,"max_hp_gain":0.0,"max_hp_loss":0.0,"gold_gain":0.0,"event_name":"Back to Basics","player_choice":"Elegance","floor":27.0,"gold_loss":0.0,"damage_taken":0.0},{"damage_healed":0.0,"max_hp_gain":0.0,"max_hp_loss":0.0,"gold_gain":0.0,"event_name":"Lab","player_choice":"Got Potions","floor":36.0,"gold_loss":0.0,"damage_taken":0.0}],"is_beta":false,"boss_relics":[{"not_picked":["Black Star","Lizard Tail"],"picked":"Cursed Key"},{"not_picked":["Coffee Dripper","Tiny House"],"picked":"Inserter"}],"items_purged_floors":[11,29,37],"is_endless":false,"potions_floor_spawned":[1,13,14,16,18,23,30,31,33,35,39,45,46,55],"killed_by":"The Heart","ascension_level":20}