{"gold_per_floor":[115,132,111,129,34,34,60,60,60,60,60,90,110,160,160,260,260,280,330,380,430,43,71,71,87,87,122,122,150,164,180,180,180],"floor_reached":33,"playtime":1276,"items_purged":[],"score":414,"play_id":"1c1ddb3d-b9ac-4f70-b3df-9041356aef63","local_time":"20180721104407","is_ascension_mode":true,"campfire_choices":[{"floor":6,"key":"REST"},{"data":"Electrodynamics","floor":8,"key":"SMITH"},{"data":"Static Discharge","floor":10,"key":"SMITH"},{"floor":15,"key":"REST"},{"data":"Skim","floor":24,"key":"SMITH"},{"floor":28,"key":"REST"},{"floor":32,"key":"REST"}],"neow_cost":"FIFTY_PERCENT_DAMAGE","seed_source_timestamp":6776197088931,"circlet_count":0,"master_deck":["Defend_B","Defend_B","Defend_B","Defend_B","Zap","Dualcast","Electrodynamics+1","Gash","Go for the Eyes","Sunder","Hologram","Static Discharge+1","Glacier","Chaos+1","Aggregate","Core Surge","Leap","Bite","Bite","Bite","Bite","Bite","Conserve Battery","Reboot","Skim+1","Cold Snap+1","Coolheaded","Hologram+1","Consume","Turbo+1","Turbo+1"],"relics":["Cracked Core","Ornamental Fan","Question Card","SsserpentHead","The Courier","Busted Crown","Dodecahedron","Regal Pillow","Shuriken","Juzu Bracelet","Turnip"],"potions_floor_usage":[23,33],"damage_taken":[{"damage":3,"enemies":"2 Louse","floor":1,"turns":3},{"damage":1,"enemies":"Cultist","floor":2,"turns":3},{"damage":0,"enemies":"Small Slimes","floor":4,"turns":2},{"damage":6,"enemies":"3 Sentries","floor":7,"turns":3},{"damage":23,"enemies":"Lagavulin","floor":12,"turns":5},{"damage":7,"enemies":"Exordium Wildlife","floor":13,"turns":3},{"damage":33,"enemies":"The Guardian","floor":16,"turns":8},{"damage":8,"enemies":"Chosen","floor":18,"turns":3},{"damage":5,"enemies":"Gremlin Leader","floor":23,"turns":7},{"damage":2,"enemies":"Spheric Guardian","floor":25,"turns":4},{"damage":24,"enemies":"Book of Stabbing","floor":27,"turns":5},{"damage":12,"enemies":"Slavers","floor":29,"turns":5},{"damage":22,"enemies":"Snecko","floor":30,"turns":5},{"damage":24,"enemies":"Sentry and Sphere","floor":31,"turns":5},{"damage":75,"enemies":"Automaton","floor":33,"turns":6}],"seed_played":"7787765789081922322","potions_obtained":[{"floor":4,"key":"Explosive Potion"},{"floor":16,"key":"PowerPotion"},{"floor":18,"key":"Energy Potion"},{"floor":23,"key":"SteroidPotion"},{"floor":31,"key":"Regen Potion"}],"is_trial":false,"path_per_floor":["M","M","?","M","$","R","E","R","T","R","?","E","M","?","R","B",null,"M","?","?","?","$","E","R","M","T","E","R","E","M","M","R"],"character_chosen":"DEFECT","items_purchased":["Hologram","Static Discharge","Reboot","Dodecahedron","Skim"],"campfire_rested":4,"item_purchase_floors":[5,5,22,22,22],"current_hp_per_floor":[35,34,34,34,34,56,50,50,50,50,50,27,20,20,42,9,59,51,51,51,51,51,52,52,50,50,38,52,46,30,12,42,0],"gold":180,"neow_bonus":"THREE_RARE_CARDS","is_prod":false,"is_daily":false,"chose_seed":false,"campfire_upgraded":3,"win_rate":0,"timestamp":1532141047,"path_taken":["M","M","?","M","$","R","E","R","T","R","?","E","M","?","R","BOSS","M","?","?","?","$","E","R","M","T","E","R","E","M","M","R","BOSS"],"build_version":"2018-07-19v2","purchased_purges":0,"victory":false,"max_hp_per_floor":[75,75,75,75,75,75,75,75,75,75,75,75,75,75,75,75,75,75,52,52,52,52,52,52,52,52,52,52,52,52,52,52,52],"card_choices":[{"not_picked":["Reboot","Echo Form"],"picked":"Electrodynamics","floor":0},{"not_picked":["Sweeping Beam","Compile Driver"],"picked":"Gash","floor":1},{"not_picked":["Redo","Ball Lightning"],"picked":"Go for the Eyes","floor":2},{"not_picked":["Leap","Blizzard"],"picked":"Sunder","floor":4},{"not_picked":["White Noise","Machine Learning"],"picked":"Glacier","floor":7},{"not_picked":["Coolheaded","Go for the Eyes","Hello World"],"picked":"Chaos","floor":12},{"not_picked":["Rebound","Chill","Blizzard"],"picked":"Aggregate","floor":13},{"not_picked":["Reboot","Electrodynamics","Hyperbeam"],"picked":"Core Surge","floor":16},{"not_picked":["Go for the Eyes"],"picked":"Leap","floor":18},{"not_picked":["Steam"],"picked":"Cold Snap+1","floor":23},{"not_picked":["Leap"],"picked":"Coolheaded","floor":25},{"not_picked":["Redo"],"picked":"Hologram+1","floor":27},{"not_picked":["Rebound+1"],"picked":"Consume","floor":29},{"not_picked":["Melter"],"picked":"Turbo+1","floor":30},{"not_picked":["Sunder"],"picked":"Turbo+1","floor":31}],"player_experience":133855,"relics_obtained":[{"floor":7,"key":"Ornamental Fan"},{"floor":9,"key":"Question Card"},{"floor":12,"key":"The Courier"},{"floor":23,"key":"Regal Pillow"},{"floor":26,"key":"Shuriken"},{"floor":27,"key":"Juzu Bracelet"},{"floor":29,"key":"Turnip"}],"event_choices":[{"event_name":"World of Goop","player_choice":"Left","floor":3,"damage_taken":0},{"event_name":"FaceTrader","player_choice":"Trade","floor":11,"damage_taken":0},{"event_name":"Upgrade Shrine","player_choice":"Upgraded","floor":14,"damage_taken":0},{"event_name":"Vampires","player_choice":"Became a vampire","floor":19,"damage_taken":0},{"event_name":"Cursed Tome","player_choice":"Ignored","floor":20,"damage_taken":0},{"event_name":"The Library","player_choice":"Read","floor":21,"damage_taken":0}],"is_beta":false,"boss_relics":[{"not_picked":["Cursed Key","Empty Cage"],"picked":"Busted Crown"}],"items_purged_floors":[],"is_endless":false,"potions_floor_spawned":[4,16,18,23,29,31],"killed_by":"Automaton","ascension_level":5}