{"gold_per_floor":[119,62,72,72,91,91,16,16,40,75,89,121,121,151,151,230,230,244,244,257,16,16,16,16,16,39,71,83,108,120,143,155,244,256,285,316,343,78,78,78,78,78,78,78,92,126,126,157,157,157,157,157,157,4,35,35],"floor_reached":56,"playtime":3813,"items_purged":["Strike_B","Strike_B"],"score":2153,"play_id":"ca0ba6bd-a8f3-4cd1-94d1-167bfeab4def","local_time":"20190615145058","is_ascension_mode":true,"campfire_choices":[{"data":"Coolheaded","floor":6.0,"key":"SMITH"},{"data":"Dualcast","floor":8.0,"key":"SMITH"},{"data":"Buffer","floor":13.0,"key":"SMITH"},{"data":"Zap","floor":15.0,"key":"SMITH"},{"floor":23.0,"key":"REST"},{"data":"Turbo","floor":28.0,"key":"SMITH"},{"data":"Multi-Cast","floor":30.0,"key":"SMITH"},{"data":"Capacitor","floor":32.0,"key":"SMITH"},{"floor":40.0,"key":"REST"},{"data":"Electrodynamics","floor":41.0,"key":"SMITH"},{"data":"Sunder","floor":44.0,"key":"SMITH"},{"floor":49.0,"key":"RECALL"},{"data":"Reinforced Body","floor":53.0,"key":"SMITH"}],"neow_cost":"NONE","seed_source_timestamp":4146578104092,"circlet_count":0,"master_deck":["AscendersBane","Strike_B+1","Strike_B+1","Zap+1","Dualcast+1","Ball Lightning","Turbo+1","Coolheaded+1","Sunder+1","Buffer+1","Thunder Strike+1","Multi-Cast+1","theJungle:Gourd","theJungle:Gourd","theJungle:Gourd","theJungle:Gourd","theJungle:Gourd","Capacitor+1","Electrodynamics+1","Coolheaded+1","Glacier+1","Glacier","Reinforced Body+1","Capacitor+1","Heatsinks"],"special_seed":0,"relics":["FrozenCore","NeowsBlessing","PreservedInsect","WingedGreaves","Happy Flower","Turnip","Runic Pyramid","Regal Pillow","Whetstone","MawBank","Bottled Lightning","theFactory:ChargeChargeCharge","Juzu Bracelet","Chemical X","Mummified Hand","Unceasing Top"],"potions_floor_usage":[55,55,55],"damage_taken":[{"damage":0.0,"enemies":"Jaw Worm","floor":1.0,"turns":1.0},{"damage":0.0,"enemies":"2 Louse","floor":3.0,"turns":1.0},{"damage":0.0,"enemies":"Small Slimes","floor":5.0,"turns":1.0},{"damage":16.0,"enemies":"Lagavulin","floor":10.0,"turns":5.0},{"damage":0.0,"enemies":"2 Fungi Beasts","floor":11.0,"turns":2.0},{"damage":13.0,"enemies":"3 Sentries","floor":12.0,"turns":5.0},{"damage":0.0,"enemies":"Gremlin Nob","floor":14.0,"turns":3.0},{"damage":1.0,"enemies":"Hexaghost","floor":16.0,"turns":9.0},{"damage":6.0,"enemies":"Shell Parasite","floor":18.0,"turns":5.0},{"damage":24.0,"enemies":"theJungle:Flameango_and_Byrd","floor":20.0,"turns":5.0},{"damage":16.0,"enemies":"theJungle:Cassacara","floor":27.0,"turns":7.0},{"damage":7.0,"enemies":"theJungle:SlimyTreeVines","floor":29.0,"turns":6.0},{"damage":0.0,"enemies":"theJungle:2_Snecko_Cultists","floor":31.0,"turns":4.0},{"damage":27.0,"enemies":"theJungle:QueenSpyder","floor":33.0,"turns":12.0},{"damage":33.0,"enemies":"theFactory:2_Experiment_Personnel","floor":35.0,"turns":6.0},{"damage":0.0,"enemies":"theFactory:BigBot","floor":36.0,"turns":4.0},{"damage":16.0,"enemies":"theFactory:ShrapnelTosser","floor":37.0,"turns":10.0},{"damage":11.0,"enemies":"theFactory:Sentry and Guards","floor":45.0,"turns":6.0},{"damage":0.0,"enemies":"theFactory:Manservantes","floor":46.0,"turns":9.0},{"damage":6.0,"enemies":"theFactory:SmogElemental","floor":48.0,"turns":9.0},{"damage":0.0,"enemies":"theFactory:Experiment01","floor":50.0,"turns":20.0},{"damage":0.0,"enemies":"theFactory:SPIDER","floor":51.0,"turns":14.0},{"damage":54,"enemies":"Shield and Spear","floor":55,"turns":11},{"damage":12,"enemies":"The Heart","floor":56,"turns":5}],"seed_played":"-3836056527761003419","potions_obtained":[{"floor":3.0,"key":"Poison Potion"},{"floor":12.0,"key":"AttackPotion"},{"floor":14.0,"key":"FearPotion"},{"floor":18.0,"key":"Swift Potion"},{"floor":27.0,"key":"Weak Potion"},{"floor":31.0,"key":"Dexterity Potion"},{"floor":35.0,"key":"Regen Potion"},{"floor":37.0,"key":"SteroidPotion"},{"floor":55,"key":"Fruit Juice"}],"is_trial":false,"path_per_floor":["M","$","M","?","M","R","$","R","T","E","M","E","R","E","R","B",null,"M","?","M","$","?","R","?","?","T","E","R","M","R","M","R","B",null,"M","M","M","$","?","R","R","?","T","R","M","E","?","E","R","B","B",null,"R","$","E","B"],"character_chosen":"DEFECT","items_purchased":["Ball Lightning","Multi-Cast","Regal Pillow","Bottled Lightning","Energy Potion"],"campfire_rested":2,"item_purchase_floors":[2,21,21,38,54],"current_hp_per_floor":[64,64,64,43,43,43,43,43,43,27,27,14,14,14,14,13,57,51,51,27,27,27,63,63,63,63,47,47,46,46,46,46,19,58,25,25,24,24,14,50,50,50,50,50,39,39,23,17,17,17,17,58,58,58,9,0],"gold":35,"neow_bonus":"THREE_ENEMY_KILL","is_prod":false,"is_daily":false,"chose_seed":false,"campfire_upgraded":10,"win_rate":0,"timestamp":1560581458,"path_taken":["M","$","M","?","M","R","$","R","T","E","M","E","R","E","R","BOSS","M","?","M","$","?","R","?","?","T","E","R","?","R","M","R","BOSS","M","M","M","$","?","R","R","?","T","R","M","E","?","E","R","BOSS","BOSS","R","$","E","BOSS"],"build_version":"2019-01-23","purchased_purges":2,"victory":false,"max_hp_per_floor":[71,71,71,71,71,71,71,71,71,71,71,71,71,71,71,71,71,71,71,71,71,71,71,71,71,71,71,71,71,71,71,71,71,71,71,71,71,71,71,71,71,71,71,71,71,71,71,71,71,71,71,71,71,71,76,76],"card_choices":[{"not_picked":["Barrage","Hologram","Auto Shields"],"picked":"SKIP","floor":1.0},{"not_picked":["Rebound","Redo"],"picked":"Turbo","floor":3.0},{"not_picked":["Conserve Battery","Stack"],"picked":"Coolheaded","floor":5.0},{"not_picked":["White Noise","Turbo"],"picked":"Sunder","floor":10.0},{"not_picked":["Stack","Steam","Sweeping Beam"],"picked":"SKIP","floor":11.0},{"not_picked":["Undo","Gash"],"picked":"Buffer","floor":12.0},{"not_picked":["Stack","Coolheaded","Steam"],"picked":"SKIP","floor":14.0},{"not_picked":["Machine Learning","Reboot"],"picked":"Thunder Strike","floor":16.0},{"not_picked":["Sweeping Beam","Steam","Barrage"],"picked":"SKIP","floor":18.0},{"not_picked":["Conserve Battery","Hello World+1","Redo+1"],"picked":"SKIP","floor":20.0},{"not_picked":["Undo","Cold Snap","Force Field"],"picked":"SKIP","floor":27.0},{"not_picked":["Redo","Sweeping Beam"],"picked":"Capacitor","floor":29.0},{"not_picked":["Force Field","Rip and Tear","Sunder"],"picked":"SKIP","floor":31.0},{"not_picked":["Hyperbeam","Buffer"],"picked":"Electrodynamics","floor":33.0},{"not_picked":["Melter","Rebound"],"picked":"Coolheaded+1","floor":35.0},{"not_picked":["Self Repair","Steam"],"picked":"Glacier+1","floor":36.0},{"not_picked":["Doom and Gloom+1","Beam Cell+1","Turbo"],"picked":"SKIP","floor":37.0},{"not_picked":["Pain","Hyperbeam"],"picked":"Glacier","floor":39.0},{"not_picked":["Static Discharge","Auto Shields"],"picked":"Reinforced Body","floor":45.0},{"not_picked":["Streamline+1","Compile Driver+1","Fission"],"picked":"SKIP","floor":46.0},{"not_picked":["Capacitor+1","FTL","Turbo"],"picked":"SKIP","floor":48.0},{"not_picked":["FTL","Turbo"],"picked":"Capacitor+1","floor":48.0},{"not_picked":["Sweeping Beam+1","Streamline+1"],"picked":"Heatsinks","floor":55}],"player_experience":983818,"relics_obtained":[{"floor":9.0,"key":"PreservedInsect"},{"floor":10.0,"key":"WingedGreaves"},{"floor":12.0,"key":"Happy Flower"},{"floor":14.0,"key":"Turnip"},{"floor":26.0,"key":"Whetstone"},{"floor":27.0,"key":"MawBank"},{"floor":46.0,"key":"Juzu Bracelet"},{"floor":48.0,"key":"Mummified Hand"},{"floor":55,"key":"Unceasing Top"}],"event_choices":[{"damage_healed":0.0,"max_hp_gain":0.0,"max_hp_loss":0.0,"gold_gain":0.0,"event_name":"Shining Light","player_choice":"Entered Light","floor":4.0,"gold_loss":0.0,"damage_taken":21.0,"cards_upgraded":["Strike_B","Defend_B"]},{"damage_healed":0.0,"max_hp_gain":0.0,"max_hp_loss":0.0,"gold_gain":0.0,"event_name":"WeMeetAgain","player_choice":"Ignored","floor":25.0,"gold_loss":0.0,"damage_taken":0.0}],"is_beta":false,"boss_relics":[{"not_picked":["Nuclear Battery","White Beast Statue"],"picked":"Runic Pyramid"},{"not_picked":["Lizard Tail","Calling Bell"],"picked":"FrozenCore"}],"items_purged_floors":[7,54],"is_endless":false,"potions_floor_spawned":[3,12,14,18,27,31,35,37,45,50,55],"killed_by":"The Heart","ascension_level":20}