{"gold_per_floor":[113,113,38,38,38,38,99,99,123,137,157,189,189,207,207,279,279,299,310,310,26,37,37,64,64,64,64,82,82,101,101],"floor_reached":31,"playtime":969,"items_purged":["Strike_B"],"score":504,"play_id":"ddcab2e9-d1fd-4339-98b4-b507f8e6a35a","local_time":"20190302214448","is_ascension_mode":true,"campfire_choices":[{"data":"Beam Cell","floor":6.0,"key":"SMITH"},{"data":"Zap","floor":8.0,"key":"SMITH"},{"data":"Rainbow","floor":13.0,"key":"SMITH"},{"data":"Defragment","floor":15.0,"key":"SMITH"},{"floor":23.0,"key":"REST"},{"data":"Defragment","floor":27.0,"key":"SMITH"}],"neow_cost":"NONE","seed_source_timestamp":7401329788089,"circlet_count":0,"master_deck":["AscendersBane","Strike_B","Strike_B","Defend_B","Defend_B","Defend_B","Defend_B","Zap+1","Dualcast+1","Beam Cell+1","Ball Lightning","Undo","Rainbow+1","Defragment+1","Amplify","Conserve Battery","Glacier","Coolheaded","Defragment+1","Decay"],"special_seed":0,"relics":["Cracked Core","NeowsBlessing","Tiny Chest","DataDisk","Emotion Chip","Runic Pyramid","TheAbacus","Pantograph","Regal Pillow"],"potions_floor_usage":[30,30,31],"damage_taken":[{"damage":0.0,"enemies":"Cultist","floor":1.0,"turns":1.0},{"damage":0.0,"enemies":"3 Sentries","floor":7.0,"turns":1.0},{"damage":0.0,"enemies":"2 Louse","floor":10.0,"turns":1.0},{"damage":0.0,"enemies":"Jaw Worm","floor":11.0,"turns":2.0},{"damage":15.0,"enemies":"Gremlin Nob","floor":12.0,"turns":5.0},{"damage":16.0,"enemies":"Gremlin Gang","floor":14.0,"turns":6.0},{"damage":9.0,"enemies":"The Guardian","floor":16.0,"turns":10.0},{"damage":29.0,"enemies":"2 Thieves","floor":18.0,"turns":4.0},{"damage":7.0,"enemies":"Chosen","floor":19.0,"turns":5.0},{"damage":7.0,"enemies":"Shelled Parasite and Fungi","floor":22.0,"turns":6.0},{"damage":10.0,"enemies":"Gremlin Leader","floor":24.0,"turns":4.0},{"damage":17.0,"enemies":"Snake Plant","floor":28.0,"turns":4.0},{"damage":11,"enemies":"3 Cultists","floor":30,"turns":5},{"damage":10,"enemies":"Shelled Parasite and Fungi","floor":31,"turns":1}],"seed_played":"-8310772523715633565","potions_obtained":[{"floor":7.0,"key":"Block Potion"},{"floor":14.0,"key":"Weak Potion"},{"floor":16.0,"key":"Dexterity Potion"},{"floor":19.0,"key":"PowerPotion"},{"floor":24.0,"key":"SteroidPotion"},{"floor":30,"key":"Explosive Potion"}],"is_trial":false,"path_per_floor":["M","$","?","$","?","R","E","R","T","M","M","E","R","M","R","B",null,"M","M","?","$","M","R","E","?","T","R","M","T","M","M"],"character_chosen":"DEFECT","items_purchased":["TheAbacus"],"campfire_rested":1,"item_purchase_floors":[21],"current_hp_per_floor":[64,64,64,64,69,69,69,69,69,69,69,54,54,38,38,29,64,35,28,28,28,21,43,33,33,33,33,16,16,5,0],"gold":101,"neow_bonus":"THREE_ENEMY_KILL","is_prod":false,"is_daily":false,"chose_seed":false,"campfire_upgraded":5,"win_rate":0,"timestamp":1551534288,"path_taken":["M","$","?","$","?","R","E","R","T","M","M","E","R","M","R","BOSS","M","M","?","$","?","R","E","?","T","R","M","?","M","M"],"build_version":"2019-02-06","purchased_purges":1,"victory":false,"max_hp_per_floor":[71,71,71,71,76,76,76,76,76,76,76,76,76,76,76,76,76,76,76,76,76,76,76,76,76,76,76,76,76,76,76],"card_choices":[{"not_picked":["Redo","Static Discharge"],"picked":"Beam Cell","floor":1.0},{"not_picked":["White Noise","Chaos"],"picked":"Ball Lightning","floor":7.0},{"not_picked":["Fusion","Coolheaded"],"picked":"Undo","floor":10.0},{"not_picked":["Steam","Gash","Stack"],"picked":"SKIP","floor":11.0},{"not_picked":["Ball Lightning","Capacitor"],"picked":"Rainbow","floor":12.0},{"not_picked":["Streamline","Steam Power"],"picked":"Defragment","floor":14.0},{"not_picked":["Reboot","Rainbow"],"picked":"Amplify","floor":16.0},{"not_picked":["Genetic Algorithm","Lockon"],"picked":"Conserve Battery","floor":18.0},{"not_picked":["Cold Snap","Consume"],"picked":"Glacier","floor":19.0},{"not_picked":["Beam Cell","Sweeping Beam"],"picked":"Coolheaded","floor":22.0},{"not_picked":["Gash+1","Conserve Battery"],"picked":"Defragment","floor":24.0},{"not_picked":["Coolheaded","Gash","Ball Lightning"],"picked":"SKIP","floor":28.0},{"not_picked":["Sweeping Beam","Scrape","Steam Power"],"picked":"SKIP","floor":30}],"player_experience":814130,"relics_obtained":[{"floor":7.0,"key":"Tiny Chest"},{"floor":9.0,"key":"DataDisk"},{"floor":12.0,"key":"Emotion Chip"},{"floor":24.0,"key":"Pantograph"},{"floor":26.0,"key":"Regal Pillow"}],"event_choices":[{"cards_removed":["Strike_B"],"damage_healed":0.0,"max_hp_gain":0.0,"max_hp_loss":0.0,"gold_gain":0.0,"event_name":"The Cleric","player_choice":"Card Removal","floor":3.0,"gold_loss":75.0,"damage_taken":0.0},{"damage_healed":0.0,"max_hp_gain":5.0,"max_hp_loss":0.0,"gold_gain":0.0,"event_name":"Big Fish","player_choice":"Donut","floor":5.0,"gold_loss":0.0,"damage_taken":0.0},{"damage_healed":0.0,"max_hp_gain":0.0,"max_hp_loss":0.0,"gold_gain":0.0,"event_name":"Upgrade Shrine","player_choice":"Upgraded","floor":20.0,"gold_loss":0.0,"damage_taken":0.0,"cards_upgraded":["Dualcast"]},{"damage_healed":0.0,"max_hp_gain":0.0,"max_hp_loss":0.0,"gold_gain":0.0,"event_name":"Forgotten Altar","player_choice":"Smashed Altar","floor":25.0,"gold_loss":0.0,"damage_taken":0.0,"cards_obtained":["Decay"]}],"is_beta":true,"boss_relics":[{"not_picked":["Fusion Hammer","Coffee Dripper"],"picked":"Runic Pyramid"}],"items_purged_floors":[21],"is_endless":false,"potions_floor_spawned":[7,14,16,18,19,24,30],"killed_by":"Shelled Parasite and Fungi","ascension_level":15}