{"gold_per_floor":[112,129,142,160,173,173,173,173,173,173,98,98,123,148,148,274,274,290,310,188,188,208,208,223,223,223,243,243,262,283,323,323,454,454,470,262,278,297,321,355,376,376,376,376,391,391,5,19,19,19],"floor_reached":51,"playtime":5351,"items_purged":["Strike_R","Strike_R","Parasite"],"score":697,"play_id":"0630834e-6bc3-4f3b-af61-8be51d59749e","local_time":"20190805230201","is_ascension_mode":false,"campfire_choices":[{"data":"Ghostly Armor","floor":6.0,"key":"SMITH"},{"data":"Body Slam","floor":8.0,"key":"SMITH"},{"data":"Body Slam","floor":10.0,"key":"SMITH"},{"data":"Entrench","floor":12.0,"key":"SMITH"},{"data":"Body Slam","floor":15.0,"key":"SMITH"},{"data":"Armaments","floor":23,"key":"SMITH"},{"data":"Battle Trance","floor":28,"key":"SMITH"},{"data":"Metallicize","floor":32,"key":"SMITH"},{"data":"Barricade","floor":42,"key":"SMITH"},{"data":"Juggernaut","floor":44,"key":"SMITH"},{"data":"Impervious","floor":46,"key":"SMITH"},{"data":"Flame Barrier","floor":49,"key":"SMITH"}],"neow_cost":"NONE","seed_source_timestamp":92970986847603,"circlet_count":0,"master_deck":["Strike_R","Strike_R","Defend_R","Defend_R","Defend_R","Defend_R","Bash","Body Slam+1","Body Slam+1","Shrug It Off","Ghostly Armor+1","Entrench+1","Iron Wave","Body Slam+1","Shrug It Off","Impervious+1","Battle Trance+1","Armaments+1","Body Slam+1","Shrug It Off","Flame Barrier+1","Metallicize+1","Juggernaut+1","True Grit+1","Warcry+1","Barricade+1","Battle Trance+1","Armaments+1"],"special_seed":0,"relics":["Burning Blood","Golden Idol","Dodecahedron","Coffee Dripper","Gremlin Horn","Toxic Egg 2","Philosopher\u0027s Stone","Medical Kit","Mercury Hourglass","Bottled Flame","Letter Opener"],"potions_floor_usage":[33,41,50,50],"damage_taken":[{"damage":0.0,"enemies":"Small Slimes","floor":1.0,"turns":3.0},{"damage":3.0,"enemies":"Cultist","floor":2.0,"turns":5.0},{"damage":2.0,"enemies":"2 Louse","floor":3.0,"turns":4.0},{"damage":2.0,"enemies":"Large Slime","floor":4.0,"turns":8.0},{"damage":14.0,"enemies":"3 Louse","floor":5.0,"turns":4.0},{"damage":8.0,"enemies":"Exordium Thugs","floor":13.0,"turns":6.0},{"damage":0.0,"enemies":"Red Slaver","floor":14.0,"turns":5.0},{"damage":69.0,"enemies":"Slime Boss","floor":16.0,"turns":25.0},{"damage":17.0,"enemies":"Spheric Guardian","floor":18.0,"turns":4.0},{"damage":0.0,"enemies":"2 Thieves","floor":19.0,"turns":3.0},{"damage":13.0,"enemies":"Centurion and Healer","floor":22.0,"turns":7.0},{"damage":0,"enemies":"3 Cultists","floor":24,"turns":4},{"damage":3,"enemies":"Snake Plant","floor":27,"turns":3},{"damage":0,"enemies":"Shelled Parasite and Fungi","floor":29,"turns":2},{"damage":19,"enemies":"Snecko","floor":30,"turns":7},{"damage":16,"enemies":"Book of Stabbing","floor":31,"turns":4},{"damage":1,"enemies":"Collector","floor":33,"turns":4},{"damage":4,"enemies":"3 Shapes","floor":35,"turns":3},{"damage":0,"enemies":"Orb Walker","floor":37,"turns":1},{"damage":22,"enemies":"Writhing Mass","floor":38,"turns":5},{"damage":0,"enemies":"3 Darklings","floor":39,"turns":3},{"damage":12,"enemies":"Nemesis","floor":40,"turns":5},{"damage":0,"enemies":"Transient","floor":41,"turns":5},{"damage":0,"enemies":"4 Shapes","floor":45,"turns":3},{"damage":0,"enemies":"Maw","floor":48,"turns":5},{"damage":18,"enemies":"Awakened One","floor":50,"turns":7}],"seed_played":"-7422105232671049207","potions_obtained":[{"floor":1.0,"key":"BloodPotion"},{"floor":3.0,"key":"SneckoOil"},{"floor":14.0,"key":"Block Potion"},{"floor":16.0,"key":"Poison Potion"},{"floor":19.0,"key":"Explosive Potion"},{"floor":24,"key":"SmokeBomb"},{"floor":29,"key":"FearPotion"},{"floor":30,"key":"Block Potion"},{"floor":38,"key":"Dexterity Potion"},{"floor":41,"key":"Regen Potion"},{"floor":45,"key":"Swift Potion"},{"floor":48,"key":"SteroidPotion"}],"is_trial":false,"path_per_floor":["M","M","M","M","M","R","?","R","T","R","$","R","M","M","R","B",null,"M","M","$","?","M","R","M","?","T","M","R","M","M","E","R","B",null,"M","$","M","M","M","E","M","R","T","R","M","R","$","M","R","B",null],"character_chosen":"IRONCLAD","items_purchased":["Armaments","Medical Kit","Letter Opener"],"campfire_rested":0,"item_purchase_floors":[20,36,47],"current_hp_per_floor":[80,80,80,80,72,72,52,52,52,52,52,52,50,56,56,13,80,69,75,75,75,68,68,74,74,74,77,77,80,67,57,57,62,80,80,80,80,64,70,64,70,70,70,70,76,76,76,77,77,77],"gold":19,"neow_bonus":"THREE_CARDS","is_prod":false,"is_daily":false,"chose_seed":false,"campfire_upgraded":12,"win_rate":0.0,"timestamp":1565038921,"path_taken":["M","M","M","M","M","R","?","R","T","R","$","R","M","M","R","BOSS","M","M","$","?","M","R","M","?","T","M","R","?","M","E","R","BOSS","M","$","M","M","M","E","M","R","T","R","M","R","$","?","R","BOSS"],"build_version":"2019-07-17","purchased_purges":3,"victory":true,"max_hp_per_floor":[80,80,80,80,80,80,80,80,80,80,80,80,80,80,80,80,80,80,80,80,80,80,80,80,80,80,80,80,80,80,80,80,80,80,80,80,80,80,80,80,80,80,80,80,80,80,77,77,77,77],"card_choices":[{"not_picked":["Warcry","Carnage"],"picked":"Body Slam","floor":0.0},{"not_picked":["Bloodletting","Burning Pact"],"picked":"Body Slam","floor":1.0},{"not_picked":["Pommel Strike","Armaments"],"picked":"Shrug It Off","floor":2.0},{"not_picked":["Thunderclap","Shrug It Off"],"picked":"Ghostly Armor","floor":3.0},{"not_picked":["Sever Soul","Twin Strike"],"picked":"Entrench","floor":4.0},{"not_picked":["Perfected Strike","Bludgeon"],"picked":"Iron Wave","floor":5.0},{"not_picked":["Twin Strike","Anger"],"picked":"Body Slam","floor":13.0},{"not_picked":["Thunderclap","Perfected Strike"],"picked":"Shrug It Off","floor":14.0},{"not_picked":["Dark Embrace","Berserk"],"picked":"Impervious","floor":16.0},{"not_picked":["Entrench","Searing Blow"],"picked":"Battle Trance","floor":18.0},{"not_picked":["Inflame","Heavy Blade+1","Sever Soul"],"picked":"SKIP","floor":19.0},{"not_picked":["Headbutt+1","Clash+1"],"picked":"Body Slam+1","floor":22},{"not_picked":["Feel No Pain","Flex","Twin Strike"],"picked":"SKIP","floor":24},{"not_picked":["Clash+1","Pummel"],"picked":"Shrug It Off","floor":27},{"not_picked":["Intimidate+1","Cleave","Perfected Strike"],"picked":"SKIP","floor":29},{"not_picked":["Flex","Clash"],"picked":"Flame Barrier","floor":30},{"not_picked":["Reckless Charge","Brutality"],"picked":"Metallicize","floor":31},{"not_picked":["Limit Break+1","Reaper"],"picked":"Juggernaut","floor":33},{"not_picked":["Sword Boomerang","Iron Wave+1"],"picked":"True Grit+1","floor":35},{"not_picked":["Thunderclap+1","Flex+1","Cleave"],"picked":"SKIP","floor":37},{"not_picked":["Clash","Heavy Blade+1"],"picked":"Warcry+1","floor":38},{"not_picked":["Heavy Blade","Twin Strike+1","Fire Breathing+1"],"picked":"SKIP","floor":39},{"not_picked":["Sword Boomerang+1","Clothesline+1","Thunderclap+1"],"picked":"SKIP","floor":40},{"not_picked":["Flex+1","Feel No Pain+1"],"picked":"Barricade","floor":41},{"not_picked":["Headbutt","Anger+1"],"picked":"Battle Trance+1","floor":45},{"not_picked":["Clash","Cleave"],"picked":"Armaments+1","floor":48}],"player_experience":13498,"relics_obtained":[{"floor":9.0,"key":"Dodecahedron"},{"floor":26,"key":"Gremlin Horn"},{"floor":31,"key":"Toxic Egg 2"},{"floor":40,"key":"Mercury Hourglass"},{"floor":43,"key":"Bottled Flame"}],"event_choices":[{"damage_healed":0.0,"max_hp_gain":0.0,"max_hp_loss":0.0,"gold_gain":0.0,"event_name":"Golden Idol","player_choice":"Take Damage","floor":7.0,"gold_loss":0.0,"damage_taken":20.0,"relics_obtained":["Golden Idol"]},{"cards_removed":["Strike_R"],"damage_healed":0.0,"max_hp_gain":0.0,"max_hp_loss":0.0,"gold_gain":0.0,"event_name":"Wheel of Change","player_choice":"Card Removal","floor":21.0,"gold_loss":0.0,"damage_taken":0.0},{"damage_healed":0,"gold_gain":0,"player_choice":"Bought 0 Potions","damage_taken":0,"max_hp_gain":0,"max_hp_loss":0,"event_name":"The Woman in Blue","floor":25,"gold_loss":0}],"is_beta":false,"boss_relics":[{"not_picked":["Black Star","Runic Cube"],"picked":"Coffee Dripper"},{"not_picked":["Lizard Tail","Calling Bell"],"picked":"Philosopher\u0027s Stone"}],"items_purged_floors":[11,20,47],"is_endless":false,"potions_floor_spawned":[1,3,14,16,19,24,29,30,38,41,45,48],"ascension_level":0}