{"gold_per_floor":[20,20,39,52,69,69,85,100,100,100,16,16,16,16,16,90,90,104,104,116,41,57,57,57],"floor_reached":24,"playtime":908,"items_purged":["Strike_B"],"score":376,"play_id":"32930935-c754-4675-91ce-a6e51bc383bd","local_time":"20190131191214","is_ascension_mode":true,"campfire_choices":[{"data":"Defragment","floor":6.0,"key":"SMITH"},{"data":"Coolheaded","floor":10.0,"key":"SMITH"},{"data":"Loop","floor":12,"key":"SMITH"},{"data":"Skim","floor":15,"key":"SMITH"},{"data":"Steam","floor":23,"key":"SMITH"}],"neow_cost":"NO_GOLD","seed_source_timestamp":0,"circlet_count":0,"master_deck":["AscendersBane","Defend_B+1","Defend_B+1","Defend_B","Zap","Dualcast","Cold Snap","Loop+1","Defragment+1","Coolheaded+1","Doom and Gloom","Skim+1","All For One","Steam+1","Defragment+1","Beam Cell"],"special_seed":0,"relics":["Cracked Core","War Paint","Coffee Dripper"],"potions_floor_usage":[24,24],"damage_taken":[{"damage":5.0,"enemies":"Small Slimes","floor":1.0,"turns":3.0},{"damage":0.0,"enemies":"Cultist","floor":3.0,"turns":4.0},{"damage":5.0,"enemies":"Jaw Worm","floor":4.0,"turns":4.0},{"damage":9.0,"enemies":"Looter","floor":5.0,"turns":3.0},{"damage":2.0,"enemies":"Blue Slaver","floor":7.0,"turns":5.0},{"damage":2.0,"enemies":"Exordium Thugs","floor":8.0,"turns":3.0},{"damage":25,"enemies":"Hexaghost","floor":16,"turns":11},{"damage":11,"enemies":"Shell Parasite","floor":18,"turns":5},{"damage":0,"enemies":"Chosen","floor":20,"turns":6},{"damage":27,"enemies":"3 Cultists","floor":22,"turns":6},{"damage":21,"enemies":"Gremlin Leader","floor":24,"turns":4}],"seed_played":"5031606772406561614","potions_obtained":[{"floor":3.0,"key":"FocusPotion"},{"floor":5.0,"key":"Swift Potion"}],"is_trial":false,"path_per_floor":["M","?","M","M","M","R","M","M","T","R","$","R","?","?","R","B",null,"M","?","M","$","M","R","E"],"character_chosen":"DEFECT","items_purchased":["Skim"],"campfire_rested":0,"item_purchase_floors":[11],"current_hp_per_floor":[59,59,59,54,45,45,43,41,41,41,41,41,41,34,34,9,56,45,45,45,45,18,18,0],"gold":57,"neow_bonus":"REMOVE_TWO","is_prod":false,"is_daily":false,"chose_seed":false,"campfire_upgraded":5,"win_rate":0,"timestamp":1548933134,"path_taken":["M","?","?","M","M","R","M","M","T","R","$","R","?","?","R","BOSS","M","?","M","$","M","R","E"],"build_version":"2019-01-23","purchased_purges":1,"victory":false,"max_hp_per_floor":[71,71,71,71,71,71,71,71,71,71,71,71,71,71,71,71,71,71,71,71,71,71,71,71],"card_choices":[{"not_picked":["Conserve Battery","Compile Driver"],"picked":"Cold Snap","floor":1.0},{"not_picked":["Stack","Double Energy"],"picked":"Loop","floor":3.0},{"not_picked":["Steam Power","Buffer"],"picked":"Defragment","floor":4.0},{"not_picked":["Force Field","Cold Snap"],"picked":"Coolheaded","floor":5.0},{"not_picked":["Aggregate","Rip and Tear"],"picked":"Doom and Gloom","floor":7.0},{"not_picked":["Sweeping Beam","Hologram","Steam"],"picked":"SKIP","floor":8.0},{"not_picked":["Hyperbeam","Thunder Strike"],"picked":"All For One","floor":16},{"not_picked":["Turbo","Cold Snap"],"picked":"Steam","floor":18},{"not_picked":["Consume+1","Defragment"],"picked":"Beam Cell","floor":20},{"not_picked":["Steam","Leap","Stack"],"picked":"SKIP","floor":22}],"player_experience":743915,"relics_obtained":[{"floor":9.0,"key":"War Paint"}],"event_choices":[{"cards_removed":["Strike_B"],"damage_healed":0.0,"max_hp_gain":0.0,"max_hp_loss":0.0,"gold_gain":0.0,"event_name":"Purifier","player_choice":"Purged","floor":2.0,"gold_loss":0.0,"damage_taken":0.0},{"damage_healed":0,"gold_gain":0,"player_choice":"Ignored","damage_taken":0,"max_hp_gain":0,"max_hp_loss":0,"event_name":"Liars Game","floor":13,"gold_loss":0},{"cards_removed":["Strike_B"],"damage_healed":0,"gold_gain":0,"player_choice":"Card Removal","damage_taken":7,"max_hp_gain":0,"max_hp_loss":0,"event_name":"Golden Wing","floor":14,"gold_loss":0},{"damage_healed":0,"gold_gain":0,"player_choice":"Copied","damage_taken":0,"max_hp_gain":0,"max_hp_loss":0,"event_name":"Duplicator","floor":19,"gold_loss":0,"cards_obtained":["Defragment"]}],"is_beta":true,"boss_relics":[{"not_picked":["Nuclear Battery","Runic Dome"],"picked":"Coffee Dripper"}],"items_purged_floors":[21],"is_endless":false,"potions_floor_spawned":[3,5,8,16,18,20],"killed_by":"Gremlin Leader","ascension_level":20}