{"gold_per_floor":[112,125,135,155,135,135,160,160,183,195,211,135,150,166,166,166],"floor_reached":16,"playtime":658,"items_purged":[],"score":180,"play_id":"bd14ca36-95b7-4157-b0de-2a72b3d5b525","local_time":"20180902173656","is_ascension_mode":true,"campfire_choices":[{"data":"Zap","floor":6.0,"key":"SMITH"},{"data":"Go for the Eyes","floor":8.0,"key":"SMITH"},{"floor":15,"key":"REST"}],"neow_cost":"NONE","seed_source_timestamp":0,"circlet_count":0,"master_deck":["Strike_B","Strike_B","Strike_B","Strike_B","Defend_B","Defend_B+1","Defend_B","Defend_B+1","Zap+1","Dualcast","AscendersBane","Go for the Eyes+1","Capacitor","Gash","Reinforced Body","FTL","Gash","Echo Form","Defragment","Chaos","Redo"],"special_seed":0,"relics":["Cracked Core","War Paint","Strawberry","Oddly Smooth Stone"],"potions_floor_usage":[14,16],"damage_taken":[{"damage":5.0,"enemies":"2 Louse","floor":1.0,"turns":2.0},{"damage":0.0,"enemies":"Cultist","floor":2.0,"turns":4.0},{"damage":4.0,"enemies":"Jaw Worm","floor":3.0,"turns":3.0},{"damage":13.0,"enemies":"2 Fungi Beasts","floor":4.0,"turns":3.0},{"damage":26.0,"enemies":"3 Sentries","floor":7.0,"turns":10.0},{"damage":13.0,"enemies":"3 Louse","floor":10.0,"turns":3.0},{"damage":0.0,"enemies":"Looter","floor":11.0,"turns":3.0},{"damage":3.0,"enemies":"Blue Slaver","floor":13.0,"turns":3.0},{"damage":0,"enemies":"2 Fungi Beasts","floor":14,"turns":2},{"damage":34,"enemies":"Slime Boss","floor":16,"turns":8}],"seed_played":"5960144704594496509","potions_obtained":[{"floor":4.0,"key":"AttackPotion"},{"floor":5.0,"key":"SneckoOil"}],"is_trial":false,"path_per_floor":["M","M","M","M","?","R","E","R","T","M","M","$","M","M","R"],"character_chosen":"DEFECT","items_purchased":["Defragment"],"campfire_rested":1,"item_purchase_floors":[12],"current_hp_per_floor":[59,59,55,42,42,42,23,23,23,10,10,10,7,7,30,0],"gold":166,"neow_bonus":"RANDOM_COMMON_RELIC","is_prod":false,"is_daily":false,"chose_seed":false,"campfire_upgraded":2,"win_rate":0,"timestamp":1535881016,"path_taken":["M","M","M","M","?","R","E","R","T","?","M","$","M","M","R","BOSS"],"build_version":"2018-08-30","purchased_purges":0,"victory":false,"max_hp_per_floor":[71,71,71,71,71,71,78,78,78,78,78,78,78,78,78,78],"card_choices":[{"not_picked":["Gash","Barrage"],"picked":"Go for the Eyes","floor":1.0},{"not_picked":["Conserve Battery","Reprogram"],"picked":"Capacitor","floor":2.0},{"not_picked":["Amplify","Stack"],"picked":"Gash","floor":3.0},{"not_picked":["Chill","Melter"],"picked":"Reinforced Body","floor":4.0},{"not_picked":["Leap","Conserve Battery"],"picked":"FTL","floor":7.0},{"not_picked":["Ball Lightning","Coolheaded"],"picked":"Gash","floor":10.0},{"not_picked":["Cold Snap","Beam Cell"],"picked":"Echo Form","floor":11.0},{"not_picked":["Self Repair","White Noise"],"picked":"Chaos","floor":13.0},{"not_picked":["Conserve Battery","Rebound"],"picked":"Redo","floor":14}],"player_experience":299877,"relics_obtained":[{"floor":7.0,"key":"Strawberry"},{"floor":9.0,"key":"Oddly Smooth Stone"}],"event_choices":[{"event_name":"The Woman in Blue","player_choice":"Bought 1 Potion","floor":5.0,"damage_taken":0.0}],"is_beta":true,"boss_relics":[],"items_purged_floors":[],"is_endless":false,"potions_floor_spawned":[4,10,11],"killed_by":"Slime Boss","ascension_level":14}