{"gold_per_floor":[118,7,7,7,20,20,63,63,63,83,83,124,124,139,139,238,238,251,271,271,287,212,212,212,212,212,212,226,141,141],"floor_reached":30,"playtime":951,"items_purged":[],"score":444,"play_id":"89090e0d-e3ea-4c5f-8c24-8bcf26d145cc","local_time":"20181027194541","is_ascension_mode":true,"campfire_choices":[{"data":"Neutralize","floor":6.0,"key":"SMITH"},{"data":"Noxious Fumes","floor":8.0,"key":"SMITH"},{"data":"Bouncing Flask","floor":11.0,"key":"SMITH"},{"data":"Terror","floor":13.0,"key":"SMITH"},{"data":"Deadly Poison","floor":15.0,"key":"SMITH"},{"floor":23.0,"key":"REST"},{"floor":27.0,"key":"REST"}],"neow_cost":"NONE","seed_source_timestamp":0,"circlet_count":0,"master_deck":["Defend_G","Defend_G","Defend_G","Defend_G","Strike_G","Strike_G","Survivor","Neutralize+1","AscendersBane","Poisoned Stab","Noxious Fumes+1","Bouncing Flask+1","Predator","Deadly Poison+1","Escape Plan","Terror+1","Tools of the Trade","Wraith Form v2+1","Setup+1","Footwork+1","Footwork+1","Catalyst"],"special_seed":0,"relics":["Ring of the Snake","NeowsBlessing","Golden Idol","Mummified Hand","Ornamental Fan","Bottled Lightning","Astrolabe","Nilry\u0027s Codex","Toxic Egg 2","Bronze Scales"],"potions_floor_usage":[30,30],"damage_taken":[{"damage":0.0,"enemies":"Jaw Worm","floor":1.0,"turns":1.0},{"damage":0.0,"enemies":"Cultist","floor":5.0,"turns":1.0},{"damage":0.0,"enemies":"Lagavulin","floor":7.0,"turns":1.0},{"damage":1.0,"enemies":"Small Slimes","floor":10.0,"turns":3.0},{"damage":29.0,"enemies":"3 Sentries","floor":12.0,"turns":7.0},{"damage":0.0,"enemies":"Blue Slaver","floor":14.0,"turns":3.0},{"damage":18.0,"enemies":"The Guardian","floor":16.0,"turns":7.0},{"damage":1.0,"enemies":"Shell Parasite","floor":18.0,"turns":4.0},{"damage":21.0,"enemies":"3 Byrds","floor":19.0,"turns":6.0},{"damage":2.0,"enemies":"Sentry and Sphere","floor":21.0,"turns":5.0},{"damage":24.0,"enemies":"Colosseum Slavers","floor":24.0,"turns":5.0},{"damage":15.0,"enemies":"Centurion and Healer","floor":28.0,"turns":5.0},{"damage":23,"enemies":"Shelled Parasite and Fungi","floor":30,"turns":2}],"seed_played":"3499228502137515078","potions_obtained":[{"floor":3.0,"key":"AttackPotion"},{"floor":3.0,"key":"Dexterity Potion"},{"floor":10.0,"key":"PowerPotion"}],"is_trial":false,"path_per_floor":["M","$","?","?","M","R","E","R","T","M","R","E","R","M","R","B",null,"M","M","?","M","?","R","?","?","T","R","M","?"],"character_chosen":"THE_SILENT","items_purchased":["Noxious Fumes","Bouncing Flask"],"campfire_rested":2,"item_purchase_floors":[2,2],"current_hp_per_floor":[59,59,59,59,59,59,59,59,59,58,58,29,29,29,29,11,49,48,27,27,25,25,43,19,3,3,21,6,6,0],"gold":141,"neow_bonus":"THREE_ENEMY_KILL","is_prod":false,"is_daily":false,"chose_seed":false,"campfire_upgraded":5,"win_rate":0,"timestamp":1540640741,"path_taken":["M","$","?","?","M","R","E","R","T","?","R","E","R","M","R","BOSS","M","?","?","M","?","R","?","?","T","R","?","?","M"],"build_version":"2018-10-25v2","purchased_purges":0,"victory":false,"max_hp_per_floor":[66,66,66,61,61,61,61,61,61,61,61,61,61,61,61,61,61,61,61,61,61,61,61,61,61,61,61,61,61,61],"card_choices":[{"not_picked":["Quick Slash","Outmaneuver"],"picked":"Poisoned Stab","floor":1.0},{"not_picked":["Poisoned Stab","Distraction"],"picked":"Predator","floor":5.0},{"not_picked":["Slice","Dagger Throw"],"picked":"Deadly Poison","floor":7.0},{"not_picked":["Outmaneuver","Cloak And Dagger"],"picked":"Escape Plan","floor":10.0},{"not_picked":["Skewer","Cloak And Dagger"],"picked":"Terror","floor":12.0},{"not_picked":["Prepared","Tactician","Quick Slash"],"picked":"SKIP","floor":14.0},{"not_picked":["Unload","Phantasmal Killer"],"picked":"Tools of the Trade","floor":16.0},{"not_picked":["Deadly Poison","Infinite Blades","Masterful Stab"],"picked":"SKIP","floor":18.0},{"not_picked":["Outmaneuver","Cloak And Dagger","Noxious Fumes"],"picked":"SKIP","floor":19.0},{"not_picked":["Bane","Cloak And Dagger"],"picked":"Catalyst","floor":21.0},{"not_picked":["Accuracy","Phantasmal Killer+1","Masterful Stab"],"picked":"SKIP","floor":28.0}],"player_experience":468730,"relics_obtained":[{"floor":7.0,"key":"Mummified Hand"},{"floor":9.0,"key":"Ornamental Fan"},{"floor":12.0,"key":"Bottled Lightning"},{"floor":25.0,"key":"Nilry\u0027s Codex"},{"floor":26.0,"key":"Toxic Egg 2"}],"event_choices":[{"damage_healed":0.0,"max_hp_gain":0.0,"max_hp_loss":0.0,"gold_gain":0.0,"event_name":"The Lab","player_choice":"Got Potions","floor":3.0,"gold_loss":0.0,"damage_taken":0.0},{"damage_healed":0.0,"max_hp_gain":0.0,"max_hp_loss":5.0,"gold_gain":0.0,"event_name":"Golden Idol","player_choice":"Lose Max HP","floor":4.0,"gold_loss":0.0,"damage_taken":0.0,"relics_obtained":["Golden Idol"]},{"damage_healed":0.0,"max_hp_gain":0.0,"max_hp_loss":0.0,"gold_gain":0.0,"event_name":"Duplicator","player_choice":"Copied","floor":20.0,"gold_loss":0.0,"damage_taken":0.0,"cards_obtained":["Footwork"]},{"cards_removed":["Defend_G"],"damage_healed":0.0,"max_hp_gain":0.0,"max_hp_loss":0.0,"gold_gain":0.0,"event_name":"Beggar","player_choice":"Gave Gold","floor":22.0,"gold_loss":75.0,"damage_taken":0.0},{"damage_healed":0.0,"max_hp_gain":0.0,"max_hp_loss":0.0,"gold_gain":0.0,"event_name":"Colosseum","player_choice":"Fight","floor":24.0,"gold_loss":0.0,"damage_taken":0.0},{"damage_healed":0.0,"max_hp_gain":0.0,"max_hp_loss":0.0,"gold_gain":0.0,"event_name":"Colosseum","player_choice":"Fled From Nobs","floor":24.0,"gold_loss":0.0,"damage_taken":0.0},{"damage_healed":0.0,"max_hp_gain":0.0,"max_hp_loss":0.0,"gold_gain":0.0,"event_name":"Cursed Tome","player_choice":"Obtained Book","floor":25.0,"gold_loss":0.0,"damage_taken":16.0},{"damage_healed":0.0,"max_hp_gain":0.0,"max_hp_loss":0.0,"gold_gain":0.0,"event_name":"Addict","player_choice":"Obtained Relic","floor":29.0,"gold_loss":85.0,"damage_taken":0.0,"relics_obtained":["Bronze Scales"]}],"is_beta":true,"boss_relics":[{"not_picked":["Lizard Tail","Snecko Eye"],"picked":"Astrolabe"}],"items_purged_floors":[],"is_endless":false,"potions_floor_spawned":[5,10,12,14,19,28],"killed_by":"Shelled Parasite and Fungi","ascension_level":14}