{"gold_per_floor":[368,368,385,26,43,75,75,101,101,101,120,76,76,88,88,165,165,183,202,26,43,43,43,43],"floor_reached":24,"playtime":783,"items_purged":[],"score":515,"play_id":"355bcf17-55b7-4579-8acb-619cfae8bb29","local_time":"20180915083550","is_ascension_mode":true,"campfire_choices":[{"data":"Seek","floor":7.0,"key":"SMITH"},{"data":"Tempest","floor":13,"key":"SMITH"},{"data":"Beam Cell","floor":15,"key":"SMITH"},{"floor":23,"key":"REST"}],"neow_cost":"TEN_PERCENT_HP_LOSS","seed_source_timestamp":1561226153455,"circlet_count":0,"master_deck":["Strike_B","Strike_B","Strike_B","Strike_B","Defend_B","Defend_B","Defend_B","Defend_B","Zap","Dualcast","AscendersBane","Redo","Melter","Seek+1","Glacier","Gash","Ball Lightning+1","Hologram","Slice+1","Madness","Headbutt","Tempest+1","Beam Cell+1","Fission","Glacier","Self Repair","Reinforced Body","Doom and Gloom","Pommel Strike"],"special_seed":0,"relics":["Cracked Core","PrismaticShard","Juzu Bracelet","Whetstone","Potion Belt","Mercury Hourglass","Inserter"],"potions_floor_usage":[18],"damage_taken":[{"damage":5.0,"enemies":"Small Slimes","floor":1.0,"turns":3.0},{"damage":1.0,"enemies":"Cultist","floor":3.0,"turns":3.0},{"damage":7.0,"enemies":"Jaw Worm","floor":5.0,"turns":2.0},{"damage":0.0,"enemies":"Gremlin Nob","floor":6.0,"turns":3.0},{"damage":8,"enemies":"3 Louse","floor":11,"turns":2},{"damage":0,"enemies":"Large Slime","floor":14,"turns":3},{"damage":0,"enemies":"Slime Boss","floor":16,"turns":5},{"damage":15,"enemies":"Shell Parasite","floor":18,"turns":5},{"damage":26,"enemies":"3 Byrds","floor":19,"turns":3},{"damage":8,"enemies":"3 Cultists","floor":21,"turns":5},{"damage":46,"enemies":"Book of Stabbing","floor":24,"turns":3}],"seed_played":"-3299182618065747161","potions_obtained":[{"floor":1.0,"key":"Poison Potion"},{"floor":6.0,"key":"Fruit Juice"},{"floor":14,"key":"Block Potion"},{"floor":19,"key":"SteroidPotion"}],"is_trial":false,"path_per_floor":["M","?","M","$","M","E","R","T","T","T","M","$","R","M","R","B",null,"M","M","$","M","$","R"],"character_chosen":"DEFECT","items_purchased":["PrismaticShard","Gash","Ball Lightning","Hologram","Tempest","Reinforced Body","Doom and Gloom"],"campfire_rested":1,"item_purchase_floors":[4,4,4,4,12,20,20],"current_hp_per_floor":[59,59,58,58,51,56,56,56,56,56,48,48,48,48,48,48,64,49,23,23,22,22,42,0],"gold":43,"neow_bonus":"TWO_FIFTY_GOLD","is_prod":false,"is_daily":false,"chose_seed":false,"campfire_upgraded":3,"win_rate":0,"timestamp":1536971750,"path_taken":["M","?","?","$","M","E","R","?","T","?","M","$","R","M","R","BOSS","M","M","$","M","$","R","E"],"build_version":"2018-09-12","purchased_purges":0,"victory":false,"max_hp_per_floor":[64,64,64,64,64,69,69,69,69,69,69,69,69,69,69,69,69,69,69,69,69,69,69,69],"card_choices":[{"not_picked":["FTL","Stack"],"picked":"Redo","floor":1.0},{"not_picked":["Barrage","Sunder"],"picked":"Glacier","floor":3.0},{"not_picked":["True Grit","Rebound"],"picked":"Slice","floor":5.0},{"not_picked":["Clash","Rage"],"picked":"Madness","floor":6.0},{"not_picked":["Anger","Thunder Strike"],"picked":"Headbutt","floor":11},{"not_picked":["Flex","Iron Wave"],"picked":"Beam Cell","floor":14},{"not_picked":["Amplify","Panache"],"picked":"Fission","floor":16},{"not_picked":["Coolheaded","Tactician"],"picked":"Glacier","floor":18},{"not_picked":["Outmaneuver","Leap"],"picked":"Self Repair","floor":19},{"not_picked":["Flying Knee","Reinforced Body"],"picked":"Pommel Strike","floor":21}],"player_experience":330828,"relics_obtained":[{"floor":6.0,"key":"Juzu Bracelet"},{"floor":8.0,"key":"Whetstone"},{"floor":9.0,"key":"Potion Belt"},{"floor":10,"key":"Mercury Hourglass"}],"event_choices":[{"event_name":"Match and Keep!","player_choice":"2 cards matched","floor":2.0,"damage_taken":0.0}],"is_beta":true,"boss_relics":[{"not_picked":["Tiny House","Calling Bell"],"picked":"Inserter"}],"items_purged_floors":[],"is_endless":false,"potions_floor_spawned":[1,6,14,19],"killed_by":"Book of Stabbing","ascension_level":18}