{"gold_per_floor":[117,117,117,23,39,39,39,68,93,108,108,108,128,146,146,245,245,262,279,307,327,327,327],"floor_reached":23,"playtime":1097,"items_purged":[],"score":241,"play_id":"7efec5bf-6b23-4d03-9bc7-8c4aecefcdbf","local_time":"20190807175920","is_ascension_mode":false,"campfire_choices":[{"floor":7,"key":"RECALL"},{"data":"Armaments","floor":11,"key":"SMITH"},{"data":"Rampage","floor":15,"key":"SMITH"}],"neow_cost":"NONE","seed_source_timestamp":147466868531768,"circlet_count":0,"master_deck":["Defend_R","Defend_R","Defend_R","Bash","Thunderclap","Armaments+1","Body Slam","Pommel Strike","Rampage+1","Bash","Bludgeon","Barricade","Fire Breathing+1","Headbutt","Bite","Bite","Bite","Bite","Bite"],"relics":["Burning Blood","NeowsBlessing","Self Forming Clay","Cursed Key","Red Mask"],"potions_floor_usage":[16,19],"damage_taken":[{"damage":0,"enemies":"Jaw Worm","floor":1,"turns":1},{"damage":0,"enemies":"2 Louse","floor":5,"turns":1},{"damage":0,"enemies":"Lagavulin","floor":8,"turns":1},{"damage":1,"enemies":"Cultist","floor":10,"turns":3},{"damage":20,"enemies":"Exordium Wildlife","floor":13,"turns":5},{"damage":7,"enemies":"Blue Slaver","floor":14,"turns":4},{"damage":62,"enemies":"Slime Boss","floor":16,"turns":11},{"damage":16,"enemies":"Chosen","floor":18,"turns":5},{"damage":14,"enemies":"2 Thieves","floor":19,"turns":3},{"damage":12,"enemies":"Masked Bandits","floor":20,"turns":4},{"damage":15,"enemies":"Snecko","floor":21,"turns":3},{"damage":67,"enemies":"Book of Stabbing","floor":23,"turns":6}],"seed_played":"-3150947119069534930","potions_obtained":[{"floor":10,"key":"Strength Potion"},{"floor":16,"key":"Fire Potion"},{"floor":20,"key":"SpeedPotion"}],"is_trial":false,"path_per_floor":["M","?","?","$","M","$","R","E","T","M","R","?","M","M","R","B",null,"M","M","?","M","?","E"],"character_chosen":"IRONCLAD","items_purchased":["Thunderclap","Armaments"],"campfire_rested":0,"item_purchase_floors":[4,4],"current_hp_per_floor":[80,80,73,73,79,79,79,80,80,80,80,80,66,65,65,9,80,70,62,56,47,47,0],"gold":327,"neow_bonus":"THREE_ENEMY_KILL","is_prod":false,"is_daily":false,"chose_seed":false,"campfire_upgraded":2,"win_rate":0,"timestamp":1565215160,"path_taken":["M","?","?","$","M","$","R","E","T","M","R","?","?","M","R","BOSS","M","M","?","M","?","E"],"build_version":"2019-07-17","purchased_purges":0,"victory":false,"max_hp_per_floor":[80,80,80,80,80,80,80,80,80,80,80,80,80,80,80,80,80,80,80,80,80,56,56],"card_choices":[{"not_picked":["Twin Strike","Intimidate","Reckless Charge"],"picked":"SKIP","floor":1},{"not_picked":["Sever Soul","Rupture"],"picked":"Body Slam","floor":5},{"not_picked":["Corruption","Flex"],"picked":"Pommel Strike","floor":8},{"not_picked":["Thunderclap","Clothesline"],"picked":"Rampage","floor":10},{"not_picked":["Pommel Strike","Infernal Blade"],"picked":"Bludgeon","floor":13},{"not_picked":["Sword Boomerang","Havoc","Twin Strike"],"picked":"SKIP","floor":14},{"not_picked":["Double Tap","Limit Break"],"picked":"Barricade","floor":16},{"not_picked":["Twin Strike","Pommel Strike","Flex"],"picked":"SKIP","floor":18},{"not_picked":["Thunderclap","Shrug It Off+1"],"picked":"Fire Breathing+1","floor":19},{"not_picked":["Warcry","True Grit+1"],"picked":"Headbutt","floor":20},{"not_picked":["Havoc+1","Demon Form","Clothesline"],"picked":"SKIP","floor":21}],"player_experience":66802,"relics_obtained":[{"floor":8,"key":"Self Forming Clay"},{"floor":20,"key":"Red Mask"}],"event_choices":[{"cards_removed":["Strike_R"],"damage_healed":0,"gold_gain":0,"player_choice":"Forget","damage_taken":0,"max_hp_gain":0,"max_hp_loss":0,"event_name":"Living Wall","floor":2,"gold_loss":0},{"cards_removed":["Defend_R"],"damage_healed":0,"gold_gain":0,"player_choice":"Card Removal","damage_taken":7,"max_hp_gain":0,"max_hp_loss":0,"event_name":"Golden Wing","floor":3,"gold_loss":0},{"damage_healed":0,"gold_gain":0,"player_choice":"1 cards matched","damage_taken":0,"max_hp_gain":0,"max_hp_loss":0,"event_name":"Match and Keep!","floor":12,"gold_loss":0,"cards_obtained":["Bash"]},{"damage_healed":0,"gold_gain":0,"player_choice":"Fought Bandits","damage_taken":0,"max_hp_gain":0,"max_hp_loss":0,"event_name":"Masked Bandits","floor":20,"gold_loss":0},{"damage_healed":0,"gold_gain":0,"player_choice":"Became a vampire","damage_taken":0,"max_hp_gain":0,"max_hp_loss":24,"event_name":"Vampires","floor":22,"gold_loss":0,"cards_obtained":["Bite","Bite","Bite","Bite","Bite"]}],"is_beta":false,"boss_relics":[{"not_picked":["Lizard Tail","Black Blood"],"picked":"Cursed Key"}],"items_purged_floors":[],"is_endless":false,"potions_floor_spawned":[10,16,20],"killed_by":"Book of Stabbing","ascension_level":0}