{"gold_per_floor":[117,24,24,39,39,73,73,84,84,259,259,259,34,48,48,145,145,165,165,165,184,19,19,30,30],"floor_reached":25,"playtime":1064,"items_purged":[],"score":358,"play_id":"18f8702e-b7ea-449f-9ad8-e3c270b0e85c","local_time":"20180819165522","is_ascension_mode":true,"campfire_choices":[{"data":"Blind","floor":7.0,"key":"SMITH"},{"data":"Dualcast","floor":11.0,"key":"SMITH"},{"data":"Redo","floor":15.0,"key":"SMITH"},{"data":"Coolheaded","floor":23.0,"key":"SMITH"}],"neow_cost":"NONE","seed_source_timestamp":0,"circlet_count":0,"master_deck":["Strike_B","Strike_B","Strike_B","Defend_B","Defend_B","Defend_B","Defend_B","Zap","Dualcast+1","AscendersBane","Capacitor","Blind+1","Glacier+1","Blizzard","Turbo","Steam","Doubt","Redo+1","Sweeping Beam","Echo Form","Coolheaded+1","Leap","Flash of Steel","BootSequence","Compile Driver"],"special_seed":0,"relics":["Cracked Core","NeowsBlessing","Torii","DataDisk","White Beast Statue","Nloth\u0027s Gift"],"potions_floor_usage":[24],"damage_taken":[{"damage":0.0,"enemies":"Small Slimes","floor":1.0,"turns":1.0},{"damage":0.0,"enemies":"2 Louse","floor":4.0,"turns":1.0},{"damage":0.0,"enemies":"Lagavulin","floor":6.0,"turns":1.0},{"damage":2.0,"enemies":"Jaw Worm","floor":8.0,"turns":4.0},{"damage":1.0,"enemies":"Blue Slaver","floor":14.0,"turns":3.0},{"damage":21.0,"enemies":"Hexaghost","floor":16.0,"turns":17.0},{"damage":17.0,"enemies":"Shell Parasite","floor":18.0,"turns":6.0},{"damage":8.0,"enemies":"3 Byrds","floor":21.0,"turns":6.0},{"damage":11,"enemies":"3 Cultists","floor":24,"turns":7},{"damage":43,"enemies":"Cultist and Chosen","floor":25,"turns":4}],"seed_played":"8306040208446665879","potions_obtained":[{"floor":6.0,"key":"Dexterity Potion"},{"floor":8.0,"key":"Explosive Potion"},{"floor":14.0,"key":"Block Potion"},{"floor":18.0,"key":"Regen Potion"},{"floor":21.0,"key":"Poison Potion"},{"floor":24,"key":"SpeedPotion"}],"is_trial":false,"path_per_floor":["M","$","?","M","?","E","R","M","T","?","R","?","$","M","R","B",null,"M","?","?","M","$","R","M"],"character_chosen":"DEFECT","items_purchased":["Blind","DataDisk","Redo","Sweeping Beam","Flash of Steel","BootSequence"],"campfire_rested":0,"item_purchase_floors":[2,13,13,13,22,22],"current_hp_per_floor":[68,68,68,68,68,68,68,66,66,66,66,66,66,67,67,46,69,52,52,38,45,45,45,34,0],"gold":30,"neow_bonus":"THREE_ENEMY_KILL","is_prod":false,"is_daily":false,"chose_seed":false,"campfire_upgraded":4,"win_rate":0,"timestamp":1534668922,"path_taken":["M","$","?","M","?","E","R","?","T","?","R","?","?","M","R","BOSS","M","?","?","M","?","R","M","M"],"build_version":"2018-08-16","purchased_purges":0,"victory":false,"max_hp_per_floor":[75,75,75,75,75,75,75,75,75,75,75,75,75,77,77,77,77,77,77,82,82,82,82,82,82],"card_choices":[{"not_picked":["Conserve Battery","Rip and Tear"],"picked":"Capacitor","floor":1.0},{"not_picked":["Stack","Doom and Gloom"],"picked":"Glacier","floor":4.0},{"not_picked":["Gash","Stack"],"picked":"Turbo","floor":6.0},{"not_picked":["Heatsinks","Hello World"],"picked":"Steam","floor":8.0},{"not_picked":["Turbo","Genetic Algorithm","Barrage"],"picked":"Singing Bowl","floor":14.0},{"not_picked":["Machine Learning","Fission"],"picked":"Echo Form","floor":16.0},{"not_picked":["Conserve Battery","Ball Lightning"],"picked":"Coolheaded","floor":18.0},{"not_picked":["Ball Lightning","Beam Cell"],"picked":"Leap","floor":21.0},{"not_picked":["Fusion","Turbo"],"picked":"Compile Driver","floor":24}],"player_experience":247343,"relics_obtained":[{"floor":6.0,"key":"Torii"},{"floor":9.0,"key":"Singing Bowl"}],"event_choices":[{"event_name":"The Cleric","player_choice":"Leave","floor":3.0,"damage_taken":0.0},{"event_name":"Living Wall","player_choice":"Change","floor":5.0,"damage_taken":0.0},{"event_name":"Liars Game","player_choice":"agreed","floor":10.0,"damage_taken":0.0},{"event_name":"Upgrade Shrine","player_choice":"Upgraded","floor":12.0,"damage_taken":0.0},{"event_name":"N\u0027loth","player_choice":"Traded a Singing Bowl","floor":19.0,"damage_taken":0.0},{"event_name":"Forgotten Altar","player_choice":"Shed Blood","floor":20.0,"damage_taken":0.0}],"is_beta":false,"boss_relics":[{"not_picked":["Velvet Choker","Eternal Feather"],"picked":"White Beast Statue"}],"items_purged_floors":[],"is_endless":false,"potions_floor_spawned":[6,8,14,18,21,24],"killed_by":"Cultist and Chosen","ascension_level":12}