{"gold_per_floor":[116,126,32,107,133,159,159,174,250,276,309,342,342,12,12,111,111,121,171,0,13,24,57,57,84,84,9,26,26,51,65,65,161,161,177,189,189,189,204,204,231,331,356,356,404,26,26,38,38,38],"floor_reached":51,"playtime":6084,"items_purged":["Regret","Strike_B","Strike_B"],"score":876,"play_id":"4552069c-44db-48f4-a768-04299e88ac0b","local_time":"20190810201204","is_ascension_mode":true,"campfire_choices":[{"data":"Sweeping Beam","floor":7.0,"key":"SMITH"},{"data":"Zap","floor":15.0,"key":"SMITH"},{"data":"Dualcast","floor":24.0,"key":"SMITH"},{"floor":29,"key":"REST"},{"floor":32,"key":"REST"},{"data":"Compile Driver","floor":40,"key":"SMITH"},{"floor":44,"key":"REST"},{"data":"Ball Lightning","floor":47,"key":"SMITH"},{"floor":49,"key":"REST"}],"neow_cost":"NONE","seed_source_timestamp":514321619188395,"circlet_count":0,"master_deck":["Strike_B","Strike_B","Defend_B","Defend_B","Defend_B","Defend_B","Zap+1","Dualcast+1","Cold Snap","Ball Lightning+1","Compile Driver+1","Sweeping Beam+1","Genetic Algorithm","Leap+1","Hologram+1","Leap+1","All For One","Coolheaded+1","Consume+1","Ball Lightning+1","Capacitor+1","Double Energy+1","Machine Learning+1","Stack+1","Amplify+1","Undo+1","Auto Shields+1","Reinforced Body+1"],"special_seed":0,"relics":["Cracked Core","Bag of Marbles","WingedGreaves","Toxic Egg 2","Vajra","Emotion Chip","Bag of Preparation","Omamori","Letter Opener","Velvet Choker","Potion Belt","Nunchaku","Frozen Egg 2","Bottled Flame","Nuclear Battery","Gambling Chip","Anchor","FossilizedHelix","Bronze Scales","Centennial Puzzle","HandDrill"],"potions_floor_usage":[30,41,50,50,50,50,50],"damage_taken":[{"damage":0.0,"enemies":"Cultist","floor":1.0,"turns":3.0},{"damage":0.0,"enemies":"Jaw Worm","floor":2.0,"turns":4.0},{"damage":13.0,"enemies":"3 Sentries","floor":6.0,"turns":6.0},{"damage":0.0,"enemies":"Small Slimes","floor":8.0,"turns":1.0},{"damage":8.0,"enemies":"Gremlin Nob","floor":10.0,"turns":4.0},{"damage":11.0,"enemies":"3 Sentries","floor":11.0,"turns":5.0},{"damage":13.0,"enemies":"Lagavulin","floor":12.0,"turns":5.0},{"damage":2.0,"enemies":"Slime Boss","floor":16.0,"turns":8.0},{"damage":2.0,"enemies":"Chosen","floor":18.0,"turns":3.0},{"damage":4.0,"enemies":"3 Byrds","floor":21.0,"turns":4.0},{"damage":7.0,"enemies":"Snake Plant","floor":22.0,"turns":4.0},{"damage":14.0,"enemies":"Slavers","floor":23.0,"turns":3.0},{"damage":21.0,"enemies":"Book of Stabbing","floor":25.0,"turns":4.0},{"damage":16.0,"enemies":"Shelled Parasite and Fungi","floor":28.0,"turns":4.0},{"damage":14,"enemies":"Gremlin Leader","floor":30,"turns":6},{"damage":5,"enemies":"Cultist and Chosen","floor":31,"turns":3},{"damage":32,"enemies":"Champ","floor":33,"turns":11},{"damage":0,"enemies":"Orb Walker","floor":35,"turns":3},{"damage":9,"enemies":"3 Shapes","floor":36,"turns":3},{"damage":4,"enemies":"Maw","floor":39,"turns":7},{"damage":23,"enemies":"Giant Head","floor":41,"turns":8},{"damage":0,"enemies":"Mind Bloom Boss Battle","floor":42,"turns":6},{"damage":10,"enemies":"3 Darklings","floor":48,"turns":4},{"damage":19,"enemies":"Donu and Deca","floor":50,"turns":9}],"seed_played":"6424587558902249076","potions_obtained":[{"floor":2.0,"key":"SkillPotion"},{"floor":8.0,"key":"Swift Potion"},{"floor":11.0,"key":"SneckoOil"},{"floor":12.0,"key":"SteroidPotion"},{"floor":16.0,"key":"Dexterity Potion"},{"floor":22.0,"key":"SpeedPotion"},{"floor":23.0,"key":"Fire Potion"},{"floor":30,"key":"Explosive Potion"},{"floor":33,"key":"FearPotion"},{"floor":36,"key":"SteroidPotion"},{"floor":39,"key":"Weak Potion"},{"floor":48,"key":"EssenceOfSteel"}],"is_trial":false,"path_per_floor":["M","M","$","?","T","E","R","M","T","E","E","E","?","$","R","B",null,"M","?","$","M","M","E","R","E","T","$","M","R","E","M","R","B",null,"M","M","T","?","M","R","E","?","T","R","T","$","R","M","R","B",null],"character_chosen":"DEFECT","items_purchased":["Block Potion","Compile Driver","Letter Opener","Consume+1","Capacitor+1","HandDrill","Dexterity Potion"],"campfire_rested":4,"item_purchase_floors":[3,3,14,20,27,46,46],"current_hp_per_floor":[82,82,82,71,71,58,58,58,58,50,39,26,26,26,26,24,82,80,80,80,76,69,55,55,34,34,34,18,42,28,23,47,15,82,82,73,73,73,69,69,46,46,46,69,69,69,69,59,78,59],"gold":38,"neow_bonus":"TEN_PERCENT_HP_BONUS","is_prod":false,"is_daily":false,"chose_seed":false,"campfire_upgraded":5,"win_rate":0,"timestamp":1565460724,"path_taken":["M","M","?","?","?","E","R","?","T","E","E","E","?","$","R","BOSS","M","?","$","M","M","E","R","E","T","$","M","R","E","M","R","BOSS","M","M","?","?","M","R","E","?","T","R","?","$","R","?","R","BOSS"],"build_version":"2019-07-17","purchased_purges":3,"victory":true,"max_hp_per_floor":[82,82,82,82,82,82,82,82,82,82,82,82,82,82,82,82,82,82,82,82,82,82,82,82,82,82,82,82,82,82,82,82,82,82,82,82,82,78,78,78,78,78,78,78,78,78,78,78,78,78],"card_choices":[{"not_picked":["Melter","Rip and Tear"],"picked":"Cold Snap","floor":1.0},{"not_picked":["Stack","Melter"],"picked":"Ball Lightning","floor":2.0},{"not_picked":["Tempest","Streamline"],"picked":"Sweeping Beam","floor":6.0},{"not_picked":["Compile Driver","Double Energy"],"picked":"Genetic Algorithm","floor":8.0},{"not_picked":["Blizzard","Defragment"],"picked":"Leap+1","floor":10.0},{"not_picked":["Streamline","Leap+1"],"picked":"Hologram+1","floor":11.0},{"not_picked":["Sweeping Beam","Lockon"],"picked":"Leap+1","floor":12.0},{"not_picked":["Multi-Cast+1","Amplify+1"],"picked":"All For One","floor":16.0},{"not_picked":["Rebound","Cold Snap"],"picked":"Coolheaded+1","floor":18.0},{"not_picked":["Redo+1","Sweeping Beam","Steam+1"],"picked":"SKIP","floor":21.0},{"not_picked":["Leap+1","Barrage"],"picked":"Ball Lightning+1","floor":22.0},{"not_picked":["Coolheaded+1","Gash","Consume+1"],"picked":"SKIP","floor":23.0},{"not_picked":["Double Energy+1","Reprogram+1","Recycle+1"],"picked":"SKIP","floor":25.0},{"not_picked":["Turbo+1","Hologram+1"],"picked":"Double Energy+1","floor":28},{"not_picked":["Rebound","Coolheaded+1"],"picked":"Machine Learning+1","floor":30},{"not_picked":["Cold Snap","FTL+1"],"picked":"Stack+1","floor":31},{"not_picked":["Meteor Strike","All For One"],"picked":"Amplify+1","floor":33},{"not_picked":["Skim+1","Streamline"],"picked":"Undo+1","floor":35},{"not_picked":["Sweeping Beam+1","Conserve Battery+1"],"picked":"Auto Shields+1","floor":36},{"not_picked":["Reinforced Body+1","Steam Power+1","Aggregate+1"],"picked":"SKIP","floor":39},{"not_picked":["Self Repair+1","Turbo+1","Hologram+1"],"picked":"SKIP","floor":41},{"not_picked":["Go for the Eyes","Ball Lightning"],"picked":"Reinforced Body+1","floor":42},{"not_picked":["Multi-Cast+1","White Noise+1","Heatsinks+1"],"picked":"SKIP","floor":48}],"player_experience":100450,"relics_obtained":[{"floor":5.0,"key":"Bag of Marbles"},{"floor":6.0,"key":"WingedGreaves"},{"floor":9.0,"key":"Toxic Egg 2"},{"floor":10.0,"key":"Vajra"},{"floor":11.0,"key":"Emotion Chip"},{"floor":12.0,"key":"Bag of Preparation"},{"floor":23.0,"key":"Potion Belt"},{"floor":25.0,"key":"Nunchaku"},{"floor":26.0,"key":"Frozen Egg 2"},{"floor":30,"key":"Bottled Flame"},{"floor":37,"key":"Gambling Chip"},{"floor":41,"key":"Anchor"},{"floor":42,"key":"FossilizedHelix"},{"floor":43,"key":"Bronze Scales"},{"floor":45,"key":"Centennial Puzzle"}],"event_choices":[{"damage_healed":0.0,"max_hp_gain":0.0,"max_hp_loss":0.0,"gold_gain":75.0,"event_name":"World of Goop","player_choice":"Gather Gold","floor":4.0,"gold_loss":0.0,"damage_taken":11.0},{"damage_healed":0.0,"max_hp_gain":0.0,"max_hp_loss":0.0,"gold_gain":0.0,"event_name":"Big Fish","player_choice":"Box","floor":13.0,"gold_loss":0.0,"damage_taken":0.0,"relics_obtained":["Omamori"],"cards_obtained":["Regret"]},{"damage_healed":0.0,"max_hp_gain":0.0,"max_hp_loss":0.0,"gold_gain":100.0,"event_name":"The Joust","player_choice":"Bet on Murderer","floor":19.0,"gold_loss":50.0,"damage_taken":0.0},{"damage_healed":0,"gold_gain":0,"player_choice":"Max HP","damage_taken":0,"max_hp_gain":0,"max_hp_loss":4,"event_name":"Winding Halls","floor":38,"gold_loss":0},{"damage_healed":0,"gold_gain":0,"player_choice":"Fight","damage_taken":0,"max_hp_gain":0,"max_hp_loss":0,"event_name":"MindBloom","floor":42,"gold_loss":0}],"is_beta":false,"boss_relics":[{"not_picked":["Black Star","Tiny House"],"picked":"Velvet Choker"},{"not_picked":["Busted Crown","Orrery"],"picked":"Nuclear Battery"}],"items_purged_floors":[14,20,46],"is_endless":false,"potions_floor_spawned":[2,8,11,12,16,22,23,30,33,36,39,48],"ascension_level":4}