{"gold_per_floor":[368,368,384,384,394,428,428,393,419,606,637,89,89,116,116,189,189,199,218,218,231,146,146,246,246,317,317,332,345,142,161,161,240,240,259,274,162,178,178,178,178,195,195,195,61,7,17,28,28,28],"floor_reached":51,"playtime":2337,"items_purged":["Doubt","Strike_R","Decay","Decay"],"score":1174,"play_id":"3c6617f6-00d9-4aaa-81c3-1c22819bb562","local_time":"20190129090745","is_ascension_mode":true,"campfire_choices":[{"data":"Immolate","floor":7.0,"key":"SMITH"},{"data":"Mayhem","floor":13.0,"key":"SMITH"},{"data":"Strike_R","floor":15.0,"key":"PURGE"},{"data":"Double Tap","floor":23.0,"key":"SMITH"},{"data":"True Grit","floor":25.0,"key":"SMITH"},{"data":"Barricade","floor":27.0,"key":"SMITH"},{"floor":32.0,"key":"REST"},{"data":"Flame Barrier","floor":40,"key":"SMITH"},{"floor":49,"key":"REST"}],"neow_cost":"TEN_PERCENT_HP_LOSS","seed_source_timestamp":260976488121,"circlet_count":0,"master_deck":["AscendersBane","Defend_R","Defend_R","Defend_R","Defend_R","Flame Barrier+1","Double Tap+1","Immolate+1","Thunderclap","Mayhem+1","Barricade+1","True Grit+1","Armaments+1","Entrench+1","Flame Barrier+1","Shrug It Off+1","Juggernaut+1","Burning Pact+1","Seeing Red+1","Impatience+1","Sentinel+1","Feel No Pain","Entrench+1"],"special_seed":0,"relics":["Burning Blood","Art of War","MawBank","Peace Pipe","Smiling Mask","Cursed Key","The Courier","Ginger","Mercury Hourglass","Toxic Egg 2","Empty Cage","Ice Cream"],"potions_floor_usage":[35,47,50],"damage_taken":[{"damage":9.0,"enemies":"2 Louse","floor":1.0,"turns":5.0},{"damage":9.0,"enemies":"Jaw Worm","floor":3.0,"turns":3.0},{"damage":2.0,"enemies":"Small Slimes","floor":5.0,"turns":3.0},{"damage":49.0,"enemies":"Lagavulin","floor":6.0,"turns":8.0},{"damage":10.0,"enemies":"2 Fungi Beasts","floor":11.0,"turns":3.0},{"damage":0.0,"enemies":"Gremlin Nob","floor":14.0,"turns":2.0},{"damage":1.0,"enemies":"The Guardian","floor":16.0,"turns":8.0},{"damage":6.0,"enemies":"Spheric Guardian","floor":18.0,"turns":3.0},{"damage":0.0,"enemies":"Chosen","floor":19.0,"turns":4.0},{"damage":16.0,"enemies":"Snake Plant","floor":21.0,"turns":4.0},{"damage":24.0,"enemies":"Colosseum Slavers","floor":24.0,"turns":5.0},{"damage":18.0,"enemies":"Colosseum Nobs","floor":24.0,"turns":4.0},{"damage":9.0,"enemies":"Shelled Parasite and Fungi","floor":28.0,"turns":4.0},{"damage":0.0,"enemies":"3 Cultists","floor":29.0,"turns":2.0},{"damage":16.0,"enemies":"Snecko","floor":31.0,"turns":6.0},{"damage":15.0,"enemies":"Collector","floor":33.0,"turns":17.0},{"damage":13,"enemies":"3 Shapes","floor":35,"turns":4},{"damage":27,"enemies":"3 Darklings","floor":36,"turns":6},{"damage":0,"enemies":"Spire Growth","floor":38,"turns":9},{"damage":21,"enemies":"Maw","floor":42,"turns":9},{"damage":14,"enemies":"Jaw Worm Horde","floor":47,"turns":4},{"damage":0,"enemies":"Writhing Mass","floor":48,"turns":7},{"damage":2,"enemies":"Time Eater","floor":50,"turns":13}],"seed_played":"6293989985879836594","potions_obtained":[{"floor":5.0,"key":"GamblersBrew"},{"floor":11.0,"key":"PowerPotion"},{"floor":24.0,"key":"SkillPotion"},{"floor":28.0,"key":"Fire Potion"},{"floor":35,"key":"SteroidPotion"},{"floor":36,"key":"Block Potion"}],"is_trial":false,"path_per_floor":["M","?","M","?","M","E","R","?","T","?","M","$","R","E","R","B",null,"M","M","?","M","?","R","?","R","T","R","M","M","$","M","R","B",null,"M","M","$","M","?","R","?","M","T","?","$","$","M","M","R","B",null],"character_chosen":"IRONCLAD","items_purchased":["Peace Pipe","Mayhem","Entrench+1","Flame Barrier+1","SpeedPotion","Seeing Red+1","Sentinel+1","Feel No Pain","Entrench+1"],"campfire_rested":2,"item_purchase_floors":[12,12,30,30,30,37,45,45,46],"current_hp_per_floor":[65,51,48,48,52,9,9,26,26,26,22,22,22,28,28,33,59,59,65,65,55,55,55,25,25,25,25,22,28,28,18,38,29,58,51,30,30,36,36,36,36,21,21,21,21,21,13,19,39,43],"gold":28,"neow_bonus":"TWO_FIFTY_GOLD","is_prod":false,"is_daily":false,"chose_seed":false,"campfire_upgraded":6,"win_rate":0,"timestamp":1548724065,"path_taken":["M","?","M","?","M","E","R","?","T","?","M","$","R","E","R","BOSS","M","M","?","M","?","R","?","R","T","R","M","M","?","M","R","BOSS","M","?","$","?","?","R","?","?","T","?","?","$","M","M","R","BOSS"],"build_version":"2019-01-23","purchased_purges":4,"victory":true,"max_hp_per_floor":[68,68,68,68,68,68,68,68,68,68,68,68,68,68,68,68,68,68,68,68,68,68,68,68,68,68,68,68,68,68,68,68,68,68,68,68,68,68,68,68,68,68,68,68,68,68,68,68,68,68],"card_choices":[{"not_picked":["Sword Boomerang","Warcry","Combust"],"picked":"SKIP","floor":1.0},{"not_picked":["Thunderclap","Anger"],"picked":"Flame Barrier","floor":3.0},{"not_picked":["Rampage","Flame Barrier","Sword Boomerang"],"picked":"SKIP","floor":5.0},{"not_picked":["Second Wind","Bloodletting"],"picked":"Immolate","floor":6.0},{"not_picked":["Bloodletting","Rage"],"picked":"Thunderclap","floor":11.0},{"not_picked":["Hemokinesis","Wild Strike","Twin Strike"],"picked":"SKIP","floor":14.0},{"not_picked":["Bludgeon","Exhume"],"picked":"Barricade","floor":16.0},{"not_picked":["Perfected Strike","Sword Boomerang+1"],"picked":"True Grit","floor":18.0},{"not_picked":["Pommel Strike","Carnage+1","True Grit"],"picked":"SKIP","floor":19.0},{"not_picked":["Iron Wave","Sword Boomerang+1","Thunderclap"],"picked":"SKIP","floor":21.0},{"not_picked":["Perfected Strike","Heavy Blade","Thunderclap"],"picked":"SKIP","floor":28.0},{"not_picked":["Feed","True Grit+1"],"picked":"Armaments+1","floor":29.0},{"not_picked":["Heavy Blade","Carnage"],"picked":"Shrug It Off+1","floor":31.0},{"not_picked":["Fiend Fire","Reaper"],"picked":"Juggernaut","floor":33.0},{"not_picked":["Clash","Heavy Blade","Shrug It Off+1"],"picked":"SKIP","floor":35},{"not_picked":["Headbutt","Anger"],"picked":"Burning Pact+1","floor":36},{"not_picked":["Spot Weakness+1","Anger","Clash"],"picked":"SKIP","floor":38},{"not_picked":["Transmutation+1","Mayhem"],"picked":"Impatience+1","floor":39},{"not_picked":["Cleave","Pommel Strike+1","Metallicize"],"picked":"SKIP","floor":42},{"not_picked":["Thunderclap","True Grit+1","Infernal Blade+1"],"picked":"SKIP","floor":47},{"not_picked":["Anger","Pommel Strike","Heavy Blade+1"],"picked":"SKIP","floor":48}],"player_experience":711426,"relics_obtained":[{"floor":6.0,"key":"Art of War"},{"floor":9.0,"key":"MawBank"},{"floor":14.0,"key":"Smiling Mask"},{"floor":24.0,"key":"Ginger"},{"floor":24.0,"key":"Mercury Hourglass"},{"floor":26.0,"key":"Toxic Egg 2"},{"floor":43,"key":"Ice Cream"}],"event_choices":[{"damage_healed":0.0,"max_hp_gain":0.0,"max_hp_loss":0.0,"gold_gain":0.0,"event_name":"Shining Light","player_choice":"Entered Light","floor":2.0,"gold_loss":0.0,"damage_taken":14.0,"cards_upgraded":["Strike_R","Bash"]},{"damage_healed":0.0,"max_hp_gain":0.0,"max_hp_loss":0.0,"gold_gain":0.0,"cards_transformed":["Strike_R"],"event_name":"Living Wall","player_choice":"Change","floor":4.0,"gold_loss":0.0,"damage_taken":0.0,"cards_obtained":["Double Tap"]},{"damage_healed":17.0,"max_hp_gain":0.0,"max_hp_loss":0.0,"gold_gain":0.0,"event_name":"The Cleric","player_choice":"Healed","floor":8.0,"gold_loss":35.0,"damage_taken":0.0},{"damage_healed":0.0,"max_hp_gain":0.0,"max_hp_loss":0.0,"gold_gain":175.0,"event_name":"Liars Game","player_choice":"AGREE","floor":10.0,"gold_loss":0.0,"damage_taken":0.0,"cards_obtained":["Doubt"]},{"damage_healed":0.0,"max_hp_gain":0.0,"max_hp_loss":0.0,"gold_gain":0.0,"event_name":"The Mausoleum","player_choice":"Ignored","floor":20.0,"gold_loss":0.0,"damage_taken":0.0},{"damage_healed":0.0,"max_hp_gain":0.0,"max_hp_loss":0.0,"gold_gain":0.0,"event_name":"Addict","player_choice":"Obtained Relic","floor":22.0,"gold_loss":85.0,"damage_taken":0.0,"relics_obtained":["The Courier"]},{"damage_healed":0.0,"max_hp_gain":0.0,"max_hp_loss":0.0,"gold_gain":0.0,"event_name":"Colosseum","player_choice":"Fight","floor":24.0,"gold_loss":0.0,"damage_taken":0.0},{"damage_healed":0.0,"max_hp_gain":0.0,"max_hp_loss":0.0,"gold_gain":0.0,"event_name":"Colosseum","player_choice":"Fought Nobs","floor":24.0,"gold_loss":0.0,"damage_taken":0.0},{"damage_healed":0,"gold_gain":0,"player_choice":"Memory 1","damage_taken":0,"max_hp_gain":0,"max_hp_loss":0,"event_name":"SensoryStone","floor":39,"gold_loss":0},{"cards_removed":["Bash"],"damage_healed":0,"gold_gain":0,"player_choice":"Removed Attack","damage_taken":0,"max_hp_gain":0,"max_hp_loss":0,"event_name":"Falling","floor":41,"gold_loss":0},{"damage_healed":0,"gold_gain":0,"player_choice":"Forge","damage_taken":0,"max_hp_gain":0,"max_hp_loss":0,"event_name":"Accursed Blacksmith","floor":44,"gold_loss":0,"cards_upgraded":["Juggernaut"]}],"is_beta":true,"boss_relics":[{"not_picked":["Black Blood","Philosopher\u0027s Stone"],"picked":"Cursed Key"},{"not_picked":["Pandora\u0027s Box","Astrolabe"],"picked":"Empty Cage"}],"items_purged_floors":[12,30,37,45],"is_endless":false,"potions_floor_spawned":[5,11,24,24,28,33,35,36],"ascension_level":14}