{"gold_per_floor":[110,129,5,5,5,39,39,39,39,39,39,63,88,113,113,232,232,220,319,319,319,319,354,354,397,467,506,506,531,552,570,570,691,754,773,793,540,555,888,888,902,914,914,914,89,101,54,70,70,70],"floor_reached":51,"playtime":2443,"items_purged":["Strike_B","Defend_B","Defend_B"],"score":1015,"play_id":"0a3d726a-12e1-4c49-be2b-b8387d6efab6","local_time":"20180723093419","is_ascension_mode":true,"campfire_choices":[{"data":"Dualcast","floor":11.0,"key":"SMITH"},{"data":"Zap","floor":15.0,"key":"SMITH"},{"data":"Leap","floor":24.0,"key":"SMITH"},{"data":"Gash","floor":28.0,"key":"SMITH"},{"data":"Scrape","floor":32.0,"key":"SMITH"},{"floor":40,"key":"REST"},{"floor":49,"key":"REST"}],"neow_cost":"NONE","seed_source_timestamp":743089946397,"circlet_count":0,"master_deck":["Strike_B+1","Defend_B","Zap+1","Dualcast+1","Gash","Gash","Leap+1","Hologram","Buffer+1","BootSequence+1","Barrage+1","Gash+1","Sunder+1","Rebound","Scrape+1","Streamline+1","Meteor Strike+1","Hologram+1","Conserve Battery","Thinking Ahead","Gash+1","Beam Cell+1","Turbo+1"],"special_seed":0,"relics":["Cracked Core","NeowsBlessing","Regal Pillow","Ice Cream","Mummified Hand","Darkstone Periapt","Astrolabe","Centennial Puzzle","Unceasing Top","Frozen Egg 2","Nunchaku","Tiny House","Whetstone","Molten Egg 2","Symbiotic Virus","HandDrill"],"potions_floor_usage":[38,50,50],"damage_taken":[{"damage":0.0,"enemies":"2 Louse","floor":1.0,"turns":1.0},{"damage":0.0,"enemies":"Cultist","floor":2.0,"turns":1.0},{"damage":0.0,"enemies":"Lagavulin","floor":6.0,"turns":1.0},{"damage":5.0,"enemies":"Jaw Worm","floor":12.0,"turns":3.0},{"damage":7.0,"enemies":"Blue Slaver","floor":13.0,"turns":3.0},{"damage":0.0,"enemies":"Large Slime","floor":14.0,"turns":4.0},{"damage":30.0,"enemies":"The Guardian","floor":16.0,"turns":11.0},{"damage":0.0,"enemies":"2 Thieves","floor":18.0,"turns":4.0},{"damage":0.0,"enemies":"Book of Stabbing","floor":23.0,"turns":5.0},{"damage":6.0,"enemies":"Slavers","floor":25.0,"turns":7.0},{"damage":0.0,"enemies":"Gremlin Leader","floor":27.0,"turns":6.0},{"damage":1.0,"enemies":"3 Byrds","floor":29.0,"turns":3.0},{"damage":4.0,"enemies":"Sentry and Sphere","floor":30.0,"turns":3.0},{"damage":17.0,"enemies":"Snake Plant","floor":31.0,"turns":4.0},{"damage":16.0,"enemies":"Collector","floor":33.0,"turns":9.0},{"damage":10,"enemies":"Flame Bruiser 1 Orb","floor":35,"turns":5},{"damage":12,"enemies":"Orb Walker","floor":36,"turns":3},{"damage":0,"enemies":"Flame Bruiser 2 Orb","floor":38,"turns":4},{"damage":18,"enemies":"3 Darklings","floor":41,"turns":4},{"damage":0,"enemies":"4 Shapes","floor":42,"turns":4},{"damage":6,"enemies":"Sphere and 2 Shapes","floor":46,"turns":4},{"damage":0,"enemies":"Maw","floor":48,"turns":5},{"damage":64,"enemies":"Time Eater","floor":50,"turns":6}],"seed_played":"-95949683155562572","potions_obtained":[{"floor":2.0,"key":"FairyPotion"},{"floor":14.0,"key":"LiquidBronze"},{"floor":25.0,"key":"Regen Potion"},{"floor":27.0,"key":"LiquidBronze"},{"floor":34,"key":"Energy Potion"},{"floor":38,"key":"FearPotion"}],"is_trial":false,"path_per_floor":["M","M","$","?","$","E","?","$","T","T","R","M","M","M","R","B",null,"M","?","?","?","?","E","R","E","T","E","R","M","M","M","R","B",null,"M","M","$","M","?","R","M","M","T","?","$","M","$","M","R","B"],"character_chosen":"DEFECT","items_purchased":["Leap","Whetstone","Symbiotic Virus","HandDrill","Conserve Battery","Thinking Ahead","Beam Cell+1"],"campfire_rested":2,"item_purchase_floors":[3,37,45,45,45,45,47],"current_hp_per_floor":[75,75,75,75,75,75,57,57,57,57,57,52,45,45,45,15,60,60,60,60,60,60,60,60,54,54,54,54,53,49,32,32,31,69,59,47,47,47,47,80,62,62,62,62,62,56,56,56,80,16],"gold":70,"neow_bonus":"THREE_ENEMY_KILL","is_prod":false,"is_daily":false,"chose_seed":false,"campfire_upgraded":5,"win_rate":0,"timestamp":1532309659,"path_taken":["M","M","$","?","$","E","?","?","T","?","R","M","M","M","R","BOSS","M","?","?","?","?","E","R","E","T","E","R","M","M","M","R","BOSS","M","M","$","M","?","R","M","M","T","?","$","?","?","M","R","BOSS"],"build_version":"2018-07-19v2","purchased_purges":3,"victory":true,"max_hp_per_floor":[75,75,75,75,75,75,75,75,75,75,75,75,75,75,75,75,75,75,75,75,75,75,75,75,75,75,75,75,75,75,75,75,75,80,80,80,80,80,80,80,80,80,80,80,80,80,80,80,80,80],"card_choices":[{"not_picked":["Hologram","Sweeping Beam"],"picked":"Gash","floor":1.0},{"not_picked":["Sweeping Beam","Cold Snap"],"picked":"Gash","floor":2.0},{"not_picked":["Steam","Compile Driver","Cold Snap"],"picked":"SKIP","floor":6.0},{"not_picked":["Fission","Sweeping Beam","Heatsinks"],"picked":"SKIP","floor":12.0},{"not_picked":["Ball Lightning","Sweeping Beam","Blizzard"],"picked":"SKIP","floor":13.0},{"not_picked":["Beam Cell","Fusion"],"picked":"Hologram","floor":14.0},{"not_picked":["Electrodynamics","Meteor Strike"],"picked":"Buffer","floor":16.0},{"not_picked":["Rebound","Darkness"],"picked":"Gash","floor":18.0},{"not_picked":["Barrage","Sweeping Beam"],"picked":"Sunder+1","floor":23.0},{"not_picked":["Ball Lightning","Cold Snap","Electrodynamics"],"picked":"SKIP","floor":25.0},{"not_picked":["Reinforced Body","Turbo"],"picked":"Rebound","floor":27.0},{"not_picked":["Sweeping Beam+1","Auto Shields"],"picked":"Scrape","floor":29.0},{"not_picked":["Coolheaded+1","Conserve Battery","Loop+1"],"picked":"SKIP","floor":30.0},{"not_picked":["Core Surge","Cold Snap"],"picked":"Streamline","floor":31.0},{"not_picked":["Multi-Cast","Core Surge"],"picked":"Meteor Strike","floor":33.0},{"not_picked":["Conserve Battery","Rebound","Ball Lightning"],"picked":"SKIP","floor":35},{"not_picked":["Steam+1","Hello World+1"],"picked":"Hologram+1","floor":36},{"not_picked":["Capacitor+1","Sweeping Beam+1","Leap"],"picked":"SKIP","floor":38},{"not_picked":["Blizzard+1","Sweeping Beam","Conserve Battery+1"],"picked":"SKIP","floor":41},{"not_picked":["Hello World+1","Recycle","Multi-Cast"],"picked":"SKIP","floor":42},{"not_picked":["Streamline+1","Redo"],"picked":"Gash+1","floor":46},{"not_picked":["Undo+1","Doom and Gloom+1"],"picked":"Turbo+1","floor":48}],"player_experience":160517,"relics_obtained":[{"floor":6.0,"key":"Ice Cream"},{"floor":9.0,"key":"Mummified Hand"},{"floor":10.0,"key":"Darkstone Periapt"},{"floor":23.0,"key":"Centennial Puzzle"},{"floor":25.0,"key":"Unceasing Top"},{"floor":26.0,"key":"Frozen Egg 2"},{"floor":27.0,"key":"Nunchaku"},{"floor":43,"key":"Molten Egg 2"}],"event_choices":[{"event_name":"Wheel of Change","player_choice":"Relic","floor":4.0,"damage_taken":0.0},{"event_name":"Golden Idol","player_choice":"Take Damage","floor":7.0,"damage_taken":0.0},{"event_name":"Nest","player_choice":"Stole From Cult","floor":19.0,"damage_taken":0.0},{"event_name":"Ghosts","player_choice":"Ignored","floor":20.0,"damage_taken":0.0},{"event_name":"Accursed Blacksmith","player_choice":"Forge","floor":21.0,"damage_taken":0.0},{"event_name":"Cursed Tome","player_choice":"Ignored","floor":22.0,"damage_taken":0.0},{"event_name":"The Moai Head","player_choice":"Gave Idol","floor":39,"damage_taken":0},{"event_name":"Falling","player_choice":"Removed Skill","floor":44,"damage_taken":0}],"is_beta":false,"boss_relics":[{"not_picked":["Nuclear Battery","Black Star"],"picked":"Astrolabe"},{"not_picked":["Inserter","Fusion Hammer"],"picked":"Tiny House"}],"items_purged_floors":[3,37,45],"is_endless":false,"potions_floor_spawned":[2,14,25,27,31,38,42,46],"ascension_level":5}