{"gold_per_floor":[362,42,42,54,69,69,96,113,113,113,127,127],"floor_reached":12,"playtime":254,"items_purged":[],"score":160,"play_id":"914b80ad-3ff5-4472-bfc5-41787c2a9a48","local_time":"20181125165845","is_ascension_mode":true,"campfire_choices":[{"data":"Go for the Eyes","floor":6,"key":"SMITH"},{"data":"Doom and Gloom","floor":10,"key":"SMITH"}],"neow_cost":"TEN_PERCENT_HP_LOSS","seed_source_timestamp":24252177689741,"circlet_count":0,"master_deck":["AscendersBane","Strike_B","Strike_B+1","Strike_B","Strike_B+1","Defend_B","Defend_B","Defend_B","Defend_B","Zap","Dualcast","Go for the Eyes+1","Seek","Ball Lightning","Leap","Self Repair","Doom and Gloom+1","Capacitor+1"],"relics":["Cracked Core","PreservedInsect","Gremlin Horn","Frozen Egg 2"],"potions_floor_usage":[11,12],"damage_taken":[{"damage":7,"enemies":"2 Louse","floor":1,"turns":2},{"damage":4,"enemies":"Jaw Worm","floor":4,"turns":2},{"damage":0,"enemies":"Small Slimes","floor":5,"turns":2},{"damage":16,"enemies":"Lagavulin","floor":7,"turns":4},{"damage":12,"enemies":"3 Louse","floor":8,"turns":3},{"damage":12,"enemies":"Gremlin Gang","floor":11,"turns":2},{"damage":10,"enemies":"Red Slaver","floor":12,"turns":1}],"seed_played":"-3601349358140626899","potions_obtained":[{"floor":4,"key":"FearPotion"},{"floor":7,"key":"SkillPotion"}],"is_trial":false,"path_per_floor":["M","$","?","M","M","R","E","M","T","R","M","M"],"character_chosen":"DEFECT","items_purchased":["PreservedInsect","Seek"],"campfire_rested":0,"item_purchase_floors":[2,2],"current_hp_per_floor":[57,57,38,34,34,34,18,13,13,13,1,0],"gold":127,"neow_bonus":"TWO_FIFTY_GOLD","is_prod":false,"is_daily":false,"chose_seed":false,"campfire_upgraded":2,"win_rate":0,"timestamp":1543136325,"path_taken":["M","$","?","M","M","R","E","M","T","R","M","M"],"build_version":"2018-11-15","purchased_purges":0,"victory":false,"max_hp_per_floor":[64,64,64,64,64,64,64,64,64,64,64,64],"card_choices":[{"not_picked":["Hologram","Turbo"],"picked":"Go for the Eyes","floor":1},{"not_picked":["Hologram","FTL"],"picked":"Ball Lightning","floor":4},{"not_picked":["Capacitor","Force Field"],"picked":"Leap","floor":5},{"not_picked":["Barrage","FTL"],"picked":"Self Repair","floor":7},{"not_picked":["Cold Snap","Conserve Battery"],"picked":"Doom and Gloom","floor":8},{"not_picked":["BootSequence","Self Repair+1"],"picked":"Capacitor+1","floor":11}],"player_experience":572466,"relics_obtained":[{"floor":7,"key":"Gremlin Horn"},{"floor":9,"key":"Frozen Egg 2"}],"event_choices":[{"damage_healed":0,"gold_gain":0,"player_choice":"Entered Light","damage_taken":19,"max_hp_gain":0,"max_hp_loss":0,"event_name":"Shining Light","floor":3,"gold_loss":0,"cards_upgraded":["Strike_B","Strike_B"]}],"is_beta":true,"boss_relics":[],"items_purged_floors":[],"is_endless":false,"potions_floor_spawned":[4,7,8],"killed_by":"Red Slaver","ascension_level":20}