{"gold_per_floor":[114,114,114,39,55,55,84,84,155,188,203,235,235,132,132,207,207,222,233,283,301,301,301,301],"floor_reached":24,"playtime":1123,"items_purged":["Strike_G"],"score":450,"play_id":"278a5b33-09ba-4969-8084-0e6b912c3551","local_time":"20181116204244","is_ascension_mode":true,"campfire_choices":[{"data":"Deadly Poison","floor":6.0,"key":"SMITH"},{"data":"Neutralize","floor":8.0,"key":"SMITH"},{"data":"Catalyst","floor":15.0,"key":"SMITH"},{"data":"Envenom","floor":23,"key":"SMITH"}],"neow_cost":"NONE","seed_source_timestamp":2044907953442,"circlet_count":0,"master_deck":["AscendersBane","Defend_G","Defend_G","Defend_G","Defend_G","Defend_G","Strike_G","Strike_G","Survivor","Neutralize+1","Skewer+1","Deadly Poison+1","Envenom+1","Dagger Spray","Bouncing Flask","Catalyst+1","Bane","After Image","PiercingWail"],"special_seed":0,"relics":["Ring of the Snake","NeowsBlessing","Mummified Hand","Sundial","Meat on the Bone","Blood Vial","Philosopher\u0027s Stone"],"potions_floor_usage":[],"damage_taken":[{"damage":0.0,"enemies":"2 Louse","floor":1.0,"turns":1.0},{"damage":0.0,"enemies":"Small Slimes","floor":5.0,"turns":1.0},{"damage":0.0,"enemies":"Gremlin Nob","floor":7.0,"turns":1.0},{"damage":28.0,"enemies":"Lagavulin","floor":10.0,"turns":5.0},{"damage":1.0,"enemies":"Jaw Worm","floor":11.0,"turns":3.0},{"damage":34.0,"enemies":"3 Sentries","floor":12.0,"turns":6.0},{"damage":10.0,"enemies":"Hexaghost","floor":16.0,"turns":6.0},{"damage":29.0,"enemies":"3 Byrds","floor":18.0,"turns":5.0},{"damage":4.0,"enemies":"Chosen","floor":19.0,"turns":3.0},{"damage":26.0,"enemies":"3 Cultists","floor":21.0,"turns":6.0},{"damage":22,"enemies":"Colosseum Slavers","floor":22,"turns":5},{"damage":18,"enemies":"Shelled Parasite and Fungi","floor":24,"turns":2}],"seed_played":"7899450971371115982","potions_obtained":[{"floor":5.0,"key":"Poison Potion"},{"floor":7.0,"key":"SteroidPotion"},{"floor":12.0,"key":"Energy Potion"}],"is_trial":false,"path_per_floor":["M","?","?","?","M","R","E","R","T","E","M","E","?","$","R","B",null,"M","M","?","M","?","R","M"],"character_chosen":"THE_SILENT","items_purchased":["Bane"],"campfire_rested":0,"item_purchase_floors":[14],"current_hp_per_floor":[59,59,59,59,59,59,59,59,59,31,42,20,20,20,20,24,56,41,39,33,21,13,13,0],"gold":301,"neow_bonus":"THREE_ENEMY_KILL","is_prod":false,"is_daily":false,"chose_seed":false,"campfire_upgraded":4,"win_rate":0,"timestamp":1542372164,"path_taken":["M","?","?","?","M","R","E","R","T","E","?","E","?","$","R","BOSS","M","M","?","?","?","R","M"],"build_version":"2018-11-15","purchased_purges":1,"victory":false,"max_hp_per_floor":[66,66,66,66,66,66,66,66,66,66,66,66,66,66,66,66,66,66,66,66,66,66,66,66],"card_choices":[{"not_picked":["Bane","Choke"],"picked":"Skewer","floor":1.0},{"not_picked":["Cloak And Dagger","Deflect"],"picked":"Deadly Poison","floor":5.0},{"not_picked":["Riddle With Holes","Backstab"],"picked":"Envenom","floor":7.0},{"not_picked":["Acrobatics","Concentrate","Caltrops"],"picked":"SKIP","floor":10.0},{"not_picked":["Bouncing Flask","Sucker Punch"],"picked":"Dagger Spray","floor":11.0},{"not_picked":["Riddle With Holes","Dagger Throw"],"picked":"Bouncing Flask","floor":12.0},{"not_picked":["Malaise","Night Terror"],"picked":"After Image","floor":16.0},{"not_picked":["Outmaneuver","Distraction+1","Tactician"],"picked":"SKIP","floor":18.0},{"not_picked":["Bane+1","Prepared","Flying Knee"],"picked":"SKIP","floor":19.0},{"not_picked":["Choke","Acrobatics"],"picked":"PiercingWail","floor":21.0}],"player_experience":540318,"relics_obtained":[{"floor":7.0,"key":"Mummified Hand"},{"floor":9.0,"key":"Sundial"},{"floor":10.0,"key":"Meat on the Bone"},{"floor":12.0,"key":"Blood Vial"}],"event_choices":[{"damage_healed":0.0,"max_hp_gain":0.0,"max_hp_loss":0.0,"gold_gain":0.0,"event_name":"Living Wall","player_choice":"Grow","floor":2.0,"gold_loss":0.0,"damage_taken":0.0,"cards_upgraded":["Skewer"]},{"damage_healed":0.0,"max_hp_gain":0.0,"max_hp_loss":0.0,"gold_gain":0.0,"event_name":"Scrap Ooze","player_choice":"Fled","floor":3.0,"gold_loss":0.0,"damage_taken":0.0},{"cards_removed":["Strike_G"],"damage_healed":0.0,"max_hp_gain":0.0,"max_hp_loss":0.0,"gold_gain":0.0,"event_name":"The Cleric","player_choice":"Card Removal","floor":4.0,"gold_loss":75.0,"damage_taken":0.0},{"damage_healed":0.0,"max_hp_gain":0.0,"max_hp_loss":0.0,"gold_gain":0.0,"cards_transformed":["Strike_G"],"event_name":"Transmorgrifier","player_choice":"Transformed","floor":13.0,"gold_loss":0.0,"damage_taken":0.0,"cards_obtained":["Catalyst"]},{"damage_healed":0.0,"max_hp_gain":0.0,"max_hp_loss":0.0,"gold_gain":50.0,"event_name":"FaceTrader","player_choice":"Touch","floor":20.0,"gold_loss":0.0,"damage_taken":6.0},{"damage_healed":0,"gold_gain":0,"player_choice":"Fight","damage_taken":0,"max_hp_gain":0,"max_hp_loss":0,"event_name":"Colosseum","floor":22,"gold_loss":0},{"damage_healed":0,"gold_gain":0,"player_choice":"Fled From Nobs","damage_taken":0,"max_hp_gain":0,"max_hp_loss":0,"event_name":"Colosseum","floor":22,"gold_loss":0}],"is_beta":true,"boss_relics":[{"not_picked":["Coffee Dripper","Tiny House"],"picked":"Philosopher\u0027s Stone"}],"items_purged_floors":[14],"is_endless":false,"potions_floor_spawned":[5,7,12],"killed_by":"Shelled Parasite and Fungi","ascension_level":18}