{"gold_per_floor":[115,135,135,152,69,69,80,110,181,181,196,215,215,44,44,121,121,138,158,158,78,96,96,109,109,109,122,135,135,153,166,166,240,240,251,268,168,218,218],"floor_reached":39,"playtime":1990,"items_purged":["Strike_G","ReplayTheSpireMod:The Works"],"score":824,"play_id":"8600de4d-b4af-43b3-ae09-699a6f27c212","local_time":"20190308231300","is_ascension_mode":true,"campfire_choices":[{"data":"All Out Attack","floor":6.0,"key":"SMITH"},{"data":"Toxin Wave","floor":10.0,"key":"SMITH"},{"data":"Deadly Poison","floor":13.0,"key":"SMITH"},{"data":"Bane","floor":15.0,"key":"SMITH"},{"floor":23.0,"key":"REST"},{"data":"Catalyst","floor":25.0,"key":"SMITH"},{"floor":29.0,"key":"REST"},{"floor":32.0,"key":"REST"}],"neow_cost":"NONE","seed_source_timestamp":15370584069865,"circlet_count":0,"master_deck":["AscendersBane","Defend_G","Defend_G","Defend_G","Defend_G","Defend_G","Strike_G","Strike_G","Strike_G","Survivor","Neutralize","All Out Attack+1","Noxious Fumes","Toxin Wave+1","ReplayTheSpireMod:Speed Training","PiercingWail","Deadly Poison+1","Bane+1","Corpse Explosion","Escape Plan","Leg Sweep","Catalyst+1","Replay:Poison Smokescreen","Blur","Malaise"],"special_seed":0,"relics":["Ring of the Snake","NeowsBlessing","Ginger","Dodecahedron","Painkiller Herb","Replay:Accelerometer","Sozu"],"potions_floor_usage":[],"damage_taken":[{"damage":0.0,"enemies":"2 Louse","floor":1.0,"turns":1.0},{"damage":0.0,"enemies":"Cultist","floor":2.0,"turns":1.0},{"damage":0.0,"enemies":"Small Slimes","floor":4.0,"turns":1.0},{"damage":0.0,"enemies":"Red Slaver","floor":7.0,"turns":4.0},{"damage":13.0,"enemies":"Erikyupuro","floor":8.0,"turns":5.0},{"damage":24.0,"enemies":"Exordium Thugs","floor":11.0,"turns":4.0},{"damage":2.0,"enemies":"Blue Slaver","floor":12.0,"turns":4.0},{"damage":17.0,"enemies":"Hexaghost","floor":16.0,"turns":10.0},{"damage":24.0,"enemies":"Chosen","floor":18.0,"turns":5.0},{"damage":2.0,"enemies":"3 Byrds","floor":19.0,"turns":2.0},{"damage":11.0,"enemies":"3 Cultists","floor":22.0,"turns":5.0},{"damage":12.0,"enemies":"Sentry and Sphere","floor":24.0,"turns":5.0},{"damage":4.0,"enemies":"Snake Plant","floor":27.0,"turns":3.0},{"damage":0.0,"enemies":"Cultist and Chosen","floor":28.0,"turns":4.0},{"damage":18.0,"enemies":"Centurion and Healer","floor":30.0,"turns":3.0},{"damage":10.0,"enemies":"Snake Plant","floor":31.0,"turns":5.0},{"damage":24.0,"enemies":"Champ","floor":33.0,"turns":10.0},{"damage":3.0,"enemies":"3 Shapes","floor":35.0,"turns":5.0},{"damage":6.0,"enemies":"Orb Walker","floor":36.0,"turns":3.0},{"damage":61,"enemies":"Transient","floor":39,"turns":5}],"seed_played":"-3311117050085345444","potions_obtained":[{"floor":11.0,"key":"Adrenaline Potion"},{"floor":12.0,"key":"Milkshake"},{"floor":16.0,"key":"EntropicBrew"},{"floor":27.0,"key":"Strength Potion"},{"floor":28.0,"key":"Elixir"},{"floor":30.0,"key":"Languid Potion"}],"is_trial":false,"path_per_floor":["M","M","?","M","$","R","M","E","T","R","M","M","R","$","R","B",null,"?","?","?","T","?","T","?","T","T","?","?","T","?","?","T","B",null,"?","?","T","?","?"],"character_chosen":"THE_SILENT","items_purchased":["ReplayTheSpireMod:Speed Training","Elixir","Bane","Catalyst"],"campfire_rested":3,"item_purchase_floors":[5,14,14,21],"current_hp_per_floor":[59,59,59,59,59,59,59,46,46,46,22,20,20,20,20,3,50,26,24,24,24,13,32,20,20,20,16,16,35,17,7,26,2,50,47,41,41,41,0],"gold":218,"neow_bonus":"THREE_ENEMY_KILL","is_prod":false,"is_daily":false,"chose_seed":false,"campfire_upgraded":5,"win_rate":0,"timestamp":1552057980,"path_taken":["M","M","?","M","?","R","M","E","T","R","M","M","R","$","R","BOSS","?","?","?","T","?","T","?","T","T","?","?","T","?","?","T","BOSS","?","?","T","?","?"],"build_version":"2019-02-06","purchased_purges":2,"victory":false,"max_hp_per_floor":[66,66,66,66,66,66,66,66,66,66,66,66,66,66,66,66,66,66,66,66,66,66,66,66,66,66,66,66,66,66,66,66,66,66,66,66,66,66,66],"card_choices":[{"not_picked":["Outmaneuver","Cloak And Dagger"],"picked":"All Out Attack","floor":1.0},{"not_picked":["Acrobatics","Bane"],"picked":"Noxious Fumes","floor":2.0},{"not_picked":["Accuracy","Sucker Punch","Toxin Wave"],"picked":"SKIP","floor":4.0},{"not_picked":["Accuracy","Sucker Punch"],"picked":"Toxin Wave","floor":4.0},{"not_picked":["Outmaneuver","Dagger Throw","Endless Agony"],"picked":"SKIP","floor":7.0},{"not_picked":["A Thousand Cuts","Deflect","Cloak And Dagger"],"picked":"SKIP","floor":8.0},{"not_picked":["Eviscerate","ReplayTheSpireMod:Shiv Toss"],"picked":"PiercingWail","floor":11.0},{"not_picked":["Dodge and Roll","Quick Slash"],"picked":"Deadly Poison","floor":12.0},{"not_picked":["ReplayTheSpireMod:Necrosis","Grand Finale"],"picked":"Corpse Explosion","floor":16.0},{"not_picked":["Hidden Blade","Flechettes"],"picked":"Escape Plan","floor":18.0},{"not_picked":["Reflex+1","Dodge and Roll"],"picked":"Leg Sweep","floor":19.0},{"not_picked":["Heel Hook","Tactician","Outmaneuver"],"picked":"SKIP","floor":22.0},{"not_picked":["PiercingWail","Quick Slash","Bane+1"],"picked":"SKIP","floor":24.0},{"not_picked":["Outmaneuver","Flying Knee","Deadly Poison"],"picked":"SKIP","floor":27.0},{"not_picked":["Hidden Blade","Corpse Explosion"],"picked":"Replay:Poison Smokescreen","floor":28.0},{"not_picked":["Blade Dance+1","Poisoned Stab"],"picked":"Blur","floor":30.0},{"not_picked":["Fluid Movement","Concentrate","Blur"],"picked":"SKIP","floor":31.0},{"not_picked":["Phantasmal Killer","ReplayTheSpireMod:From All Sides"],"picked":"Malaise","floor":33.0},{"not_picked":["Dodge and Roll","Dagger Spray"],"picked":"ReplayTheSpireMod:The Works","floor":35.0},{"not_picked":["Tactician+1","Sucker Punch","Cloak And Dagger"],"picked":"SKIP","floor":36.0}],"player_experience":833933,"relics_obtained":[{"floor":8.0,"key":"Ginger"},{"floor":9.0,"key":"Dodecahedron"},{"floor":26.0,"key":"Replay:Accelerometer"}],"event_choices":[{"cards_removed":["Strike_G"],"damage_healed":0.0,"max_hp_gain":0.0,"max_hp_loss":0.0,"gold_gain":0.0,"event_name":"Purifier","player_choice":"Purged","floor":3.0,"gold_loss":0.0,"damage_taken":0.0},{"damage_healed":0.0,"max_hp_gain":0.0,"max_hp_loss":0.0,"gold_gain":0.0,"event_name":"Vampires","player_choice":"Ignored","floor":20.0,"gold_loss":0.0,"damage_taken":0.0},{"damage_healed":0,"gold_gain":50,"player_choice":"Pray","damage_taken":0,"max_hp_gain":0,"max_hp_loss":0,"event_name":"Golden Shrine","floor":38,"gold_loss":0}],"is_beta":true,"boss_relics":[{"not_picked":["Cursed Key","Snecko Scales"],"picked":"Painkiller Herb"},{"not_picked":["Pandora\u0027s Box","Philosopher\u0027s Stone"],"picked":"Sozu"}],"items_purged_floors":[14,37],"is_endless":false,"potions_floor_spawned":[11,12,16,19,27,28,30,36],"killed_by":"Transient","ascension_level":20}