{"gold_per_floor":[109,184,196,210,221,221,221,247,271,271,24,24,24,84,84,161,161,177,177,177,195,209,209,209,209,264,291,305,322,332,332,332,407,407,425,442,442,454,454,454,454,464,513,524,449,449,264,281,281,281,281],"floor_reached":52,"playtime":2391,"items_purged":["Hello World+1","Decay"],"score":2014,"play_id":"d90c0d89-133a-41a0-a47e-0c68ea1aef09","local_time":"20180922205227","is_ascension_mode":true,"campfire_choices":[{"floor":6.0,"key":"REST"},{"floor":12.0,"key":"REST"},{"floor":15.0,"key":"DIG"},{"floor":23.0,"key":"DIG"},{"floor":25.0,"key":"DIG"},{"floor":32,"key":"REST"},{"data":"Strike_B","floor":40,"key":"PURGE"},{"floor":46,"key":"DIG"},{"floor":49,"key":"DIG"}],"neow_cost":"NONE","seed_source_timestamp":21425129435783,"circlet_count":0,"master_deck":["Defend_B+1","Defend_B+1","Defend_B+1","Zap+1","Dualcast+1","AscendersBane","Steam+1","Ball Lightning+1","Undo+1","Cold Snap+1","Darkness+1","Loop+1","Apotheosis+1","Multi-Cast+1","All For One+1","Steam Power+1","Ghostly+1","Ghostly+1","Ghostly+1","Ghostly+1","Ghostly+1","Compile Driver+1","Recycle+1","Auto Shields+1","Double Energy+1","Machine Learning+1","Reprogram+1","Echo Form+1","Loop+1","Darkness+1","Lockon+1","Glacier+1","Capacitor","Loop+1"],"special_seed":0,"relics":["Fusion Hammer","Happy Flower","Bag of Marbles","Shovel","Tiny Chest","Dead Branch","Nuclear Battery","Symbiotic Virus","Gambling Chip","Lantern","Gremlin Horn","Astrolabe","Peace Pipe","Pear","Mark of the Bloom","DataDisk","Pen Nib","Unceasing Top"],"potions_floor_usage":[27],"damage_taken":[{"damage":0.0,"enemies":"Cultist","floor":1.0,"turns":3.0},{"damage":8.0,"enemies":"Jaw Worm","floor":3.0,"turns":4.0},{"damage":4.0,"enemies":"2 Louse","floor":4.0,"turns":2.0},{"damage":12.0,"enemies":"Exordium Thugs","floor":5.0,"turns":4.0},{"damage":26.0,"enemies":"3 Sentries","floor":8.0,"turns":7.0},{"damage":2.0,"enemies":"Lagavulin","floor":14.0,"turns":7.0},{"damage":16.0,"enemies":"Slime Boss","floor":16.0,"turns":5.0},{"damage":17.0,"enemies":"Shell Parasite","floor":18.0,"turns":4.0},{"damage":2.0,"enemies":"2 Thieves","floor":21.0,"turns":4.0},{"damage":0.0,"enemies":"Snake Plant","floor":22.0,"turns":4.0},{"damage":7,"enemies":"Slavers","floor":27,"turns":8},{"damage":0,"enemies":"3 Cultists","floor":28,"turns":5},{"damage":5,"enemies":"Cultist and Chosen","floor":29,"turns":5},{"damage":2,"enemies":"Snake Plant","floor":30,"turns":4},{"damage":3,"enemies":"Collector","floor":33,"turns":6},{"damage":5,"enemies":"3 Darklings","floor":35,"turns":6},{"damage":1,"enemies":"Orb Walker","floor":36,"turns":5},{"damage":2,"enemies":"Sphere and 2 Shapes","floor":38,"turns":6},{"damage":0,"enemies":"Maw","floor":42,"turns":6},{"damage":2,"enemies":"Reptomancer","floor":44,"turns":3},{"damage":0,"enemies":"Jaw Worm Horde","floor":48,"turns":5},{"damage":0,"enemies":"Donu and Deca","floor":50,"turns":6},{"damage":0,"enemies":"Awakened One","floor":51,"turns":5}],"seed_played":"6647850903031870724","potions_obtained":[{"floor":3.0,"key":"SneckoOil"},{"floor":4.0,"key":"PowerPotion"},{"floor":27,"key":"SkillPotion"},{"floor":42,"key":"PowerPotion"}],"is_trial":false,"path_per_floor":["M","?","M","M","M","R","?","E","T","T","$","R","$","E","R","B",null,"M","?","?","M","M","R","?","R","T","E","M","M","M","?","R","B",null,"M","M","T","M","T","R","?","M","T","M","$","R","$","M","R","B","B"],"character_chosen":"DEFECT","items_purchased":["Apotheosis","Hello World","Capacitor"],"campfire_rested":3,"item_purchase_floors":[11,11,47],"current_hp_per_floor":[64,53,45,41,29,50,50,24,24,24,24,45,45,43,43,27,60,43,43,35,33,33,33,33,33,33,26,26,21,19,19,29,26,33,28,27,27,35,45,45,45,45,45,43,43,43,43,43,43,43,43],"gold":281,"neow_bonus":"BOSS_RELIC","is_prod":false,"is_daily":false,"chose_seed":false,"campfire_upgraded":0,"win_rate":0,"timestamp":1537620747,"path_taken":["M","?","M","M","?","R","?","E","T","?","$","R","?","E","R","BOSS","M","?","?","M","M","R","?","R","T","E","M","?","M","?","R","BOSS","M","M","?","?","?","R","?","M","T","M","?","R","$","M","R","BOSS","BOSS"],"build_version":"2018-09-20","purchased_purges":2,"victory":true,"max_hp_per_floor":[71,71,71,71,71,71,71,71,71,71,71,71,71,71,71,71,71,71,71,35,35,35,35,35,35,35,35,35,35,35,35,35,35,35,35,35,35,35,45,45,45,45,45,45,45,45,45,45,45,45,45],"card_choices":[{"not_picked":["Stack","Rebound"],"picked":"Steam","floor":1.0},{"not_picked":["Leap","Rip and Tear"],"picked":"Ball Lightning","floor":3.0},{"not_picked":["Hologram","Melter"],"picked":"Undo","floor":4.0},{"not_picked":["Conserve Battery","Barrage"],"picked":"Cold Snap","floor":5.0},{"not_picked":["Gash","Conserve Battery"],"picked":"Loop","floor":8.0},{"not_picked":["Compile Driver","Lockon"],"picked":"Multi-Cast","floor":14.0},{"not_picked":["Fission","Seek"],"picked":"All For One","floor":16.0},{"not_picked":["Consume","Steam"],"picked":"Steam Power","floor":18.0},{"not_picked":["Redo","Turbo"],"picked":"Compile Driver+1","floor":21.0},{"not_picked":["Loop","Hologram","Sweeping Beam"],"picked":"SKIP","floor":22.0},{"not_picked":["Steam","Rebound","Amplify"],"picked":"SKIP","floor":27},{"not_picked":["Doom and Gloom","Rip and Tear"],"picked":"Recycle","floor":28},{"not_picked":["Reprogram","Storm"],"picked":"Auto Shields","floor":29},{"not_picked":["Cold Snap","Barrage"],"picked":"Double Energy+1","floor":30},{"not_picked":["Thunder Strike","Buffer"],"picked":"Machine Learning","floor":33},{"not_picked":["Coolheaded","Ball Lightning"],"picked":"Darkness","floor":35},{"not_picked":["Ball Lightning+1","Gash"],"picked":"Lockon+1","floor":36},{"not_picked":["Barrage","Loop","Coolheaded"],"picked":"SKIP","floor":38},{"not_picked":["Recycle","Auto Shields","Force Field"],"picked":"SKIP","floor":42},{"not_picked":["Storm","Steam Power"],"picked":"Glacier+1","floor":44},{"not_picked":["Hologram","Steam Power"],"picked":"Loop+1","floor":48}],"player_experience":381433,"relics_obtained":[{"floor":8.0,"key":"Happy Flower"},{"floor":9.0,"key":"Bag of Marbles"},{"floor":10.0,"key":"Shovel"},{"floor":14.0,"key":"Tiny Chest"},{"floor":15.0,"key":"Dead Branch"},{"floor":23.0,"key":"Symbiotic Virus"},{"floor":25.0,"key":"Gambling Chip"},{"floor":26.0,"key":"Lantern"},{"floor":27,"key":"Gremlin Horn"},{"floor":37,"key":"Peace Pipe"},{"floor":39,"key":"Pear"},{"floor":43,"key":"DataDisk"},{"floor":46,"key":"Pen Nib"},{"floor":49,"key":"Unceasing Top"}],"event_choices":[{"event_name":"World of Goop","player_choice":"Gather Gold","floor":2.0,"damage_taken":0.0},{"event_name":"Transmorgrifier","player_choice":"Transform","floor":7.0,"damage_taken":0.0},{"event_name":"Vampires","player_choice":"Ignored","floor":19.0,"damage_taken":0.0},{"event_name":"Ghosts","player_choice":"Became a Ghost","floor":20.0,"damage_taken":0.0},{"event_name":"Beggar","player_choice":"Ignored","floor":24.0,"damage_taken":0.0},{"event_name":"Forgotten Altar","player_choice":"Smashed Altar","floor":31,"damage_taken":0},{"event_name":"MindBloom","player_choice":"Upgrade","floor":41,"damage_taken":0}],"is_beta":true,"boss_relics":[{"not_picked":["Runic Pyramid","Lizard Tail"],"picked":"Nuclear Battery"},{"not_picked":["Velvet Choker","Pandora\u0027s Box"],"picked":"Astrolabe"}],"items_purged_floors":[45,47],"is_endless":false,"potions_floor_spawned":[3,4,14,18,27,36,42],"ascension_level":20}