{"gold_per_floor":[113,288,298,298,298,298,329,329,329,329,359,359,370,383,383,488,538,550,550,566,582,582,582,507,519,542,554,579,602,311,236,236,236],"floor_reached":33,"playtime":1397,"items_purged":["Doubt"],"score":308,"play_id":"be216b4d-8c45-452e-b325-2c1875c2d451","local_time":"20180810235344","is_ascension_mode":true,"campfire_choices":[{"data":"Searing Blow+1","floor":6,"key":"SMITH"},{"data":"Searing Blow+2","floor":8,"key":"SMITH"},{"data":"Searing Blow+3","floor":10,"key":"SMITH"},{"data":"Searing Blow+4","floor":12,"key":"SMITH"},{"data":"Searing Blow+5","floor":15,"key":"SMITH"},{"data":"Searing Blow+6","floor":23,"key":"SMITH"},{"data":"Searing Blow+7","floor":27,"key":"SMITH"},{"floor":32,"key":"REST"}],"neow_cost":"TEN_PERCENT_HP_LOSS","seed_source_timestamp":30285493138194,"circlet_count":0,"master_deck":["Strike_R","Strike_R","Strike_R","Defend_R","Defend_R","Defend_R","Defend_R","Bash","Pommel Strike","Searing Blow+8","Infernal Blade","Battle Trance","Fire Breathing+1","Clash+1","Clash+1","Bloodletting","Warcry","True Grit","Secret Weapon","Enlightenment"],"relics":["Burning Blood","StoneCalendar","Unceasing Top","Boot","Bronze Scales","Tiny House","Enchiridion","MawBank"],"potions_floor_usage":[7,7,18,33],"damage_taken":[{"damage":1,"enemies":"Cultist","floor":1,"turns":3},{"damage":5,"enemies":"Small Slimes","floor":3,"turns":4},{"damage":16,"enemies":"Gremlin Nob","floor":7,"turns":5},{"damage":21,"enemies":"Lagavulin","floor":11,"turns":6},{"damage":5,"enemies":"2 Louse","floor":13,"turns":2},{"damage":4,"enemies":"Red Slaver","floor":14,"turns":2},{"damage":39,"enemies":"The Guardian","floor":16,"turns":7},{"damage":18,"enemies":"Shell Parasite","floor":18,"turns":3},{"damage":7,"enemies":"Chosen","floor":20,"turns":4},{"damage":1,"enemies":"3 Cultists","floor":21,"turns":4},{"damage":21,"enemies":"Centurion and Healer","floor":25,"turns":5},{"damage":36,"enemies":"Snake Plant","floor":28,"turns":3},{"damage":0,"enemies":"Snecko","floor":29,"turns":2},{"damage":57,"enemies":"Champ","floor":33,"turns":5}],"seed_played":"7355082958067623865","potions_obtained":[{"floor":1,"key":"Poison Potion"},{"floor":5,"key":"Block Potion"},{"floor":5,"key":"SteroidPotion"},{"floor":5,"key":"Weak Potion"},{"floor":7,"key":"Explosive Potion"},{"floor":11,"key":"Fire Potion"},{"floor":17,"key":"FairyPotion"},{"floor":21,"key":"Poison Potion"},{"floor":29,"key":"AttackPotion"}],"is_trial":false,"path_per_floor":["M","?","M","?","?","R","E","R","T","R","E","R","M","M","R","B",null,"M","?","M","M","?","R","$","M","T","R","M","M","$","?","R"],"character_chosen":"IRONCLAD","items_purchased":["Secret Weapon","Enlightenment"],"campfire_rested":1,"item_purchase_floors":[30,30],"current_hp_per_floor":[72,72,72,72,72,72,62,62,62,62,47,47,48,50,50,17,77,65,65,64,69,53,53,53,38,38,38,8,14,14,14,37,0],"gold":236,"neow_bonus":"ONE_RARE_RELIC","is_prod":false,"is_daily":false,"chose_seed":false,"campfire_upgraded":7,"win_rate":0,"timestamp":1533916424,"path_taken":["M","?","M","?","?","R","E","R","T","R","E","R","?","?","R","BOSS","M","?","M","?","?","R","$","M","T","R","M","M","$","?","R","BOSS"],"build_version":"2018-08-09","purchased_purges":1,"victory":false,"max_hp_per_floor":[72,72,72,72,72,72,72,72,72,72,72,72,72,72,72,72,77,77,77,77,77,77,77,77,77,77,77,77,77,77,77,77,77],"card_choices":[{"not_picked":["Burning Pact","True Grit"],"picked":"Pommel Strike","floor":1},{"not_picked":["Dual Wield","Hemokinesis"],"picked":"Searing Blow","floor":3},{"not_picked":["Headbutt","Twin Strike","Anger"],"picked":"SKIP","floor":7},{"not_picked":["Intimidate","True Grit"],"picked":"Infernal Blade","floor":11},{"not_picked":["Iron Wave","Dropkick"],"picked":"Battle Trance","floor":13},{"not_picked":["Bloodletting","Headbutt"],"picked":"Fire Breathing","floor":14},{"not_picked":["Perfected Strike","Iron Wave"],"picked":"Clash+1","floor":18},{"not_picked":["Metallicize","Body Slam+1"],"picked":"Clash+1","floor":20},{"not_picked":["Flex","Ghostly Armor"],"picked":"Bloodletting","floor":21},{"not_picked":["Sword Boomerang+1","Anger","Feel No Pain"],"picked":"SKIP","floor":25},{"not_picked":["Shrug It Off","Carnage+1"],"picked":"Warcry","floor":28},{"not_picked":["Pommel Strike+1","Burning Pact"],"picked":"True Grit","floor":29}],"player_experience":226475,"relics_obtained":[{"floor":7,"key":"Unceasing Top"},{"floor":9,"key":"Boot"},{"floor":11,"key":"Bronze Scales"},{"floor":22,"key":"Enchiridion"},{"floor":26,"key":"MawBank"}],"event_choices":[{"event_name":"Liars Game","player_choice":"agreed","floor":2,"damage_taken":0},{"event_name":"Accursed Blacksmith","player_choice":"Forge","floor":4,"damage_taken":0},{"event_name":"The Lab","player_choice":"Got Potions","floor":5,"damage_taken":0},{"event_name":"Purifier","player_choice":"One Purge","floor":19,"damage_taken":0},{"event_name":"Cursed Tome","player_choice":"Obtained Book","floor":22,"damage_taken":0},{"event_name":"Beggar","player_choice":"Gave Gold","floor":31,"damage_taken":0}],"is_beta":false,"boss_relics":[{"not_picked":["Runic Cube","Runic Pyramid"],"picked":"Tiny House"}],"items_purged_floors":[24],"is_endless":false,"potions_floor_spawned":[1,7,11,21,29],"killed_by":"Champ","ascension_level":2}