{"gold_per_floor":[116,116,116,116,135,135,135,162,162,182,10,24,40,40,40,114,114,129,143,193,205,205],"floor_reached":22,"playtime":656,"items_purged":["Strike_B"],"score":369,"play_id":"ee35bf0f-f8bb-41b1-a2d0-e8d39eb0cad0","local_time":"20190222214419","is_ascension_mode":true,"campfire_choices":[{"data":"Hologram","floor":6,"key":"SMITH"},{"data":"Darkness","floor":15,"key":"SMITH"}],"neow_cost":"NONE","seed_source_timestamp":10058538849173,"circlet_count":0,"master_deck":["AscendersBane","Strike_B","Strike_B+1","Defend_B","Defend_B+1","Defend_B","Defend_B","Zap","Dualcast","Beam Cell","Hologram+1","Chaos","Darkness+1","Redo","Leap","Electrodynamics","Skim","Turbo","Cold Snap"],"relics":["Cracked Core","NeowsBlessing","Blood Vial","Boot","Cursed Key"],"potions_floor_usage":[16,16,21],"damage_taken":[{"damage":0,"enemies":"Jaw Worm","floor":1,"turns":1},{"damage":0,"enemies":"Small Slimes","floor":5,"turns":1},{"damage":0,"enemies":"3 Sentries","floor":8,"turns":1},{"damage":0,"enemies":"Cultist","floor":10,"turns":3},{"damage":10,"enemies":"Lots of Slimes","floor":12,"turns":4},{"damage":15,"enemies":"Gremlin Gang","floor":13,"turns":4},{"damage":10,"enemies":"The Guardian","floor":16,"turns":7},{"damage":30,"enemies":"2 Thieves","floor":18,"turns":4},{"damage":12,"enemies":"Spheric Guardian","floor":19,"turns":5},{"damage":17,"enemies":"Centurion and Healer","floor":21,"turns":5},{"damage":8,"enemies":"3 Cultists","floor":22,"turns":3}],"seed_played":"8631626699333435732","potions_obtained":[{"floor":8,"key":"SkillPotion"},{"floor":16,"key":"Fruit Juice"},{"floor":18,"key":"EssenceOfSteel"}],"is_trial":false,"path_per_floor":["M","?","?","?","M","R","?","E","T","M","$","M","M","$","R","B",null,"M","M","?","M","M"],"character_chosen":"DEFECT","items_purchased":["Swift Potion","Redo"],"campfire_rested":0,"item_purchase_floors":[11,11],"current_hp_per_floor":[64,64,43,43,43,43,43,43,43,45,45,37,24,24,24,21,62,34,24,24,9,3],"gold":205,"neow_bonus":"THREE_ENEMY_KILL","is_prod":false,"is_daily":false,"chose_seed":false,"campfire_upgraded":2,"win_rate":0,"timestamp":1550843059,"path_taken":["M","?","?","?","?","R","?","E","T","M","$","?","M","?","R","BOSS","M","?","?","M","M"],"build_version":"2019-02-06","purchased_purges":1,"victory":false,"max_hp_per_floor":[71,71,71,71,71,71,71,71,71,71,71,71,71,71,71,76,76,76,76,76,76,76],"card_choices":[{"not_picked":["Coolheaded","Go for the Eyes"],"picked":"Beam Cell","floor":1},{"not_picked":["Barrage","Rebound"],"picked":"Hologram","floor":5},{"not_picked":["Skim","Hologram"],"picked":"Chaos","floor":8},{"not_picked":["Consume","Tempest"],"picked":"Darkness","floor":10},{"not_picked":["Beam Cell","Barrage","Creative AI"],"picked":"SKIP","floor":12},{"not_picked":["Double Energy","Steam"],"picked":"Leap","floor":13},{"not_picked":["Hyperbeam","Biased Cognition"],"picked":"Electrodynamics","floor":16},{"not_picked":["Chaos","Hologram"],"picked":"Skim","floor":18},{"not_picked":["Barrage","Compile Driver"],"picked":"Turbo","floor":19},{"not_picked":["Leap","Ball Lightning"],"picked":"Cold Snap","floor":21}],"player_experience":806353,"relics_obtained":[{"floor":8,"key":"Blood Vial"},{"floor":9,"key":"Boot"}],"event_choices":[{"damage_healed":0,"gold_gain":0,"player_choice":"Ignored","damage_taken":0,"max_hp_gain":0,"max_hp_loss":0,"event_name":"Liars Game","floor":2,"gold_loss":0},{"damage_healed":0,"gold_gain":0,"player_choice":"Entered Light","damage_taken":21,"max_hp_gain":0,"max_hp_loss":0,"event_name":"Shining Light","floor":3,"gold_loss":0,"cards_upgraded":["Defend_B","Strike_B"]},{"damage_healed":0,"gold_gain":0,"player_choice":"Fled","damage_taken":0,"max_hp_gain":0,"max_hp_loss":0,"event_name":"Scrap Ooze","floor":4,"gold_loss":0},{"cards_removed":["Strike_B"],"damage_healed":0,"gold_gain":0,"player_choice":"Offered Basic","damage_taken":0,"max_hp_gain":0,"max_hp_loss":0,"event_name":"Bonfire Elementals","floor":7,"gold_loss":0},{"damage_healed":0,"gold_gain":50,"player_choice":"Pray","damage_taken":0,"max_hp_gain":0,"max_hp_loss":0,"event_name":"Golden Shrine","floor":20,"gold_loss":0}],"is_beta":true,"boss_relics":[{"not_picked":["FrozenCore","Lizard Tail"],"picked":"Cursed Key"}],"items_purged_floors":[11],"is_endless":false,"potions_floor_spawned":[8,13,16,18],"killed_by":"3 Cultists","ascension_level":15}