{"gold_per_floor":[112,112,130,143,143,178,191,291,339,357,357,104,104,134,134,134],"floor_reached":16,"playtime":1124,"items_purged":[],"score":110,"play_id":"6c8bd959-c919-4a06-8391-a12ecd79c499","local_time":"20190729185743","is_ascension_mode":false,"campfire_choices":[{"floor":11,"key":"REST"},{"data":"Riddle With Holes","floor":13,"key":"SMITH"},{"floor":15,"key":"REST"}],"neow_cost":"NONE","seed_source_timestamp":21571877030041,"circlet_count":0,"master_deck":["Strike_G","Strike_G","Strike_G","Strike_G","Strike_G","Defend_G","Defend_G","Defend_G","Defend_G","Defend_G","Survivor","Neutralize","Outmaneuver+1","Slice","Deflect","Bouncing Flask+1","A Thousand Cuts","Riddle With Holes+1","Tactician"],"relics":["Ring of the Snake","NeowsBlessing","Matryoshka","Regal Pillow","War Paint","Pantograph","WingedGreaves"],"potions_floor_usage":[10,16],"damage_taken":[{"damage":0,"enemies":"Cultist","floor":1,"turns":1},{"damage":0,"enemies":"Small Slimes","floor":3,"turns":1},{"damage":0,"enemies":"Jaw Worm","floor":4,"turns":1},{"damage":45,"enemies":"3 Sentries","floor":6,"turns":12},{"damage":10,"enemies":"Exordium Wildlife","floor":7,"turns":5},{"damage":11,"enemies":"Blue Slaver","floor":10,"turns":6},{"damage":33,"enemies":"Gremlin Nob","floor":14,"turns":4},{"damage":75,"enemies":"Hexaghost","floor":16,"turns":10}],"seed_played":"6288727341194707431","potions_obtained":[{"floor":6,"key":"SmokeBomb"},{"floor":7,"key":"GamblersBrew"},{"floor":14,"key":"Swift Potion"}],"is_trial":false,"path_per_floor":["M","$","M","M","$","E","M","?","T","M","R","$","R","E","R","B"],"character_chosen":"THE_SILENT","items_purchased":["Pantograph"],"campfire_rested":2,"item_purchase_floors":[12],"current_hp_per_floor":[70,70,70,70,70,25,15,15,15,4,40,40,40,7,43,0],"gold":134,"neow_bonus":"THREE_ENEMY_KILL","is_prod":false,"is_daily":false,"chose_seed":false,"campfire_upgraded":1,"win_rate":0.0,"timestamp":1564408663,"path_taken":["M","?","?","M","?","E","M","?","T","M","R","$","R","E","R","BOSS"],"build_version":"2019-07-17","purchased_purges":0,"victory":false,"max_hp_per_floor":[70,70,70,70,70,70,70,70,70,70,70,70,70,70,70,70],"card_choices":[{"not_picked":["Well Laid Plans","Acrobatics"],"picked":"Outmaneuver","floor":1},{"not_picked":["Deflect","Blade Dance"],"picked":"Slice","floor":3},{"not_picked":["Blade Dance","Underhanded Strike"],"picked":"Deflect","floor":4},{"not_picked":["Prepared","Dodge and Roll"],"picked":"Bouncing Flask","floor":6},{"not_picked":["Underhanded Strike","Outmaneuver"],"picked":"A Thousand Cuts","floor":7},{"not_picked":["Dash","Poisoned Stab"],"picked":"Riddle With Holes","floor":10},{"not_picked":["Deadly Poison","Slice"],"picked":"Tactician","floor":14}],"player_experience":12356,"relics_obtained":[{"floor":6,"key":"Matryoshka"},{"floor":9,"key":"Regal Pillow"},{"floor":9,"key":"War Paint"},{"floor":14,"key":"WingedGreaves"}],"event_choices":[{"damage_healed":0,"gold_gain":100,"player_choice":"Pray","damage_taken":0,"max_hp_gain":0,"max_hp_loss":0,"event_name":"Golden Shrine","floor":8,"gold_loss":0}],"is_beta":false,"boss_relics":[],"items_purged_floors":[],"is_endless":false,"potions_floor_spawned":[6,7,14],"killed_by":"Hexaghost","ascension_level":0}