{"gold_per_floor":[11,11,11,11,31,31,45,69,148,61,86,110,134,172,172,298,298,272,272,286,304,304,304,328,372,372,405,405,28,44,68,68,189,189,209,209,129,91,18,18,38,38,65,65,86,111,111,131,131,131],"floor_reached":51,"playtime":4623,"items_purged":[],"score":716,"play_id":"697a5765-8740-4188-bd1c-cbb877ec9843","local_time":"20180710090921","is_ascension_mode":false,"campfire_choices":[{"floor":6.0,"key":"REST"},{"data":"Turbo","floor":15.0,"key":"SMITH"},{"data":"Sunder","floor":23.0,"key":"SMITH"},{"data":"Genetic Algorithm","floor":28.0,"key":"SMITH"},{"data":"Double Energy","floor":32.0,"key":"SMITH"},{"floor":40.0,"key":"REST"},{"data":"Apotheosis","floor":42.0,"key":"SMITH"},{"data":"Ghostly","floor":47.0,"key":"SMITH"},{"data":"Defragment","floor":49.0,"key":"SMITH"}],"neow_cost":"NO_GOLD","seed_source_timestamp":0,"circlet_count":0,"master_deck":["Strike_B","Strike_B","Strike_B","Strike_B","Defend_B","Defend_B","Defend_B","Defend_B","Zap","Dualcast","Redo","BootSequence","Glacier","Sweeping Beam","Capacitor","Ball Lightning","Stack","Turbo+1","Coolheaded","Creative AI","Gash","Ghostly","Ghostly","Ghostly","Ghostly","Ghostly+1","Hello World","Beam Cell","Sunder+1","Heatsinks+1","Genetic Algorithm+1","Buffer","Apotheosis+1","Double Energy+1","Storm","Sweeping Beam","Aggregate+1","Turbo","Core Surge","Leap","Tempest+1","Steam+1","Rebound","Conserve Battery","Undo+1","Defragment+1","Static Discharge","Storm","FTL","Madness","Madness","Doom and Gloom+1","Hologram+1","Go for the Eyes"],"special_seed":17721,"relics":["Cracked Core","Bird Faced Urn","Golden Idol","Pear","Orichalcum","Anchor","Lizard Tail","Turnip","Shuriken","Oddly Smooth Stone","Orrery","Omamori"],"potions_floor_usage":[50],"damage_taken":[{"damage":5.0,"enemies":"Small Slimes","floor":1.0,"turns":2.0},{"damage":4.0,"enemies":"Jaw Worm","floor":5.0,"turns":4.0},{"damage":0.0,"enemies":"2 Louse","floor":7.0,"turns":2.0},{"damage":2.0,"enemies":"Large Slime","floor":8.0,"turns":9.0},{"damage":22.0,"enemies":"Exordium Thugs","floor":11.0,"turns":5.0},{"damage":0.0,"enemies":"3 Louse","floor":13.0,"turns":3.0},{"damage":3.0,"enemies":"3 Sentries","floor":14.0,"turns":6.0},{"damage":47.0,"enemies":"Hexaghost","floor":16.0,"turns":13.0},{"damage":8.0,"enemies":"2 Thieves","floor":18.0,"turns":5.0},{"damage":0.0,"enemies":"Spheric Guardian","floor":20.0,"turns":6.0},{"damage":14.0,"enemies":"Snake Plant","floor":21.0,"turns":8.0},{"damage":3.0,"enemies":"Slaver and Parasite","floor":24.0,"turns":8.0},{"damage":2.0,"enemies":"Slavers","floor":25.0,"turns":8.0},{"damage":10.0,"enemies":"Book of Stabbing","floor":27.0,"turns":10.0},{"damage":2.0,"enemies":"Snecko","floor":30.0,"turns":6.0},{"damage":0.0,"enemies":"Sentry and Sphere","floor":31.0,"turns":9.0},{"damage":1.0,"enemies":"Champ","floor":33.0,"turns":12.0},{"damage":6.0,"enemies":"Orb Walker","floor":35.0,"turns":6.0},{"damage":24.0,"enemies":"3 Shapes","floor":38.0,"turns":5.0},{"damage":0.0,"enemies":"3 Shapes","floor":41.0,"turns":6.0},{"damage":0.0,"enemies":"Maw","floor":45.0,"turns":8.0},{"damage":0.0,"enemies":"3 Darklings","floor":46.0,"turns":8.0},{"damage":0.0,"enemies":"Sphere and 2 Shapes","floor":48.0,"turns":8.0},{"damage":34,"enemies":"Time Eater","floor":50,"turns":17}],"seed_played":"2365577451791200373","potions_obtained":[{"floor":1.0,"key":"Block Potion"},{"floor":5.0,"key":"FairyPotion"},{"floor":13.0,"key":"PowerPotion"},{"floor":16.0,"key":"Poison Potion"},{"floor":31.0,"key":"PowerPotion"},{"floor":35.0,"key":"Energy Potion"},{"floor":46.0,"key":"FocusPotion"},{"floor":48.0,"key":"Strength Potion"}],"is_trial":false,"path_per_floor":["M","?","?","?","M","R","M","M","T","$","M","T","M","E","R","B",null,"M","?","M","M","?","R","M","E","T","E","R","$","M","M","R","B",null,"M","?","$","$","$","R","M","R","T","?","M","M","R","M","R","B"],"character_chosen":"DEFECT","items_purchased":["Capacitor","Ball Lightning","Apotheosis","Double Energy","Storm","Sweeping Beam","Defragment","Static Discharge","Storm"],"campfire_rested":2,"item_purchase_floors":[10,10,29,29,29,29,37,38,39],"current_hp_per_floor":[70,75,55,55,51,75,75,73,83,83,63,63,63,60,60,24,90,84,45,45,33,33,33,34,42,42,37,37,37,45,45,45,45,45,43,43,43,29,29,42,45,45,45,39,45,45,45,45,45,35],"gold":131,"neow_bonus":"ONE_RARE_RELIC","is_prod":false,"is_daily":false,"chose_seed":false,"campfire_upgraded":7,"win_rate":0,"timestamp":1531184961,"path_taken":["M","?","?","?","?","R","M","M","T","$","?","?","M","E","R","BOSS","M","?","?","M","?","R","M","E","T","E","R","?","M","M","R","BOSS","M","?","$","?","$","R","M","R","T","?","M","M","R","M","R","BOSS"],"build_version":"2018-07-05","purchased_purges":0,"victory":true,"max_hp_per_floor":[75,80,80,80,80,80,80,80,90,90,90,90,90,90,90,90,90,90,45,45,45,45,45,45,45,45,45,45,45,45,45,45,45,45,45,45,45,45,45,45,45,45,45,45,45,45,45,45,45,45],"card_choices":[{"not_picked":["Reinforced Body","Steam"],"picked":"Redo","floor":1.0},{"not_picked":["Redo","Ball Lightning"],"picked":"BootSequence","floor":5.0},{"not_picked":["Turbo","Barrage"],"picked":"Glacier","floor":7.0},{"not_picked":["Steam","Compile Driver"],"picked":"Sweeping Beam","floor":8.0},{"not_picked":["Cold Snap","Recycle"],"picked":"Stack","floor":11.0},{"not_picked":["Storm","Sweeping Beam"],"picked":"Turbo","floor":13.0},{"not_picked":["Redo","Steam"],"picked":"Coolheaded","floor":14.0},{"not_picked":["Meteor Strike","Hyperbeam"],"picked":"Creative AI","floor":16.0},{"not_picked":["Rebound","Stack"],"picked":"Gash","floor":18.0},{"not_picked":["Glacier","Consume"],"picked":"Hello World","floor":20.0},{"not_picked":["Steam+1","Barrage"],"picked":"Beam Cell","floor":21.0},{"not_picked":["Glacier","Cold Snap"],"picked":"Heatsinks+1","floor":24.0},{"not_picked":["Melter+1","Barrage"],"picked":"Genetic Algorithm","floor":25.0},{"not_picked":["Capacitor","Recycle"],"picked":"Buffer","floor":27.0},{"not_picked":["Barrage+1","Streamline+1"],"picked":"Aggregate+1","floor":30.0},{"not_picked":["Barrage","Rebound"],"picked":"Turbo","floor":31.0},{"not_picked":["Creative AI","Hyperbeam"],"picked":"Core Surge","floor":33.0},{"not_picked":["Barrage","Glacier"],"picked":"Leap","floor":34.0},{"not_picked":["Rebound","Double Energy"],"picked":"Tempest+1","floor":34.0},{"not_picked":["Redo","Streamline"],"picked":"Steam+1","floor":34.0},{"not_picked":["Gash","Cold Snap"],"picked":"Rebound","floor":34.0},{"not_picked":["Beam Cell","Steam"],"picked":"Conserve Battery","floor":34.0},{"not_picked":["Sweeping Beam+1","Multi-Cast"],"picked":"Undo+1","floor":35.0},{"not_picked":["Rebound+1","Conserve Battery"],"picked":"FTL","floor":41.0},{"not_picked":["Rebound+1","Electrodynamics"],"picked":"Doom and Gloom+1","floor":45.0},{"not_picked":["Reprogram","Conserve Battery"],"picked":"Hologram+1","floor":46.0},{"not_picked":["Streamline+1","Conserve Battery+1"],"picked":"Go for the Eyes","floor":48.0}],"player_experience":74060,"relics_obtained":[{"floor":9.0,"key":"Pear"},{"floor":12.0,"key":"Orichalcum"},{"floor":14.0,"key":"Anchor"},{"floor":25.0,"key":"Turnip"},{"floor":26.0,"key":"Shuriken"},{"floor":27.0,"key":"Oddly Smooth Stone"},{"floor":43.0,"key":"Omamori"}],"event_choices":[{"event_name":"Big Fish","player_choice":"Donut","floor":2.0,"damage_taken":0.0},{"event_name":"Golden Idol","player_choice":"Take Damage","floor":3.0,"damage_taken":0.0},{"event_name":"Golden Wing","player_choice":"Ignored","floor":4.0,"damage_taken":0.0},{"event_name":"Ghosts","player_choice":"Became a Ghost","floor":19.0,"damage_taken":0.0},{"event_name":"The Library","player_choice":"Read","floor":22.0,"damage_taken":0.0},{"event_name":"Tomb of Lord Red Mask","player_choice":"Ignored","floor":36.0,"damage_taken":0.0},{"event_name":"Winding Halls","player_choice":"Embrace Madness","floor":44.0,"damage_taken":0.0}],"boss_relics":[{"not_picked":["Black Star","Eternal Feather"],"picked":"Lizard Tail"},{"not_picked":["Nuclear Battery","Calling Bell"],"picked":"Orrery"}],"items_purged_floors":[],"is_endless":false,"potions_floor_spawned":[1,5,13,16,18,24,31,33,35,38,46,48],"ascension_level":0}