{"gold_per_floor":[111,111,36,55,71,71,92,136,136,136,136,171,189,21,21,21],"floor_reached":16,"playtime":331,"items_purged":["Strike_R"],"score":193,"play_id":"ada75fd0-b352-47a4-9f9e-9ebce32756f0","local_time":"20190322205721","is_ascension_mode":true,"campfire_choices":[{"data":"Double Tap","floor":6,"key":"SMITH"},{"data":"Body Slam","floor":15,"key":"SMITH"}],"neow_cost":"TEN_PERCENT_HP_LOSS","seed_source_timestamp":9290462135605,"circlet_count":0,"master_deck":["AscendersBane","Strike_R","Strike_R","Strike_R","Defend_R","Defend_R","Defend_R","Defend_R","Bash","Immolate","Body Slam+1","Double Tap+1","Thunderclap"],"relics":["Burning Blood","Golden Idol","Bag of Preparation","Lantern","Question Card","The Courier","PrismaticShard"],"potions_floor_usage":[12,16],"damage_taken":[{"damage":7,"enemies":"Jaw Worm","floor":1,"turns":3},{"damage":0,"enemies":"2 Louse","floor":4,"turns":2},{"damage":3,"enemies":"Cultist","floor":5,"turns":4},{"damage":13,"enemies":"Blue Slaver","floor":7,"turns":3},{"damage":16,"enemies":"Gremlin Nob","floor":8,"turns":4},{"damage":18,"enemies":"Lagavulin","floor":12,"turns":4},{"damage":0,"enemies":"2 Fungi Beasts","floor":13,"turns":1},{"damage":14,"enemies":"The Guardian","floor":16,"turns":4}],"seed_played":"8309674959434967546","potions_obtained":[{"floor":4,"key":"Block Potion"},{"floor":5,"key":"Explosive Potion"},{"floor":7,"key":"Swift Potion"}],"is_trial":false,"path_per_floor":["M","?","$","M","M","R","M","E","T","T","?","E","M","$","R","B"],"character_chosen":"IRONCLAD","items_purchased":["PrismaticShard"],"campfire_rested":0,"item_purchase_floors":[14],"current_hp_per_floor":[67,44,44,50,53,53,46,36,36,36,36,24,30,30,30,16],"gold":21,"neow_bonus":"THREE_RARE_CARDS","is_prod":false,"is_daily":false,"chose_seed":false,"campfire_upgraded":2,"win_rate":0,"timestamp":1553259441,"path_taken":["M","?","$","M","M","R","M","E","T","?","?","E","?","$","R","BOSS"],"build_version":"2019-01-23","purchased_purges":1,"victory":false,"max_hp_per_floor":[68,68,68,68,68,68,68,68,68,68,68,68,68,68,68,68],"card_choices":[{"not_picked":["Double Tap","Berserk"],"picked":"Immolate","floor":0},{"not_picked":["Warcry","Clothesline"],"picked":"Body Slam","floor":1},{"not_picked":["Iron Wave","Clash","Havoc"],"picked":"SKIP","floor":4},{"not_picked":["Reckless Charge","Hemokinesis"],"picked":"Double Tap","floor":5},{"not_picked":["Reckless Charge","Clash","Havoc"],"picked":"SKIP","floor":7},{"not_picked":["Iron Wave","Immolate","Reckless Charge"],"picked":"SKIP","floor":8},{"not_picked":["Anger","Burning Pact","Pommel Strike"],"picked":"Thunderclap","floor":12},{"not_picked":["Heavy Blade","Body Slam","Dropkick","Clash"],"picked":"SKIP","floor":13}],"player_experience":866463,"relics_obtained":[{"floor":8,"key":"Bag of Preparation"},{"floor":9,"key":"Lantern"},{"floor":10,"key":"Question Card"},{"floor":12,"key":"The Courier"}],"event_choices":[{"damage_healed":0,"gold_gain":0,"player_choice":"Take Damage","damage_taken":23,"relics_obtained":["Golden Idol"],"max_hp_gain":0,"max_hp_loss":0,"event_name":"Golden Idol","floor":2,"gold_loss":0},{"cards_removed":["Strike_R"],"damage_healed":0,"gold_gain":0,"player_choice":"Purged","damage_taken":0,"max_hp_gain":0,"max_hp_loss":0,"event_name":"Purifier","floor":11,"gold_loss":0}],"is_beta":false,"boss_relics":[],"items_purged_floors":[3],"is_endless":false,"potions_floor_spawned":[4,5,7],"killed_by":"The Guardian","ascension_level":15}