{"gold_per_floor":[119,72,86,86,97,97,22,22,49,78,90,112,124,170,182,295,307,307,287,287,287,287],"floor_reached":22,"playtime":1312,"items_purged":["Strike_B"],"score":195,"play_id":"37fcf773-d570-4dee-86a9-856bd565500a","local_time":"20190810172214","is_ascension_mode":true,"campfire_choices":[{"data":"Turbo","floor":6,"key":"SMITH"},{"data":"Zap","floor":8,"key":"SMITH"},{"data":"Recycle","floor":11,"key":"SMITH"},{"floor":13,"key":"REST"},{"floor":15,"key":"REST"}],"neow_cost":"NONE","seed_source_timestamp":60757971981866,"circlet_count":0,"master_deck":["Strike_B","Strike_B","Defend_B","Defend_B","Defend_B","Defend_B","Zap+1","Dualcast","Reinforced Body","Sunder","Ball Lightning","Recycle+1","Turbo+1","Glacier","Chill","Hyperbeam","Turbo+1","Hologram+1"],"relics":["Cracked Core","MawBank","Toxic Egg 2","Ectoplasm"],"potions_floor_usage":[3,12,20,21],"damage_taken":[{"damage":0,"enemies":"Cultist","floor":1,"turns":4},{"damage":2,"enemies":"Jaw Worm","floor":3,"turns":3},{"damage":2,"enemies":"Small Slimes","floor":5,"turns":3},{"damage":2,"enemies":"3 Louse","floor":10,"turns":4},{"damage":13,"enemies":"Large Slime","floor":12,"turns":4},{"damage":37,"enemies":"Gremlin Nob","floor":14,"turns":5},{"damage":25,"enemies":"The Guardian","floor":16,"turns":13},{"damage":12,"enemies":"Spheric Guardian","floor":18,"turns":5},{"damage":4,"enemies":"Shell Parasite","floor":20,"turns":6},{"damage":35,"enemies":"Snake Plant","floor":21,"turns":5},{"damage":30,"enemies":"Shelled Parasite and Fungi","floor":22,"turns":6}],"seed_played":"-4179654059528959726","potions_obtained":[{"floor":1,"key":"EssenceOfSteel"},{"floor":5,"key":"GamblersBrew"},{"floor":10,"key":"PowerPotion"},{"floor":14,"key":"Energy Potion"},{"floor":19,"key":"Fruit Juice"},{"floor":20,"key":"Explosive Potion"}],"is_trial":false,"path_per_floor":["M","$","M","$","M","R","$","R","T","M","R","M","R","E","R","B",null,"M","?","M","M","M"],"character_chosen":"DEFECT","items_purchased":["Ball Lightning"],"campfire_rested":2,"item_purchase_floors":[2],"current_hp_per_floor":[75,75,73,73,71,71,71,71,71,69,69,56,75,38,60,35,75,63,63,64,29,0],"gold":287,"neow_bonus":"TRANSFORM_CARD","is_prod":false,"is_daily":false,"chose_seed":false,"campfire_upgraded":3,"win_rate":0,"timestamp":1565472134,"path_taken":["M","$","M","$","M","R","$","R","T","M","R","M","R","E","R","BOSS","M","?","M","?","M"],"build_version":"2019-07-17","purchased_purges":1,"victory":false,"max_hp_per_floor":[75,75,75,75,75,75,75,75,75,75,75,75,75,75,75,75,75,75,75,80,80,80],"card_choices":[{"not_picked":["Self Repair","Reprogram"],"picked":"Sunder","floor":1},{"not_picked":["Scrape","Rebound"],"picked":"Recycle","floor":3},{"not_picked":["Stack","Steam"],"picked":"Turbo","floor":5},{"not_picked":["Compile Driver","Leap"],"picked":"Glacier","floor":10},{"not_picked":["Capacitor","Consume"],"picked":"Chill","floor":12},{"not_picked":["Self Repair","Lockon","Thunder Strike"],"picked":"SKIP","floor":14},{"not_picked":["Meteor Strike","Multi-Cast+1"],"picked":"Hyperbeam","floor":16},{"not_picked":["Streamline","Leap+1"],"picked":"Turbo+1","floor":18},{"not_picked":["Barrage","Blizzard","Streamline+1"],"picked":"SKIP","floor":20},{"not_picked":["Steam+1","Rebound+1"],"picked":"Hologram+1","floor":21}],"player_experience":70350,"relics_obtained":[{"floor":9,"key":"MawBank"},{"floor":14,"key":"Toxic Egg 2"}],"event_choices":[{"damage_healed":0,"gold_gain":0,"player_choice":"Bought 1 Potion","damage_taken":0,"max_hp_gain":0,"max_hp_loss":0,"event_name":"The Woman in Blue","floor":19,"gold_loss":0}],"is_beta":false,"boss_relics":[{"not_picked":["Velvet Choker","FrozenCore"],"picked":"Ectoplasm"}],"items_purged_floors":[7],"is_endless":false,"potions_floor_spawned":[1,5,10,14,20],"killed_by":"Shelled Parasite and Fungi","ascension_level":1}