{"gold_per_floor":[110,110,110,110,110,137,156,56,125,125,145,145,6,21,21,21],"floor_reached":16,"playtime":440,"items_purged":[],"score":147,"play_id":"6d5ea97b-061c-48da-8afd-694c5fb48cae","local_time":"20180805190503","is_ascension_mode":true,"campfire_choices":[{"floor":10,"key":"REST"},{"data":"Chaos","floor":12,"key":"SMITH"},{"data":"Hyperbeam","floor":15,"key":"SMITH"}],"neow_cost":"","seed_source_timestamp":36672342732283,"circlet_count":0,"master_deck":["Strike_B","Strike_B","Strike_B","Defend_B","Defend_B","Defend_B","Zap","Dualcast","AscendersBane","Capacitor","Leap","Conserve Battery","Chaos+1","Turbo","Ball Lightning","Loop","Hyperbeam+1"],"relics":["Cracked Core","Peace Pipe","Symbiotic Virus"],"potions_floor_usage":[16,16],"damage_taken":[{"damage":6,"enemies":"Jaw Worm","floor":1,"turns":4},{"damage":45,"enemies":"Lagavulin","floor":6,"turns":9},{"damage":1,"enemies":"2 Louse","floor":7,"turns":3},{"damage":24,"enemies":"Small Slimes","floor":11,"turns":4},{"damage":1,"enemies":"Blue Slaver","floor":14,"turns":2},{"damage":18,"enemies":"Hexaghost","floor":16,"turns":9}],"seed_played":"-2000639293470520121","potions_obtained":[{"floor":7,"key":"EssenceOfSteel"},{"floor":11,"key":"Fruit Juice"}],"is_trial":false,"path_per_floor":["M","?","?","?","?","E","M","$","T","R","M","R","$","M","R"],"character_chosen":"DEFECT","items_purchased":["Turbo","Ball Lightning","Hyperbeam"],"campfire_rested":1,"item_purchase_floors":[8,8,13],"current_hp_per_floor":[62,67,67,67,60,15,14,14,14,38,14,14,14,13,13,0],"gold":21,"neow_bonus":"","is_prod":false,"is_daily":false,"chose_seed":false,"campfire_upgraded":2,"win_rate":0,"timestamp":1533467103,"path_taken":["M","?","?","?","?","E","M","$","T","R","M","R","?","?","R","BOSS"],"build_version":"2018-08-02","purchased_purges":0,"victory":false,"max_hp_per_floor":[75,80,80,80,80,80,80,80,80,80,80,80,80,80,80,85],"card_choices":[{"not_picked":["Go for the Eyes","Force Field"],"picked":"Capacitor","floor":1},{"not_picked":["Hologram","Tempest"],"picked":"Conserve Battery","floor":6},{"not_picked":["Recycle","Conserve Battery"],"picked":"Chaos","floor":7},{"not_picked":["Genetic Algorithm","Streamline"],"picked":"Loop","floor":11},{"not_picked":["Hologram","Ball Lightning","Consume"],"picked":"SKIP","floor":14}],"player_experience":211690,"relics_obtained":[{"floor":6,"key":"Peace Pipe"},{"floor":9,"key":"Symbiotic Virus"}],"event_choices":[{"event_name":"Big Fish","player_choice":"Donut","floor":2,"damage_taken":0},{"event_name":"Living Wall","player_choice":"Change","floor":3,"damage_taken":0},{"event_name":"Shining Light","player_choice":"Ignored","floor":4,"damage_taken":0},{"event_name":"Golden Wing","player_choice":"Card Removal","floor":5,"damage_taken":0}],"is_beta":false,"boss_relics":[],"items_purged_floors":[],"is_endless":false,"potions_floor_spawned":[7,11],"killed_by":"Hexaghost","ascension_level":10}