{"gold_per_floor":[15,26,42,42,42,42,67,67,67,67,95,107,126,138,138,138],"floor_reached":16,"playtime":1205,"items_purged":[],"score":112,"play_id":"43dc0483-6258-49de-b95a-f497fa83df2d","local_time":"20190806000901","is_ascension_mode":false,"campfire_choices":[{"data":"Warcry","floor":6,"key":"SMITH"},{"floor":8,"key":"REST"},{"data":"Strike_R","floor":10,"key":"PURGE"},{"floor":15,"key":"REST"}],"neow_cost":"NO_GOLD","seed_source_timestamp":1242964717216300,"circlet_count":0,"master_deck":["Strike_R","Strike_R","Strike_R","Strike_R","Defend_R","Defend_R","Defend_R","Defend_R","Bash","Sever Soul","Warcry+1","Warcry","Double Tap","Seeing Red","Pommel Strike","True Grit","Battle Trance"],"relics":["Burning Blood","Charon\u0027s Ashes","Mango","Oddly Smooth Stone","Peace Pipe","Dodecahedron"],"potions_floor_usage":[],"damage_taken":[{"damage":7,"enemies":"Small Slimes","floor":1,"turns":4},{"damage":14,"enemies":"Jaw Worm","floor":2,"turns":4},{"damage":0,"enemies":"Cultist","floor":3,"turns":3},{"damage":20,"enemies":"3 Sentries","floor":7,"turns":7},{"damage":65,"enemies":"Gremlin Nob","floor":11,"turns":6},{"damage":0,"enemies":"2 Fungi Beasts","floor":12,"turns":3},{"damage":8,"enemies":"Looter","floor":13,"turns":3},{"damage":5,"enemies":"Lots of Slimes","floor":14,"turns":4},{"damage":72,"enemies":"Hexaghost","floor":16,"turns":10}],"seed_played":"6823040616226392071","potions_obtained":[{"floor":2,"key":"Strength Potion"},{"floor":11,"key":"LiquidBronze"},{"floor":12,"key":"Energy Potion"}],"is_trial":false,"path_per_floor":["M","M","M","$","?","R","E","R","T","R","E","M","M","M","R","B"],"character_chosen":"IRONCLAD","items_purchased":[],"campfire_rested":2,"item_purchase_floors":[],"current_hp_per_floor":[79,71,77,77,79,79,65,93,93,93,34,40,38,39,67,0],"gold":138,"neow_bonus":"ONE_RARE_RELIC","is_prod":false,"is_daily":false,"chose_seed":false,"campfire_upgraded":1,"win_rate":0.0,"timestamp":1565042941,"path_taken":["M","M","M","$","?","R","E","R","T","R","E","M","M","M","R","BOSS"],"build_version":"2019-07-17","purchased_purges":0,"victory":false,"max_hp_per_floor":[80,80,80,80,94,94,94,94,94,94,94,94,94,94,94,94],"card_choices":[{"not_picked":["Thunderclap","Clothesline"],"picked":"Sever Soul","floor":1},{"not_picked":["Clash","Flame Barrier"],"picked":"Warcry","floor":2},{"not_picked":["Pommel Strike","Thunderclap"],"picked":"Warcry","floor":3},{"not_picked":["Searing Blow","Rampage"],"picked":"Double Tap","floor":7},{"not_picked":["Anger","Body Slam"],"picked":"Seeing Red","floor":11},{"not_picked":["Anger","Barricade"],"picked":"Pommel Strike","floor":12},{"not_picked":["Anger","Clothesline"],"picked":"True Grit","floor":13},{"not_picked":["Heavy Blade","Perfected Strike"],"picked":"Battle Trance","floor":14}],"player_experience":221332,"relics_obtained":[{"floor":7,"key":"Oddly Smooth Stone"},{"floor":9,"key":"Peace Pipe"},{"floor":11,"key":"Dodecahedron"}],"event_choices":[{"damage_healed":0,"gold_gain":0,"player_choice":"Success","damage_taken":12,"relics_obtained":["Mango"],"max_hp_gain":0,"max_hp_loss":0,"event_name":"Scrap Ooze","floor":5,"gold_loss":0}],"is_beta":false,"boss_relics":[],"items_purged_floors":[],"is_endless":false,"potions_floor_spawned":[2,11,12],"killed_by":"Hexaghost","ascension_level":0}