{"gold_per_floor":[109,184,194,210,227,227,245,257,257,286,33,33,53,69,69,69],"floor_reached":16,"playtime":1496,"items_purged":[],"score":106,"play_id":"b56e6890-5c32-4ac5-bce6-e24b1ee9a937","local_time":"20190806213016","is_ascension_mode":false,"campfire_choices":[{"data":"Entrench","floor":6,"key":"SMITH"},{"data":"Body Slam","floor":15,"key":"SMITH"}],"neow_cost":"NONE","seed_source_timestamp":178111340426515,"circlet_count":0,"master_deck":["Strike_R","Strike_R","Strike_R","Strike_R","Strike_R","Defend_R","Defend_R","Defend_R","Defend_R","Bash","Body Slam+1","Bloodletting","Entrench+1","Ghostly Armor","Berserk","Regret","Metallicize","Shrug It Off"],"special_seed":0,"relics":["Burning Blood","Anchor","Pantograph","Peace Pipe","Bottled Flame","Incense Burner"],"potions_floor_usage":[10,10,13,16,16],"damage_taken":[{"damage":2.0,"enemies":"2 Louse","floor":1.0,"turns":3.0},{"damage":0.0,"enemies":"Small Slimes","floor":3.0,"turns":3.0},{"damage":13.0,"enemies":"Cultist","floor":4.0,"turns":6.0},{"damage":19.0,"enemies":"Large Slime","floor":5.0,"turns":8.0},{"damage":0,"enemies":"2 Fungi Beasts","floor":7,"turns":4},{"damage":0,"enemies":"Blue Slaver","floor":8,"turns":5},{"damage":42,"enemies":"Lagavulin","floor":10,"turns":15},{"damage":9,"enemies":"Looter","floor":13,"turns":4},{"damage":1,"enemies":"2 Fungi Beasts","floor":14,"turns":4},{"damage":80,"enemies":"The Guardian","floor":16,"turns":11}],"seed_played":"7869742990638507576","potions_obtained":[{"floor":4.0,"key":"FearPotion"},{"floor":5,"key":"BloodPotion"},{"floor":8,"key":"EssenceOfSteel"},{"floor":10,"key":"SpeedPotion"},{"floor":13,"key":"PowerPotion"}],"is_trial":false,"path_per_floor":["M","?","M","M","M","R","M","M","T","E","$","?","M","M","R","B"],"character_chosen":"IRONCLAD","items_purchased":["Bottled Flame"],"campfire_rested":0,"item_purchase_floors":[11],"current_hp_per_floor":[80,69,75,68,55,55,61,67,67,31,31,31,48,53,53,0],"gold":69,"neow_bonus":"RANDOM_COMMON_RELIC","is_prod":false,"is_daily":false,"chose_seed":false,"campfire_upgraded":2,"win_rate":0,"timestamp":1565119816,"path_taken":["M","?","M","M","M","R","M","M","T","E","$","?","M","M","R","BOSS"],"build_version":"2019-07-17","purchased_purges":0,"victory":false,"max_hp_per_floor":[80,80,80,80,80,80,80,80,80,80,80,80,80,80,80,80],"card_choices":[{"not_picked":["Clothesline","Burning Pact"],"picked":"Body Slam","floor":1.0},{"not_picked":["Headbutt","Clothesline"],"picked":"Bloodletting","floor":3.0},{"not_picked":["Bloodletting","Battle Trance"],"picked":"Entrench","floor":4.0},{"not_picked":["Shrug It Off","Anger"],"picked":"Ghostly Armor","floor":5},{"not_picked":["Intimidate","Clash","Hemokinesis"],"picked":"SKIP","floor":7},{"not_picked":["Rampage","Heavy Blade","Flex"],"picked":"SKIP","floor":8},{"not_picked":["Headbutt","Battle Trance"],"picked":"Berserk","floor":10},{"not_picked":["Clothesline","Uppercut"],"picked":"Metallicize","floor":13},{"not_picked":["Thunderclap","Heavy Blade"],"picked":"Shrug It Off","floor":14}],"player_experience":21790,"relics_obtained":[{"floor":9,"key":"Pantograph"},{"floor":10,"key":"Peace Pipe"}],"event_choices":[{"damage_healed":0.0,"max_hp_gain":0.0,"max_hp_loss":0.0,"gold_gain":75.0,"event_name":"World of Goop","player_choice":"Gather Gold","floor":2.0,"gold_loss":0.0,"damage_taken":11.0},{"damage_healed":0,"gold_gain":0,"player_choice":"Box","damage_taken":0,"relics_obtained":["Incense Burner"],"max_hp_gain":0,"max_hp_loss":0,"event_name":"Big Fish","floor":12,"gold_loss":0,"cards_obtained":["Regret"]}],"is_beta":false,"boss_relics":[],"items_purged_floors":[],"is_endless":false,"potions_floor_spawned":[4,5,8,10,13],"killed_by":"The Guardian","ascension_level":0}