{"gold_per_floor":[112,37,50,50,69,69,96,115,115,129,129,149,159,159],"floor_reached":14,"playtime":486,"items_purged":["Doubt"],"score":188,"play_id":"4c25d1ed-38b6-481e-bc0a-ab1e67ecc7bd","local_time":"20180922144841","is_ascension_mode":true,"campfire_choices":[{"data":"Dualcast","floor":6,"key":"SMITH"},{"data":"Redo","floor":11,"key":"SMITH"}],"neow_cost":"CURSE","seed_source_timestamp":1806178430968,"circlet_count":0,"master_deck":["Strike_B","Strike_B","Strike_B","Strike_B","Defend_B","Defend_B","Defend_B","Defend_B","Zap+1","Dualcast+1","AscendersBane","Core Surge","Ball Lightning","Coolheaded","Doom and Gloom","Biased Cognition","Redo+1","Undo","Reinforced Body"],"special_seed":0,"relics":["Cracked Core","Orichalcum","Question Card"],"potions_floor_usage":[7],"damage_taken":[{"damage":12,"enemies":"2 Louse","floor":1,"turns":3},{"damage":0,"enemies":"Cultist","floor":3,"turns":2},{"damage":0,"enemies":"Small Slimes","floor":5,"turns":2},{"damage":25,"enemies":"3 Sentries","floor":7,"turns":4},{"damage":0,"enemies":"Gremlin Gang","floor":8,"turns":3},{"damage":5,"enemies":"Exordium Wildlife","floor":10,"turns":3},{"damage":3,"enemies":"Red Slaver","floor":12,"turns":2},{"damage":17,"enemies":"3 Louse","floor":13,"turns":3},{"damage":3,"enemies":"Lots of Slimes","floor":14,"turns":1}],"seed_played":"7458825875391109105","potions_obtained":[{"floor":3,"key":"Fire Potion"},{"floor":12,"key":"Ancient Potion"}],"is_trial":false,"path_per_floor":["M","$","M","?","M","R","E","M","T","M","R","M","M"],"character_chosen":"DEFECT","items_purchased":[],"campfire_rested":0,"item_purchase_floors":[],"current_hp_per_floor":[52,52,52,52,52,52,27,27,27,22,22,19,2,0],"gold":159,"neow_bonus":"THREE_RARE_CARDS","is_prod":false,"is_daily":false,"chose_seed":false,"campfire_upgraded":2,"win_rate":0,"timestamp":1537598921,"path_taken":["M","$","M","?","M","R","E","M","T","M","R","M","M","M"],"build_version":"2018-09-20","purchased_purges":1,"victory":false,"max_hp_per_floor":[71,71,71,71,71,71,71,71,71,71,71,71,71,71],"card_choices":[{"not_picked":["Meteor Strike","Fission"],"picked":"Core Surge","floor":0},{"not_picked":["Compile Driver","Redo"],"picked":"Ball Lightning","floor":1},{"not_picked":["Steam","Storm"],"picked":"Coolheaded","floor":3},{"not_picked":["Chill","Leap"],"picked":"Doom and Gloom","floor":5},{"not_picked":["Rebound","Coolheaded","Compile Driver"],"picked":"SKIP","floor":7},{"not_picked":["Hologram","BootSequence"],"picked":"Biased Cognition","floor":8},{"not_picked":["Barrage","Tempest","Turbo"],"picked":"Redo","floor":10},{"not_picked":["Rebound","Chaos","Sweeping Beam"],"picked":"Undo","floor":12},{"not_picked":["Sweeping Beam","Conserve Battery","Doom and Gloom"],"picked":"Reinforced Body","floor":13}],"player_experience":375146,"relics_obtained":[{"floor":7,"key":"Orichalcum"},{"floor":9,"key":"Question Card"}],"event_choices":[{"event_name":"Accursed Blacksmith","player_choice":"Forge","floor":4,"damage_taken":0}],"is_beta":true,"boss_relics":[],"items_purged_floors":[2],"is_endless":false,"potions_floor_spawned":[3,12],"killed_by":"Lots of Slimes","ascension_level":20}