{"gold_per_floor":[119,119,139,155,330,330,362,362,389,428,454,466],"floor_reached":12,"playtime":402,"items_purged":[],"score":136,"play_id":"ee15b675-d39c-45b0-b1eb-c0e2fc2fc152","local_time":"20180808185147","is_ascension_mode":true,"campfire_choices":[{"data":"Defragment","floor":6,"key":"SMITH"}],"neow_cost":"","seed_source_timestamp":12376608658740,"circlet_count":0,"master_deck":["Strike_B","Strike_B","Strike_B","Defend_B","Defend_B","Defend_B","Defend_B","Zap","Dualcast","AscendersBane","Hologram","Defragment+1","Reinforced Body","Doubt","Meteor Strike","Rebound"],"relics":["Cracked Core","Omamori","Blood Vial","MawBank","Peace Pipe"],"potions_floor_usage":[7,7],"damage_taken":[{"damage":3,"enemies":"Jaw Worm","floor":1,"turns":4},{"damage":2,"enemies":"2 Louse","floor":3,"turns":2},{"damage":0,"enemies":"Cultist","floor":4,"turns":4},{"damage":17,"enemies":"Gremlin Nob","floor":7,"turns":4},{"damage":15,"enemies":"Lagavulin","floor":10,"turns":7},{"damage":14,"enemies":"Large Slime","floor":11,"turns":6},{"damage":5,"enemies":"3 Louse","floor":12,"turns":1}],"seed_played":"-6482214726407034143","potions_obtained":[{"floor":3,"key":"Fire Potion"},{"floor":4,"key":"Poison Potion"},{"floor":11,"key":"Strength Potion"}],"is_trial":false,"path_per_floor":["M","?","M","M","?","R","E","?","T","E","M"],"character_chosen":"DEFECT","items_purchased":[],"campfire_rested":0,"item_purchase_floors":[],"current_hp_per_floor":[65,58,56,56,56,56,39,27,27,14,2,0],"gold":466,"neow_bonus":"","is_prod":false,"is_daily":false,"chose_seed":false,"campfire_upgraded":1,"win_rate":0,"timestamp":1533725507,"path_taken":["M","?","?","M","?","R","E","?","T","E","?","M"],"build_version":"2018-08-02","purchased_purges":0,"victory":false,"max_hp_per_floor":[75,75,75,75,75,75,75,75,75,75,75,75],"card_choices":[{"not_picked":["Beam Cell","Scrape"],"picked":"Hologram","floor":1},{"not_picked":["Barrage","Rebound"],"picked":"Defragment","floor":3},{"not_picked":["Hologram","Redo"],"picked":"Reinforced Body","floor":4},{"not_picked":["Ball Lightning","Aggregate"],"picked":"Meteor Strike","floor":7},{"not_picked":["Reprogram","Compile Driver","Barrage"],"picked":"SKIP","floor":10},{"not_picked":["Barrage","Force Field"],"picked":"Rebound","floor":11}],"player_experience":218353,"relics_obtained":[{"floor":7,"key":"Omamori"},{"floor":9,"key":"MawBank"},{"floor":10,"key":"Peace Pipe"}],"event_choices":[{"event_name":"Golden Wing","player_choice":"Card Removal","floor":2,"damage_taken":0},{"event_name":"Liars Game","player_choice":"agreed","floor":5,"damage_taken":0},{"event_name":"Scrap Ooze","player_choice":"success","floor":8,"damage_taken":12}],"is_beta":false,"boss_relics":[],"items_purged_floors":[],"is_endless":false,"potions_floor_spawned":[3,4,11],"killed_by":"3 Louse","ascension_level":11}