{"gold_per_floor":[112,127,127,205,26,26,54,54,81,95,95,107,107,121,121,121],"floor_reached":16,"playtime":563,"items_purged":[],"score":250,"play_id":"35b43522-697c-4244-a7d7-1a64f9a3d9b6","local_time":"20190309135706","is_ascension_mode":true,"campfire_choices":[{"data":"Apotheosis","floor":6.0,"key":"SMITH"},{"data":"Defragment","floor":8.0,"key":"SMITH"},{"data":"Skim","floor":11.0,"key":"SMITH"},{"data":"Sunder","floor":13.0,"key":"SMITH"}],"neow_cost":"NONE","seed_source_timestamp":9386582558279,"circlet_count":0,"master_deck":["AscendersBane","Strike_B","Strike_B","Strike_B","Strike_B","Defend_B","Defend_B","Defend_B","Zap","Dualcast","Streamline","Apotheosis+1","Defragment+1","Skim+1","Sunder+1","Beam Cell"],"special_seed":0,"relics":["Cracked Core","NeowsBlessing","Replay:Rubber Ducky","Bag of Preparation","Golden Idol"],"potions_floor_usage":[],"damage_taken":[{"damage":0.0,"enemies":"Cultist","floor":1.0,"turns":1.0},{"damage":0.0,"enemies":"Small Slimes","floor":2.0,"turns":1.0},{"damage":0.0,"enemies":"Lagavulin","floor":7.0,"turns":1.0},{"damage":0.0,"enemies":"Jaw Worm","floor":10.0,"turns":3.0},{"damage":1.0,"enemies":"2 Fungi Beasts","floor":12.0,"turns":3.0},{"damage":5,"enemies":"Gremlin Gang","floor":14,"turns":2},{"damage":30,"enemies":"Fading Forest","floor":16,"turns":12}],"seed_played":"-2857415724705887203","potions_obtained":[{"floor":1.0,"key":"FearPotion"},{"floor":12.0,"key":"Dexterity Potion"}],"is_trial":false,"path_per_floor":["M","M","?","?","$","R","E","R","T","M","R","M","R","M","R","B"],"character_chosen":"DEFECT","items_purchased":["Apotheosis"],"campfire_rested":0,"item_purchase_floors":[5],"current_hp_per_floor":[64,64,64,64,64,64,64,64,64,64,64,63,63,58,58,28],"gold":121,"neow_bonus":"THREE_ENEMY_KILL","is_prod":false,"is_daily":false,"chose_seed":false,"campfire_upgraded":4,"win_rate":0,"timestamp":1552111026,"path_taken":["M","?","?","?","$","R","E","R","T","M","R","M","R","M","R","BOSS"],"build_version":"2019-02-06","purchased_purges":0,"victory":false,"max_hp_per_floor":[71,71,71,71,71,71,71,71,71,71,71,71,71,71,64,64],"card_choices":[{"not_picked":["Lockon","Barrage","ReplayGash"],"picked":"SKIP","floor":1.0},{"not_picked":["Beam Cell","Blizzard"],"picked":"Streamline","floor":2.0},{"not_picked":["Leap","Streamline"],"picked":"Defragment","floor":7.0},{"not_picked":["Stack","BasicCrystalCard"],"picked":"Skim","floor":10.0},{"not_picked":["Panic Button","Meteor Strike"],"picked":"Sunder","floor":12.0},{"not_picked":["Defragment","Barrage"],"picked":"Beam Cell","floor":14}],"player_experience":840449,"relics_obtained":[{"floor":7.0,"key":"Replay:Rubber Ducky"},{"floor":9.0,"key":"Bag of Preparation"}],"event_choices":[{"damage_healed":0.0,"max_hp_gain":0.0,"max_hp_loss":0.0,"gold_gain":78.0,"event_name":"Golden Wing","player_choice":"Gained Gold","floor":4.0,"gold_loss":0.0,"damage_taken":0.0},{"damage_healed":0,"gold_gain":0,"player_choice":"Lose Max HP","damage_taken":0,"relics_obtained":["Golden Idol"],"max_hp_gain":0,"max_hp_loss":7,"event_name":"Golden Idol","floor":15,"gold_loss":0}],"is_beta":true,"boss_relics":[],"items_purged_floors":[],"is_endless":false,"potions_floor_spawned":[1,12],"killed_by":"Fading Forest","ascension_level":20}