{"gold_per_floor":[116,291,309,309,309,343,343,371,371,382,410,70,90,101,101,202,202,219,144,59,71,133,184,258,270,282,344,356,380,442,527,539,551],"floor_reached":33,"playtime":1363,"items_purged":[],"score":416,"play_id":"24a0b3d5-62b2-4261-973a-ef657d5e7539","local_time":"20180722123349","is_ascension_mode":true,"campfire_choices":[{"floor":7.0,"key":"REST"},{"data":"Chaos","floor":15,"key":"SMITH"},{"data":"Seek","floor":25,"key":"SMITH"},{"data":"White Noise","floor":28,"key":"SMITH"},{"floor":32,"key":"REST"}],"neow_cost":"NONE","seed_source_timestamp":14716959568138,"circlet_count":0,"master_deck":["Zap","Dualcast","Cold Snap","Beam Cell","Go for the Eyes","Conserve Battery","Biased Cognition","Gash","Auto Shields","Steam Power","Chaos+1","Glacier","Gash","White Noise","Gash","Seek+1","Rebound","Leap","Stack","White Noise+1","Heatsinks","Rip and Tear","Turbo+1","Doom and Gloom+1","Writhe"],"special_seed":0,"relics":["Runic Dome","The Courier","DataDisk","Pear","Orichalcum","Runic Capacitor","Pandora\u0027s Box","MawBank","SsserpentHead","Bag of Preparation","Question Card","Omamori"],"potions_floor_usage":[8,16,33,33,33],"damage_taken":[{"damage":8.0,"enemies":"Jaw Worm","floor":1.0,"turns":4.0},{"damage":3.0,"enemies":"Small Slimes","floor":3.0,"turns":3.0},{"damage":25.0,"enemies":"Lagavulin","floor":6.0,"turns":8.0},{"damage":17,"enemies":"Gremlin Nob","floor":8,"turns":4},{"damage":0,"enemies":"Cultist","floor":10,"turns":2},{"damage":28,"enemies":"3 Sentries","floor":11,"turns":9},{"damage":0,"enemies":"Blue Slaver","floor":13,"turns":3},{"damage":0,"enemies":"2 Fungi Beasts","floor":14,"turns":4},{"damage":0,"enemies":"Hexaghost","floor":16,"turns":9},{"damage":4,"enemies":"Shell Parasite","floor":18,"turns":7},{"damage":14,"enemies":"2 Thieves","floor":23,"turns":4},{"damage":6,"enemies":"Snake Plant","floor":24,"turns":5},{"damage":20,"enemies":"Slaver and Parasite","floor":29,"turns":6},{"damage":61,"enemies":"Collector","floor":33,"turns":10}],"seed_played":"8238764649263398412","potions_obtained":[{"floor":3.0,"key":"SteroidPotion"},{"floor":6.0,"key":"FearPotion"},{"floor":10,"key":"FearPotion"},{"floor":13,"key":"Ancient Potion"},{"floor":16,"key":"GamblersBrew"},{"floor":23,"key":"SkillPotion"},{"floor":29,"key":"Block Potion"}],"is_trial":false,"path_per_floor":["M","?","M","?","?","E","R","E","T","M","E","$","M","M","R","B",null,"M","?","?","?","?","M","M","R","T","$","R","M","?","T","R"],"character_chosen":"DEFECT","items_purchased":["Runic Capacitor","Steam Power","Chaos","Glacier","Gash"],"campfire_rested":2,"item_purchase_floors":[12,12,12,12,12],"current_hp_per_floor":[67,67,64,64,57,32,54,37,47,47,19,19,19,19,19,19,69,65,65,65,65,65,51,45,45,45,45,45,25,25,25,50,0],"gold":551,"neow_bonus":"BOSS_RELIC","is_prod":false,"is_daily":false,"chose_seed":false,"campfire_upgraded":3,"win_rate":0,"timestamp":1532234029,"path_taken":["M","?","?","?","?","E","R","E","T","M","E","$","M","M","R","BOSS","M","?","?","?","?","?","?","R","T","?","R","M","?","?","R","BOSS"],"build_version":"2018-07-19v2","purchased_purges":0,"victory":false,"max_hp_per_floor":[75,75,75,75,75,75,75,75,85,85,85,85,85,85,85,85,85,85,85,85,85,85,85,85,85,85,85,85,85,85,85,85,85],"card_choices":[{"not_picked":["Compile Driver","Go for the Eyes"],"picked":"Cold Snap","floor":1.0},{"not_picked":["Undo","Doom and Gloom"],"picked":"Beam Cell","floor":3.0},{"not_picked":["Barrage","Lockon"],"picked":"Conserve Battery","floor":6.0},{"not_picked":["Rebound","Recycle"],"picked":"Biased Cognition","floor":8},{"not_picked":["Steam","Sweeping Beam"],"picked":"Gash","floor":10},{"not_picked":["Sweeping Beam","Go for the Eyes"],"picked":"Auto Shields","floor":11},{"not_picked":["Conserve Battery","Sweeping Beam"],"picked":"White Noise","floor":13},{"not_picked":["Storm","Chill"],"picked":"Gash","floor":14},{"not_picked":["Amplify","Machine Learning"],"picked":"Seek","floor":16},{"not_picked":["White Noise","Storm","Streamline+1"],"picked":"SKIP","floor":18},{"not_picked":["Steam+1","Rebound"],"picked":"Turbo+1","floor":23},{"not_picked":["Steam","Barrage","Sweeping Beam"],"picked":"SKIP","floor":24},{"not_picked":["Compile Driver","Capacitor+1"],"picked":"Doom and Gloom+1","floor":29}],"player_experience":152488,"relics_obtained":[{"floor":6.0,"key":"The Courier"},{"floor":8,"key":"DataDisk"},{"floor":9,"key":"Pear"},{"floor":11,"key":"Orichalcum"},{"floor":26,"key":"Bag of Preparation"},{"floor":31,"key":"Omamori"}],"event_choices":[{"event_name":"Liars Game","player_choice":"agreed","floor":2.0,"damage_taken":0.0},{"event_name":"Living Wall","player_choice":"Change","floor":4.0,"damage_taken":0.0},{"event_name":"Golden Wing","player_choice":"Card Removal","floor":5.0,"damage_taken":0.0},{"event_name":"Beggar","player_choice":"Gave Gold","floor":19,"damage_taken":0},{"event_name":"Addict","player_choice":"Obtained Relic","floor":20,"damage_taken":0},{"event_name":"FaceTrader","player_choice":"Trade","floor":21,"damage_taken":0},{"event_name":"Cursed Tome","player_choice":"Ignored","floor":22,"damage_taken":0},{"event_name":"The Mausoleum","player_choice":"Yes","floor":30,"damage_taken":0}],"is_beta":false,"boss_relics":[{"not_picked":["Black Star","Runic Pyramid"],"picked":"Pandora\u0027s Box"}],"items_purged_floors":[],"is_endless":false,"potions_floor_spawned":[3,6,10,13,16,23,29],"killed_by":"Collector","ascension_level":5}