{"gold_per_floor":[113,113,127,52,65,65,97,97,97,132,132,132,160,235,235,334,334,316,70,145,17,17,17,44,44,90,15,44,57,57,76,76,178,178,194,194,206,222,242,242,274,274,323,323,323,351,365,174,174,174],"floor_reached":51,"playtime":2608,"items_purged":[],"score":1340,"play_id":"627acabe-72ae-4c84-9267-f22f39be45a8","local_time":"20181202135210","is_ascension_mode":true,"campfire_choices":[{"data":"Whirlwind","floor":6.0,"key":"SMITH"},{"data":"Second Wind","floor":8.0,"key":"SMITH"},{"data":"Havoc","floor":11.0,"key":"SMITH"},{"data":"Bloodletting","floor":15.0,"key":"SMITH"},{"floor":23.0,"key":"RECALL"},{"floor":30.0,"key":"REST"},{"floor":32.0,"key":"REST"},{"floor":40.0,"key":"REST"},{"floor":44.0,"key":"REST"},{"floor":49.0,"key":"REST"}],"neow_cost":"TEN_PERCENT_HP_LOSS","seed_source_timestamp":0,"circlet_count":0,"master_deck":["AscendersBane","Bash","Second Wind+1","Hemokinesis+1","Rupture","Havoc+1","Ghostly Armor","Whirlwind+1","Reaper+1","Impervious","Bloodletting+1","Combust","Corruption","Master of Strategy","True Grit","Battle Trance","Thunderclap","Second Wind","Warcry","Body Slam","Seeing Red+1","Juggernaut","Ghostly Armor","Bloodletting","Flame Barrier","Seeing Red","Perfected Strike","Armaments+1","Sentinel+1"],"special_seed":0,"relics":["Burning Blood","Ginger","Meat on the Bone","Gremlin Horn","Dead Branch","Fusion Hammer","Whetstone","Ancient Tea Set","Darkstone Periapt","Ornamental Fan","Pandora\u0027s Box","Omamori","Anchor","Letter Opener","Lee\u0027s Waffle"],"potions_floor_usage":[50,50],"damage_taken":[{"damage":6.0,"enemies":"Small Slimes","floor":1.0,"turns":4.0},{"damage":3.0,"enemies":"Cultist","floor":3.0,"turns":4.0},{"damage":2.0,"enemies":"2 Louse","floor":5.0,"turns":4.0},{"damage":22.0,"enemies":"Gremlin Nob","floor":7.0,"turns":4.0},{"damage":42.0,"enemies":"3 Sentries","floor":10.0,"turns":7.0},{"damage":30.0,"enemies":"Gremlin Nob","floor":13.0,"turns":4.0},{"damage":17.0,"enemies":"Slime Boss","floor":16.0,"turns":5.0},{"damage":19.0,"enemies":"2 Thieves","floor":18.0,"turns":4.0},{"damage":3.0,"enemies":"Book of Stabbing","floor":24.0,"turns":1.0},{"damage":34.0,"enemies":"Slavers","floor":28.0,"turns":4.0},{"damage":11.0,"enemies":"Chosen","floor":29.0,"turns":3.0},{"damage":2.0,"enemies":"Shelled Parasite and Fungi","floor":31.0,"turns":3.0},{"damage":35.0,"enemies":"Champ","floor":33.0,"turns":5.0},{"damage":4.0,"enemies":"Orb Walker","floor":35.0,"turns":3.0},{"damage":12.0,"enemies":"3 Darklings","floor":37.0,"turns":2.0},{"damage":17.0,"enemies":"Maw","floor":38.0,"turns":4.0},{"damage":52.0,"enemies":"Writhing Mass","floor":39.0,"turns":3.0},{"damage":43.0,"enemies":"Reptomancer","floor":41.0,"turns":6.0},{"damage":12.0,"enemies":"Giant Head","floor":46.0,"turns":4.0},{"damage":30.0,"enemies":"Spire Growth","floor":47.0,"turns":4.0},{"damage":47,"enemies":"Time Eater","floor":50,"turns":6}],"seed_played":"-2182887601255195888","potions_obtained":[{"floor":1.0,"key":"AttackPotion"},{"floor":3.0,"key":"Strength Potion"},{"floor":16.0,"key":"EssenceOfSteel"},{"floor":18.0,"key":"Swift Potion"},{"floor":24.0,"key":"GamblersBrew"},{"floor":33.0,"key":"PowerPotion"},{"floor":39.0,"key":"Swift Potion"},{"floor":45.0,"key":"GamblersBrew"}],"is_trial":false,"path_per_floor":["M","?","M","$","M","R","E","R","T","E","R","?","E","?","R","B",null,"M","$","?","$","?","R","E","$","T","?","E","M","R","M","R","B",null,"M","?","M","M","M","R","E","?","T","R","?","E","M","$","R","B",null],"character_chosen":"IRONCLAD","items_purchased":["Ghostly Armor","Corruption","Master of Strategy","True Grit","Battle Trance","Lee\u0027s Waffle"],"campfire_rested":5,"item_purchase_floors":[4,19,19,21,21,48],"current_hp_per_floor":[72,72,72,72,72,72,56,56,56,44,44,49,42,31,31,40,68,59,59,52,52,52,52,55,55,55,55,39,51,74,77,77,48,70,77,73,67,67,44,65,65,65,65,73,73,67,56,80,80,80],"gold":174,"neow_bonus":"TRANSFORM_TWO_CARDS","is_prod":false,"is_daily":false,"chose_seed":false,"campfire_upgraded":4,"win_rate":0,"timestamp":1543729930,"path_taken":["M","?","?","$","M","R","E","R","T","E","R","?","E","?","R","BOSS","M","$","?","?","?","R","E","?","T","?","E","M","R","M","R","BOSS","M","?","M","M","M","R","E","?","T","R","?","E","M","$","R","BOSS"],"build_version":"2018-11-15","purchased_purges":0,"victory":true,"max_hp_per_floor":[72,72,72,72,72,72,72,72,72,72,72,77,77,77,77,77,77,77,77,77,77,77,77,77,77,77,77,77,77,77,77,77,77,77,77,73,73,73,73,73,73,73,73,73,73,73,73,80,80,80],"card_choices":[{"not_picked":["Combust","Bloodletting"],"picked":"Rupture","floor":1.0},{"not_picked":["Searing Blow","Dual Wield"],"picked":"Havoc","floor":3.0},{"not_picked":["Sword Boomerang","Reckless Charge"],"picked":"Whirlwind","floor":5.0},{"not_picked":["Cleave","Shrug It Off"],"picked":"Reaper","floor":7.0},{"not_picked":["Carnage","Whirlwind"],"picked":"Impervious","floor":10.0},{"not_picked":["Perfected Strike","Fire Breathing"],"picked":"Bloodletting","floor":13.0},{"not_picked":["Barricade","Berserk"],"picked":"Reaper","floor":16.0},{"not_picked":["Seeing Red","Clash"],"picked":"Combust","floor":18.0},{"not_picked":["Blood for Blood","Iron Wave+1"],"picked":"Warcry","floor":24.0},{"not_picked":["Clash","Metallicize+1"],"picked":"Body Slam","floor":28.0},{"not_picked":["Body Slam","Second Wind","Headbutt"],"picked":"SKIP","floor":29.0},{"not_picked":["Shrug It Off","Burning Pact"],"picked":"Seeing Red+1","floor":31.0},{"not_picked":["Double Tap","Feed"],"picked":"Juggernaut","floor":33.0},{"not_picked":["Armaments","Disarm","Pommel Strike+1"],"picked":"SKIP","floor":35.0},{"not_picked":["Twin Strike","Armaments","Fire Breathing+1"],"picked":"SKIP","floor":37.0},{"not_picked":["Headbutt","Thunderclap+1"],"picked":"Armaments+1","floor":38.0},{"not_picked":["Intimidate+1","Inflame","Thunderclap+1"],"picked":"SKIP","floor":39.0},{"not_picked":["Iron Wave+1","Thunderclap+1","Whirlwind+1"],"picked":"SKIP","floor":41.0},{"not_picked":["Power Through+1","Demon Form","Sever Soul"],"picked":"SKIP","floor":46.0},{"not_picked":["Shockwave","Heavy Blade+1"],"picked":"Sentinel+1","floor":47.0}],"player_experience":586607,"relics_obtained":[{"floor":7.0,"key":"Ginger"},{"floor":9.0,"key":"Meat on the Bone"},{"floor":10.0,"key":"Gremlin Horn"},{"floor":13.0,"key":"Dead Branch"},{"floor":24.0,"key":"Whetstone"},{"floor":26.0,"key":"Ancient Tea Set"},{"floor":28.0,"key":"Ornamental Fan"},{"floor":41.0,"key":"Omamori"},{"floor":43.0,"key":"Anchor"},{"floor":46.0,"key":"Letter Opener"}],"event_choices":[{"damage_healed":0.0,"max_hp_gain":0.0,"max_hp_loss":0.0,"gold_gain":0.0,"event_name":"Upgrade Shrine","player_choice":"Upgraded","floor":2.0,"gold_loss":0.0,"damage_taken":0.0,"cards_upgraded":["Hemokinesis"]},{"damage_healed":0.0,"max_hp_gain":5.0,"max_hp_loss":0.0,"gold_gain":0.0,"event_name":"Big Fish","player_choice":"Donut","floor":12.0,"gold_loss":0.0,"damage_taken":0.0},{"damage_healed":0.0,"max_hp_gain":0.0,"max_hp_loss":0.0,"gold_gain":75.0,"event_name":"World of Goop","player_choice":"Gather Gold","floor":14.0,"gold_loss":0.0,"damage_taken":11.0},{"damage_healed":0.0,"max_hp_gain":0.0,"max_hp_loss":0.0,"gold_gain":75.0,"event_name":"FaceTrader","player_choice":"Touch","floor":20.0,"gold_loss":0.0,"damage_taken":7.0},{"damage_healed":0.0,"max_hp_gain":0.0,"max_hp_loss":0.0,"gold_gain":0.0,"cards_transformed":["Reaper","Strike_R"],"event_name":"Drug Dealer","player_choice":"Became Test Subject","floor":22.0,"gold_loss":0.0,"damage_taken":0.0,"cards_obtained":["Thunderclap","Second Wind"]},{"damage_healed":0.0,"max_hp_gain":0.0,"max_hp_loss":0.0,"gold_gain":0.0,"event_name":"WeMeetAgain","player_choice":"Paid Gold","floor":27.0,"gold_loss":75.0,"damage_taken":0.0,"relics_obtained":["Darkstone Periapt"]},{"damage_healed":0.0,"max_hp_gain":0.0,"max_hp_loss":4.0,"gold_gain":0.0,"event_name":"Winding Halls","player_choice":"Max HP","floor":36.0,"gold_loss":0.0,"damage_taken":0.0},{"cards_removed":["Combust"],"damage_healed":0.0,"max_hp_gain":0.0,"max_hp_loss":0.0,"gold_gain":0.0,"event_name":"Falling","player_choice":"Removed Power","floor":42.0,"gold_loss":0.0,"damage_taken":0.0},{"damage_healed":0.0,"max_hp_gain":0.0,"max_hp_loss":0.0,"gold_gain":0.0,"event_name":"Lab","player_choice":"Got Potions","floor":45.0,"gold_loss":0.0,"damage_taken":0.0}],"is_beta":true,"boss_relics":[{"not_picked":["Black Star","Empty Cage"],"picked":"Fusion Hammer"},{"not_picked":["Orrery","Runic Dome"],"picked":"Pandora\u0027s Box"}],"items_purged_floors":[],"is_endless":false,"potions_floor_spawned":[1,3,16,18,24,33,35,37,39,46,47],"ascension_level":11}