{"gold_per_floor":[112,112,124,50,20,20,34,66,93,93,110,139,8,27,27,27],"floor_reached":16,"playtime":497,"items_purged":["Pain"],"score":220,"play_id":"f738a9ef-1eff-4d62-a782-4eb2dc33b9e3","local_time":"20181124191454","is_ascension_mode":true,"campfire_choices":[{"data":"Deadly Poison","floor":6.0,"key":"SMITH"},{"floor":10.0,"key":"REST"},{"floor":15,"key":"REST"}],"neow_cost":"NONE","seed_source_timestamp":2852474615702,"circlet_count":0,"master_deck":["AscendersBane","Defend_G","Defend_G","Defend_G","Defend_G","Defend_G","Strike_G","Strike_G","Strike_G","Strike_G","Strike_G+1","Survivor","Neutralize+1","Catalyst","Deadly Poison+1","Dash","All Out Attack","Deflect+1","Noxious Fumes"],"special_seed":0,"relics":["Runic Dome","WarpedTongs","Bag of Preparation","Whetstone","Toxic Egg 2"],"potions_floor_usage":[12,16],"damage_taken":[{"damage":3.0,"enemies":"Small Slimes","floor":1.0,"turns":5.0},{"damage":14.0,"enemies":"Cultist","floor":3.0,"turns":5.0},{"damage":4.0,"enemies":"Jaw Worm","floor":7.0,"turns":2.0},{"damage":31.0,"enemies":"Gremlin Nob","floor":8.0,"turns":4.0},{"damage":10,"enemies":"Gremlin Gang","floor":11,"turns":2},{"damage":6,"enemies":"3 Sentries","floor":12,"turns":6},{"damage":0,"enemies":"Large Slime","floor":14,"turns":4},{"damage":38,"enemies":"Slime Boss","floor":16,"turns":9}],"seed_played":"5013464437551027717","potions_obtained":[{"floor":1.0,"key":"SneckoOil"},{"floor":5.0,"key":"SkillPotion"},{"floor":5.0,"key":"Weak Potion"},{"floor":11,"key":"PowerPotion"}],"is_trial":false,"path_per_floor":["M","?","M","$","?","R","M","E","T","R","M","E","$","M","R","B"],"character_chosen":"THE_SILENT","items_purchased":["Dash","SkillPotion"],"campfire_rested":2,"item_purchase_floors":[4,13],"current_hp_per_floor":[56,56,42,42,42,42,38,7,7,26,16,10,10,10,29,0],"gold":27,"neow_bonus":"BOSS_RELIC","is_prod":false,"is_daily":false,"chose_seed":false,"campfire_upgraded":1,"win_rate":0,"timestamp":1543058094,"path_taken":["M","?","?","$","?","R","?","E","T","R","M","E","$","M","R","BOSS"],"build_version":"2018-11-15","purchased_purges":1,"victory":false,"max_hp_per_floor":[66,66,66,66,66,66,66,66,66,66,66,66,66,66,66,66],"card_choices":[{"not_picked":["Quick Slash","Acrobatics"],"picked":"Catalyst","floor":1.0},{"not_picked":["Bouncing Flask","Caltrops"],"picked":"Deadly Poison","floor":3.0},{"not_picked":["Choke","Prepared","Cloak And Dagger"],"picked":"SKIP","floor":7.0},{"not_picked":["Sucker Punch","Outmaneuver"],"picked":"All Out Attack","floor":8.0},{"not_picked":["Accuracy","Dash","Cloak And Dagger"],"picked":"SKIP","floor":11},{"not_picked":["Blade Dance","Underhanded Strike"],"picked":"Deflect","floor":12},{"not_picked":["Dodge and Roll+1","Caltrops"],"picked":"Noxious Fumes","floor":14}],"player_experience":560942,"relics_obtained":[{"floor":8.0,"key":"Bag of Preparation"},{"floor":9.0,"key":"Whetstone"},{"floor":12,"key":"Toxic Egg 2"}],"event_choices":[{"damage_healed":0.0,"max_hp_gain":0.0,"max_hp_loss":0.0,"gold_gain":0.0,"event_name":"Accursed Blacksmith","player_choice":"Rummage","floor":2.0,"gold_loss":0.0,"damage_taken":0.0,"relics_obtained":["WarpedTongs"],"cards_obtained":["Pain"]},{"damage_healed":0.0,"max_hp_gain":0.0,"max_hp_loss":0.0,"gold_gain":0.0,"event_name":"The Woman in Blue","player_choice":"Bought 2 Potions","floor":5.0,"gold_loss":0.0,"damage_taken":0.0}],"is_beta":true,"boss_relics":[],"items_purged_floors":[13],"is_endless":false,"potions_floor_spawned":[1,7,11],"killed_by":"Slime Boss","ascension_level":20}