{"gold_per_floor":[116,92,92,92,103,103,114,134,134,134,134,144,163,175,175,278,278,292,305,251,251,261,293,293,313,313,313,3,19,19,37,37,134,134,150,150,173,193,193,193,226,238,286,86,104,116,164,164,164,164],"floor_reached":50,"playtime":4518,"items_purged":[],"score":511,"play_id":"53176229-8938-49fe-a262-33791399c784","local_time":"20180707091826","is_ascension_mode":false,"campfire_choices":[{"data":"Seek","floor":6.0,"key":"SMITH"},{"data":"Leap","floor":10.0,"key":"SMITH"},{"data":"Genetic Algorithm","floor":15.0,"key":"SMITH"},{"data":"RitualDagger","floor":27.0,"key":"SMITH"},{"data":"Genetic Algorithm","floor":30.0,"key":"SMITH"},{"data":"Electrodynamics","floor":32.0,"key":"SMITH"},{"data":"Turbo","floor":40.0,"key":"SMITH"},{"floor":49.0,"key":"REST"}],"neow_cost":"NONE","seed_source_timestamp":0,"circlet_count":0,"master_deck":["Strike_B","Strike_B","Defend_B","Defend_B","Defend_B+1","Zap","Dualcast","Sweeping Beam+1","Conserve Battery","Seek+1","Self Repair","Leap+1","Turbo","Genetic Algorithm+1","Leap","Electrodynamics+1","Glacier","Static Discharge","Turbo+1","Genetic Algorithm+1","Beam Cell+1","Melter","Decay","Auto Shields+1","Self Repair","Multi-Cast","Steam+1","Compile Driver+1","Sunder+1","Parasite","Master of Strategy","Regret","Storm","Madness","Madness"],"special_seed":0,"relics":["Cracked Core","NeowsBlessing","Bottled Tornado","Unceasing Top","Cursed Key","Bag of Preparation","Incense Burner","Torii","Astrolabe","Du-Vu Doll","Ancient Tea Set","Juzu Bracelet","Pen Nib","Strange Spoon","Calipers"],"potions_floor_usage":[50,50],"damage_taken":[{"damage":0.0,"enemies":"Jaw Worm","floor":1.0,"turns":1.0},{"damage":0.0,"enemies":"Small Slimes","floor":5.0,"turns":1.0},{"damage":0.0,"enemies":"Cultist","floor":7.0,"turns":1.0},{"damage":0.0,"enemies":"Blue Slaver","floor":8.0,"turns":3.0},{"damage":0.0,"enemies":"Exordium Wildlife","floor":12.0,"turns":3.0},{"damage":0.0,"enemies":"Looter","floor":13.0,"turns":3.0},{"damage":1.0,"enemies":"3 Louse","floor":14.0,"turns":2.0},{"damage":37.0,"enemies":"The Guardian","floor":16.0,"turns":18.0},{"damage":10.0,"enemies":"2 Thieves","floor":18.0,"turns":4.0},{"damage":6.0,"enemies":"Spheric Guardian","floor":19.0,"turns":6.0},{"damage":23.0,"enemies":"Snake Plant","floor":22.0,"turns":6.0},{"damage":33.0,"enemies":"Slavers","floor":23.0,"turns":4.0},{"damage":8.0,"enemies":"3 Cultists","floor":25.0,"turns":4.0},{"damage":8.0,"enemies":"Slaver and Parasite","floor":29.0,"turns":8.0},{"damage":1.0,"enemies":"Snake Plant","floor":31.0,"turns":5.0},{"damage":47.0,"enemies":"Collector","floor":33.0,"turns":16.0},{"damage":0.0,"enemies":"3 Darklings","floor":35.0,"turns":4.0},{"damage":0.0,"floor":37.0,"turns":6.0},{"damage":0.0,"enemies":"Orb Walker","floor":38.0,"turns":4.0},{"damage":60.0,"enemies":"Nemesis","floor":41.0,"turns":9.0},{"damage":10.0,"enemies":"Sphere and 2 Shapes","floor":42.0,"turns":7.0},{"damage":5.0,"enemies":"4 Shapes","floor":45.0,"turns":2.0},{"damage":5.0,"enemies":"Maw","floor":46.0,"turns":10.0},{"damage":0.0,"floor":47.0,"turns":3.0},{"damage":84,"enemies":"Time Eater","floor":50,"turns":8}],"seed_played":"3659282722487684164","potions_obtained":[{"floor":12.0,"key":"FocusPotion"},{"floor":13.0,"key":"Swift Potion"},{"floor":14.0,"key":"Poison Potion"},{"floor":18.0,"key":"EssenceOfSteel"},{"floor":33.0,"key":"SteroidPotion"},{"floor":35.0,"key":"Swift Potion"},{"floor":42.0,"key":"Swift Potion"}],"is_trial":false,"path_per_floor":["M","$","?","?","M","R","M","M","T","R","?","M","M","M","R","B",null,"M","M","$","?","M","E","?","M","T","R","$","M","R","M","R","B",null,"M","?","T","M","?","R","E","M","T","$","M","M","?","?","R"],"character_chosen":"DEFECT","items_purchased":["Conserve Battery","Turbo","Torii","Strange Spoon"],"campfire_rested":1,"item_purchase_floors":[2,20,28,44],"current_hp_per_floor":[75,75,80,64,64,64,64,64,64,64,64,71,78,80,80,50,80,77,78,78,72,56,30,56,55,55,55,55,54,54,60,60,20,80,80,80,80,80,80,80,34,38,38,38,40,49,63,53,77,0],"gold":164,"neow_bonus":"THREE_ENEMY_KILL","is_prod":false,"is_daily":false,"chose_seed":false,"campfire_upgraded":7,"win_rate":0.0,"timestamp":1530926306,"path_taken":["M","$","?","?","M","R","M","M","T","R","?","?","M","M","R","BOSS","M","M","$","?","M","E","?","?","T","R","$","M","R","M","R","BOSS","M","?","?","M","?","R","E","M","T","?","M","M","?","?","R","BOSS"],"build_version":"2018-07-05","purchased_purges":0,"victory":false,"max_hp_per_floor":[75,75,80,80,80,80,80,80,80,80,80,80,80,80,80,80,80,80,80,80,80,80,80,80,80,80,80,80,80,80,80,80,80,80,80,80,80,80,80,80,80,80,80,80,80,80,80,80,80,80],"card_choices":[{"not_picked":["Coolheaded","Darkness"],"picked":"Sweeping Beam","floor":1.0},{"not_picked":["Hologram","Cold Snap"],"picked":"Seek","floor":5.0},{"not_picked":["Barrage","Redo"],"picked":"Self Repair","floor":7.0},{"not_picked":["Blizzard","Hologram"],"picked":"Leap","floor":8.0},{"not_picked":["Doom and Gloom","Cold Snap"],"picked":"Turbo","floor":12.0},{"not_picked":["Static Discharge","Turbo"],"picked":"Genetic Algorithm","floor":13.0},{"not_picked":["Heatsinks","Barrage"],"picked":"Leap","floor":14.0},{"not_picked":["Seek","Machine Learning"],"picked":"Electrodynamics","floor":16.0},{"not_picked":["Ball Lightning","Heatsinks"],"picked":"Glacier","floor":18.0},{"not_picked":["Aggregate","Compile Driver"],"picked":"Static Discharge","floor":19.0},{"not_picked":["Cold Snap","Beam Cell"],"picked":"Genetic Algorithm","floor":22.0},{"not_picked":["Echo Form","Leap"],"picked":"Beam Cell+1","floor":23.0},{"not_picked":["Go for the Eyes","Barrage"],"picked":"Melter","floor":25.0},{"not_picked":["Barrage","Steam"],"picked":"Auto Shields+1","floor":29.0},{"not_picked":["Coolheaded","Beam Cell"],"picked":"Self Repair","floor":31.0},{"not_picked":["Thunder Strike","All For One"],"picked":"Multi-Cast","floor":33.0},{"not_picked":["Force Field","Coolheaded","Doom and Gloom+1"],"picked":"SKIP","floor":35.0},{"not_picked":["Conserve Battery+1","Redo+1","Stack+1"],"picked":"SKIP","floor":38.0},{"not_picked":["Mind Blast","Purity"],"picked":"Master of Strategy","floor":39.0},{"not_picked":["Chill+1","Hello World+1","Rebound"],"picked":"SKIP","floor":41.0},{"not_picked":["Leap+1","Hologram+1","Sunder+1"],"picked":"SKIP","floor":42.0},{"not_picked":["Barrage","Steam Power+1","Coolheaded"],"picked":"SKIP","floor":45.0},{"not_picked":["Steam Power+1","Auto Shields"],"picked":"Storm","floor":46.0}],"player_experience":47933,"relics_obtained":[{"floor":9.0,"key":"Bottled Tornado"},{"floor":23.0,"key":"Bag of Preparation"},{"floor":26.0,"key":"Incense Burner"},{"floor":37.0,"key":"Du-Vu Doll"},{"floor":37.0,"key":"Ancient Tea Set"},{"floor":41.0,"key":"Juzu Bracelet"},{"floor":43.0,"key":"Pen Nib"},{"floor":47.0,"key":"Calipers"}],"event_choices":[{"event_name":"Big Fish","player_choice":"Donut","floor":3.0,"damage_taken":0.0},{"event_name":"Shining Light","player_choice":"Entered Light","floor":4.0,"damage_taken":0.0},{"event_name":"Dead Adventurer","player_choice":"Searched \u00271\u0027 times","floor":11.0,"damage_taken":0.0},{"event_name":"Nest","player_choice":"Joined the Cult","floor":21.0,"damage_taken":0.0},{"event_name":"The Library","player_choice":"Heal","floor":24.0,"damage_taken":0.0},{"event_name":"Falling","player_choice":"Removed Attack","floor":36.0,"damage_taken":0.0},{"event_name":"MindBloom","player_choice":"Fight","floor":37.0,"damage_taken":0.0},{"event_name":"SensoryStone","player_choice":"Memory 1","floor":39.0,"damage_taken":0.0},{"event_name":"Mysterious Sphere","player_choice":"Fight","floor":47.0,"damage_taken":0.0},{"event_name":"Winding Halls","player_choice":"Embrace Madness","floor":48.0,"damage_taken":0.0}],"boss_relics":[{"not_picked":["Orrery","Eternal Feather"],"picked":"Cursed Key"},{"not_picked":["Runic Pyramid","Lizard Tail"],"picked":"Astrolabe"}],"items_purged_floors":[],"is_endless":false,"potions_floor_spawned":[12,13,14,18,19,22,29,33,35,42,47],"killed_by":"Time Eater","ascension_level":0}