{"gold_per_floor":[109,109,34,34,54,54,88,88,88,107,135,135,135,154,154,231,231,246,246,246,266,278,278,310,310,310,12,31,31,31,49,49,127,127,137,237,237,237,52,82,82,112,112,112,128,145,165,165,165,165,165],"floor_reached":51,"playtime":2330,"items_purged":["Strike_G","Underhanded Strike+1"],"score":1612,"play_id":"57e1338a-2533-4bae-8ad0-767df696cf35","local_time":"20190414121953","is_ascension_mode":true,"campfire_choices":[{"data":"Poisoned Stab","floor":6.0,"key":"SMITH"},{"data":"Noxious Fumes","floor":8.0,"key":"SMITH"},{"data":"Footwork","floor":12.0,"key":"SMITH"},{"data":"Neutralize","floor":15.0,"key":"SMITH"},{"data":"Deadly Poison","floor":23.0,"key":"SMITH"},{"data":"Bouncing Flask","floor":32.0,"key":"SMITH"},{"data":"Wraith Form v2","floor":41.0,"key":"SMITH"},{"floor":44.0,"key":"RECALL"},{"data":"Terror","floor":49.0,"key":"SMITH"}],"neow_cost":"NONE","seed_source_timestamp":0,"circlet_count":0,"master_deck":["AscendersBane","Defend_G","Defend_G","Defend_G","Defend_G","Defend_G","Survivor","Neutralize+1","Noxious Fumes+1","Bane+1","Footwork+1","Backflip","Glass Knife+1","Bite+1","Bite+1","Deadly Poison+1","Terror+1","Flash of Steel+1","Bouncing Flask+1","Wraith Form v2+1","Transmutation+1","Dash+1","Blur","Endless Agony+1","Prepared+1"],"special_seed":0,"relics":["Ring of the Snake","NeowsBlessing","Molten Egg 2","Bottled Tornado","Pocketwatch","Coffee Dripper","Happy Flower","OrangePellets","Dead Branch","Astrolabe","FossilizedHelix","Strawberry","Du-Vu Doll","Pantograph"],"potions_floor_usage":[],"damage_taken":[{"damage":0.0,"enemies":"Small Slimes","floor":1.0,"turns":1.0},{"damage":0.0,"enemies":"Jaw Worm","floor":5.0,"turns":1.0},{"damage":0.0,"enemies":"Lagavulin","floor":7.0,"turns":1.0},{"damage":0.0,"enemies":"Cultist","floor":10.0,"turns":3.0},{"damage":28.0,"enemies":"Gremlin Nob","floor":11.0,"turns":4.0},{"damage":11.0,"enemies":"Looter","floor":14.0,"turns":3.0},{"damage":11.0,"enemies":"The Guardian","floor":16.0,"turns":10.0},{"damage":10.0,"enemies":"Spheric Guardian","floor":18.0,"turns":5.0},{"damage":6.0,"enemies":"2 Thieves","floor":21.0,"turns":5.0},{"damage":0.0,"enemies":"Snecko","floor":22.0,"turns":5.0},{"damage":22.0,"enemies":"Slavers","floor":24.0,"turns":5.0},{"damage":8.0,"enemies":"Snake Plant","floor":28.0,"turns":4.0},{"damage":12.0,"enemies":"Chosen and Byrds","floor":31.0,"turns":4.0},{"damage":24.0,"enemies":"Collector","floor":33.0,"turns":7.0},{"damage":4.0,"enemies":"3 Shapes","floor":35.0,"turns":6.0},{"damage":7.0,"enemies":"Mind Bloom Boss Battle","floor":36.0,"turns":5.0},{"damage":0.0,"enemies":"Nemesis","floor":40.0,"turns":5.0},{"damage":11.0,"enemies":"Reptomancer","floor":42.0,"turns":6.0},{"damage":23.0,"enemies":"3 Darklings","floor":45.0,"turns":6.0},{"damage":0.0,"enemies":"Writhing Mass","floor":46.0,"turns":4.0},{"damage":0.0,"enemies":"Transient","floor":47.0,"turns":6.0},{"damage":0.0,"enemies":"Donu and Deca","floor":50.0,"turns":7.0},{"damage":73,"enemies":"Time Eater","floor":51,"turns":11}],"seed_played":"-2202164958945657786","potions_obtained":[{"floor":11.0,"key":"Weak Potion"},{"floor":16.0,"key":"SkillPotion"},{"floor":24.0,"key":"Strength Potion"},{"floor":28.0,"key":"AttackPotion"},{"floor":33.0,"key":"SkillPotion"},{"floor":45.0,"key":"Weak Potion"}],"is_trial":false,"path_per_floor":["M","?","$","?","M","R","E","R","T","M","E","R","?","M","R","B",null,"M","?","?","M","M","R","E","?","T","$","M","T","$","M","R","B",null,"M","?","?","?","$","E","R","E","T","R","M","M","M","?","R","B","B"],"character_chosen":"THE_SILENT","items_purchased":["OrangePellets","Bouncing Flask","Endless Agony+1"],"campfire_rested":0,"item_purchase_floors":[27,27,39],"current_hp_per_floor":[59,64,64,64,64,64,64,64,64,64,36,36,36,25,25,14,57,47,27,27,30,42,42,38,38,38,38,39,39,39,30,30,15,44,46,48,48,48,48,60,60,55,55,55,38,38,38,38,38,57,0],"gold":165,"neow_bonus":"THREE_ENEMY_KILL","is_prod":false,"is_daily":false,"chose_seed":false,"campfire_upgraded":8,"win_rate":0,"timestamp":1555215593,"path_taken":["M","?","$","?","?","R","E","R","T","M","E","R","?","M","R","BOSS","M","?","?","M","M","R","E","?","T","$","?","?","$","M","R","BOSS","M","?","?","?","?","E","R","E","T","R","M","M","M","?","R","BOSS","BOSS"],"build_version":"2019-01-23","purchased_purges":2,"victory":false,"max_hp_per_floor":[66,71,71,71,71,71,71,71,71,71,71,71,71,71,71,71,71,71,76,53,53,53,53,53,53,53,53,53,53,53,53,53,53,53,53,53,53,53,53,60,60,60,60,60,60,60,60,57,57,57,57],"card_choices":[{"not_picked":["Dagger Throw","Cloak And Dagger"],"picked":"Noxious Fumes","floor":1.0},{"not_picked":["Slice","Acrobatics"],"picked":"Poisoned Stab","floor":5.0},{"not_picked":["Blade Dance","Flying Knee","Prepared"],"picked":"SKIP","floor":7.0},{"not_picked":["Calculated Gamble","Dagger Throw+1"],"picked":"Bane+1","floor":10.0},{"not_picked":["After Image","PiercingWail"],"picked":"Footwork","floor":11.0},{"not_picked":["Caltrops","Prepared"],"picked":"Backflip","floor":14.0},{"not_picked":["Tools of the Trade","A Thousand Cuts"],"picked":"Glass Knife+1","floor":16.0},{"not_picked":["Deflect","Dagger Spray+1","Slice+1"],"picked":"SKIP","floor":18.0},{"not_picked":["Dagger Spray+1","Slice+1"],"picked":"Deflect","floor":18.0},{"not_picked":["Prepared","Backflip"],"picked":"Deadly Poison","floor":21.0},{"not_picked":["Riddle With Holes+1","Bane+1","Deflect"],"picked":"SKIP","floor":22.0},{"not_picked":["Die Die Die+1","Deadly Poison"],"picked":"Terror","floor":24.0},{"not_picked":["Acrobatics","PiercingWail","Riddle With Holes+1"],"picked":"SKIP","floor":28.0},{"not_picked":["Acrobatics","PiercingWail","Riddle With Holes+1"],"picked":"SKIP","floor":28.0},{"not_picked":["Outmaneuver","Finisher+1","Dagger Throw+1"],"picked":"SKIP","floor":31.0},{"not_picked":["Envenom","After Image"],"picked":"Wraith Form v2","floor":33.0},{"not_picked":["Bane+1","Dagger Throw+1","Heel Hook+1"],"picked":"SKIP","floor":35.0},{"not_picked":["Backflip","Riddle With Holes+1"],"picked":"Blur","floor":36.0},{"not_picked":["Poisoned Stab+1","Prepared","Predator+1"],"picked":"SKIP","floor":40.0},{"not_picked":["Concentrate","Poisoned Stab+1","Terror+1"],"picked":"SKIP","floor":42.0},{"not_picked":["Prepared+1","Backflip","Poisoned Stab+1"],"picked":"SKIP","floor":45.0},{"not_picked":["Backflip","Poisoned Stab+1"],"picked":"Prepared+1","floor":45.0},{"not_picked":["Terror","Reflex+1","Quick Slash+1"],"picked":"SKIP","floor":46.0},{"not_picked":["Acrobatics","Underhanded Strike+1","Concentrate"],"picked":"SKIP","floor":47.0}],"player_experience":940479,"relics_obtained":[{"floor":7.0,"key":"Molten Egg 2"},{"floor":9.0,"key":"Bottled Tornado"},{"floor":11.0,"key":"Pocketwatch"},{"floor":24.0,"key":"Happy Flower"},{"floor":29.0,"key":"Dead Branch"},{"floor":36.0,"key":"FossilizedHelix"},{"floor":40.0,"key":"Strawberry"},{"floor":42.0,"key":"Du-Vu Doll"},{"floor":43.0,"key":"Pantograph"}],"event_choices":[{"damage_healed":0.0,"max_hp_gain":5.0,"max_hp_loss":0.0,"gold_gain":0.0,"event_name":"Big Fish","player_choice":"Donut","floor":2.0,"gold_loss":0.0,"damage_taken":0.0},{"cards_removed":["Strike_G"],"damage_healed":0.0,"max_hp_gain":0.0,"max_hp_loss":0.0,"gold_gain":0.0,"event_name":"Bonfire Elementals","player_choice":"Offered Basic","floor":4.0,"gold_loss":0.0,"damage_taken":0.0},{"damage_healed":0.0,"max_hp_gain":0.0,"max_hp_loss":0.0,"gold_gain":0.0,"event_name":"Scrap Ooze","player_choice":"Fled","floor":13.0,"gold_loss":0.0,"damage_taken":0.0},{"damage_healed":0.0,"max_hp_gain":5.0,"max_hp_loss":0.0,"gold_gain":0.0,"event_name":"Forgotten Altar","player_choice":"Shed Blood","floor":19.0,"gold_loss":0.0,"damage_taken":25.0},{"damage_healed":0.0,"max_hp_gain":0.0,"max_hp_loss":23.0,"gold_gain":0.0,"event_name":"Vampires","player_choice":"Became a vampire","floor":20.0,"gold_loss":0.0,"damage_taken":0.0,"cards_obtained":["Bite","Bite","Bite","Bite","Bite"]},{"damage_healed":0.0,"max_hp_gain":0.0,"max_hp_loss":0.0,"gold_gain":0.0,"cards_transformed":["Bite","Bite"],"event_name":"Drug Dealer","player_choice":"Became Test Subject","floor":25.0,"gold_loss":0.0,"damage_taken":0.0,"cards_obtained":["Flash of Steel","Trip"]},{"damage_healed":0.0,"max_hp_gain":0.0,"max_hp_loss":0.0,"gold_gain":0.0,"event_name":"MindBloom","player_choice":"Fight","floor":36.0,"gold_loss":0.0,"damage_taken":0.0},{"damage_healed":0.0,"max_hp_gain":0.0,"max_hp_loss":0.0,"gold_gain":0.0,"event_name":"Mysterious Sphere","player_choice":"Ignored","floor":37.0,"gold_loss":0.0,"damage_taken":0.0},{"cards_removed":["Bite"],"damage_healed":0.0,"max_hp_gain":0.0,"max_hp_loss":0.0,"gold_gain":0.0,"event_name":"Falling","player_choice":"Removed Attack","floor":38.0,"gold_loss":0.0,"damage_taken":0.0},{"damage_healed":0.0,"max_hp_gain":0.0,"max_hp_loss":3.0,"gold_gain":0.0,"event_name":"Winding Halls","player_choice":"Max HP","floor":48.0,"gold_loss":0.0,"damage_taken":0.0}],"is_beta":false,"boss_relics":[{"not_picked":["Calling Bell","Tiny House"],"picked":"Coffee Dripper"},{"not_picked":["Eternal Feather","Runic Dome"],"picked":"Astrolabe"}],"items_purged_floors":[3,39],"is_endless":false,"potions_floor_spawned":[11,16,18,24,28,33,36,45],"killed_by":"Time Eater","ascension_level":20}