{"gold_per_floor":[161,161,177,190,205,243,243,263,286,311,341,362,362,378,378,499,499,485,508,358,358],"floor_reached":21,"playtime":1971,"items_purged":[],"score":185,"play_id":"1db9841e-ec07-4f2f-a5da-f8f413ab94f2","local_time":"20190806204308","is_ascension_mode":false,"campfire_choices":[{"floor":7,"key":"RECALL"},{"floor":15,"key":"REST"}],"neow_cost":"NONE","seed_source_timestamp":70017118081490,"circlet_count":0,"master_deck":["Strike_R","Strike_R","Strike_R","Strike_R","Strike_R+1","Defend_R","Defend_R","Defend_R","Defend_R","Bash","Entrench","Headbutt","Power Through","Armaments","Heavy Blade","Armaments","Power Through","Headbutt","Entrench","Brutality","Seeing Red","Rupture","Enlightenment"],"relics":["Tiny House","Golden Idol","Red Skull","Regal Pillow","Runic Cube"],"potions_floor_usage":[4,6,6,16,19],"damage_taken":[{"damage":0,"enemies":"2 Louse","floor":1,"turns":3},{"damage":0,"enemies":"Small Slimes","floor":3,"turns":4},{"damage":1,"enemies":"Jaw Worm","floor":4,"turns":3},{"damage":7,"enemies":"3 Louse","floor":5,"turns":4},{"damage":27,"enemies":"Lagavulin","floor":6,"turns":10},{"damage":1,"enemies":"Lots of Slimes","floor":8,"turns":4},{"damage":6,"enemies":"Exordium Wildlife","floor":10,"turns":5},{"damage":0,"enemies":"Exordium Thugs","floor":12,"turns":6},{"damage":6,"enemies":"Lots of Slimes","floor":14,"turns":3},{"damage":29,"enemies":"Slime Boss","floor":16,"turns":12},{"damage":28,"enemies":"2 Thieves","floor":18,"turns":4},{"damage":35,"enemies":"3 Byrds","floor":19,"turns":8},{"damage":25,"enemies":"Cultist and Chosen","floor":21,"turns":4}],"seed_played":"4942744353604235396","potions_obtained":[{"floor":0,"key":"Ancient Potion"},{"floor":1,"key":"AttackPotion"},{"floor":3,"key":"Poison Potion"},{"floor":12,"key":"EssenceOfSteel"},{"floor":14,"key":"LiquidBronze"},{"floor":16,"key":"Explosive Potion"}],"is_trial":false,"path_per_floor":["M","?","M","M","M","E","R","M","T","M","?","M","?","M","R","B",null,"M","M","$","M"],"character_chosen":"IRONCLAD","items_purchased":["Rupture","Enlightenment"],"campfire_rested":1,"item_purchase_floors":[20,20],"current_hp_per_floor":[85,64,64,63,56,29,29,28,28,22,22,22,22,16,56,27,85,57,22,22,0],"gold":358,"neow_bonus":"BOSS_RELIC","is_prod":false,"is_daily":false,"chose_seed":false,"campfire_upgraded":0,"win_rate":0,"timestamp":1565138588,"path_taken":["M","?","M","M","M","E","R","M","T","M","?","?","?","?","R","BOSS","M","M","$","?"],"build_version":"2019-07-17","purchased_purges":0,"victory":false,"max_hp_per_floor":[85,85,85,85,85,85,85,85,85,85,85,85,85,85,85,85,85,85,85,85,85],"card_choices":[{"not_picked":["Combust","Intimidate"],"picked":"Entrench","floor":0},{"not_picked":["Wild Strike","Iron Wave","Pommel Strike"],"picked":"SKIP","floor":1},{"not_picked":["Warcry","Twin Strike"],"picked":"Headbutt","floor":3},{"not_picked":["Heavy Blade","Intimidate"],"picked":"Power Through","floor":4},{"not_picked":["Clothesline","Metallicize"],"picked":"Armaments","floor":5},{"not_picked":["Clothesline","Dark Embrace"],"picked":"Heavy Blade","floor":6},{"not_picked":["Inflame","Wild Strike"],"picked":"Armaments","floor":8},{"not_picked":["Sword Boomerang","Thunderclap"],"picked":"Power Through","floor":10},{"not_picked":["Whirlwind","Seeing Red"],"picked":"Headbutt","floor":12},{"not_picked":["Sword Boomerang","Power Through"],"picked":"Entrench","floor":14},{"not_picked":["Fiend Fire","Dark Embrace"],"picked":"Brutality","floor":16},{"not_picked":["Headbutt+1","Twin Strike"],"picked":"Seeing Red","floor":18},{"not_picked":["Entrench+1","True Grit","Iron Wave"],"picked":"SKIP","floor":19}],"player_experience":27936,"relics_obtained":[{"floor":6,"key":"Red Skull"}],"event_choices":[{"damage_healed":0,"gold_gain":0,"player_choice":"Take Damage","damage_taken":21,"relics_obtained":["Golden Idol"],"max_hp_gain":0,"max_hp_loss":0,"event_name":"Golden Idol","floor":2,"gold_loss":0},{"damage_healed":0,"gold_gain":30,"player_choice":"Searched \u00271\u0027 times","damage_taken":0,"max_hp_gain":0,"max_hp_loss":0,"event_name":"Dead Adventurer","floor":11,"gold_loss":0},{"damage_healed":0,"gold_gain":0,"player_choice":"Gave Potion","damage_taken":0,"relics_obtained":["Regal Pillow"],"max_hp_gain":0,"max_hp_loss":0,"event_name":"WeMeetAgain","floor":13,"gold_loss":0}],"is_beta":false,"boss_relics":[{"not_picked":["White Beast Statue","Cursed Key"],"picked":"Runic Cube"}],"items_purged_floors":[],"is_endless":false,"potions_floor_spawned":[1,3,12,14,16],"killed_by":"Cultist and Chosen","ascension_level":0}