{"gold_per_floor":[126,153,165,195,207,219,244,256,313,338,371,383,365],"floor_reached":13,"playtime":527,"items_purged":[],"score":85,"play_id":"58abb554-d482-4529-a107-0d22fb27f358","local_time":"20180810230051","is_ascension_mode":true,"campfire_choices":[{"data":"Well Laid Plans","floor":6,"key":"SMITH"},{"data":"Distraction","floor":8,"key":"SMITH"},{"data":"Cloak And Dagger","floor":12,"key":"SMITH"}],"neow_cost":"NONE","seed_source_timestamp":27986519977831,"circlet_count":0,"master_deck":["Defend_G","Defend_G","Defend_G","Defend_G","Defend_G","Strike_G","Strike_G","Strike_G","Strike_G","Strike_G","Survivor","Neutralize","Decay","Injury","Writhe","Accuracy","Distraction+1","Well Laid Plans+1","Terror","Cloak And Dagger+1","Prepared"],"relics":["Calling Bell","Darkstone Periapt","Du-Vu Doll","MawBank","Golden Idol","Strawberry"],"potions_floor_usage":[7,7,7,13,13,13],"damage_taken":[{"damage":0,"enemies":"Jaw Worm","floor":1,"turns":4},{"damage":7,"enemies":"Small Slimes","floor":2,"turns":5},{"damage":3,"enemies":"Cultist","floor":4,"turns":4},{"damage":31,"enemies":"Gremlin Gang","floor":7,"turns":7},{"damage":12,"enemies":"Red Slaver","floor":10,"turns":4},{"damage":0,"enemies":"Blue Slaver","floor":11,"turns":4},{"damage":29,"enemies":"Exordium Thugs","floor":13,"turns":2}],"seed_played":"-4552315160085467169","potions_obtained":[{"floor":4,"key":"Ancient Potion"},{"floor":5,"key":"Energy Potion"},{"floor":5,"key":"EntropicBrew"},{"floor":7,"key":"AttackPotion"}],"is_trial":false,"path_per_floor":["M","M","?","M","?","R","M","R","T","M","M","R"],"character_chosen":"THE_SILENT","items_purchased":[],"campfire_rested":0,"item_purchase_floors":[],"current_hp_per_floor":[70,63,63,60,60,60,29,29,36,24,24,24,0],"gold":365,"neow_bonus":"BOSS_RELIC","is_prod":false,"is_daily":false,"chose_seed":false,"campfire_upgraded":3,"win_rate":0,"timestamp":1533913251,"path_taken":["M","M","?","M","?","R","M","R","T","?","M","R","?"],"build_version":"2018-08-09","purchased_purges":0,"victory":false,"max_hp_per_floor":[70,70,65,65,65,65,65,65,72,72,72,72,72],"card_choices":[{"not_picked":["Backflip","Quick Slash"],"picked":"Accuracy","floor":1},{"not_picked":["Dodge and Roll","Deadly Poison"],"picked":"Distraction","floor":2},{"not_picked":["Dagger Throw","Outmaneuver"],"picked":"Well Laid Plans","floor":4},{"not_picked":["Poisoned Stab","Deflect"],"picked":"Terror","floor":7},{"not_picked":["Terror","Night Terror"],"picked":"Cloak And Dagger","floor":10},{"not_picked":["Acrobatics","Deflect"],"picked":"Prepared","floor":11}],"player_experience":224380,"relics_obtained":[{"floor":0,"key":"Darkstone Periapt"},{"floor":0,"key":"Du-Vu Doll"},{"floor":0,"key":"MawBank"},{"floor":9,"key":"Strawberry"}],"event_choices":[{"event_name":"Golden Idol","player_choice":"Lose Max HP","floor":3,"damage_taken":0},{"event_name":"The Lab","player_choice":"Got Potions","floor":5,"damage_taken":0}],"is_beta":false,"boss_relics":[],"items_purged_floors":[],"is_endless":false,"potions_floor_spawned":[4,7,10],"killed_by":"Exordium Thugs","ascension_level":2}