{"gold_per_floor":[130,67,103,130,154,166,196,222,261,35,35,35,61,77,77,151,151,171,171,189,189,189,189,114,114,114,114,13,30,42,55,55,55],"floor_reached":33,"playtime":1453,"items_purged":["Strike_G"],"score":432,"play_id":"d550db54-011b-4589-bd82-ff5b11235d7f","local_time":"20181028190729","is_ascension_mode":true,"campfire_choices":[{"data":"Deadly Poison","floor":6.0,"key":"SMITH"},{"data":"Neutralize","floor":12.0,"key":"SMITH"},{"floor":15.0,"key":"REST"},{"floor":23.0,"key":"REST"},{"data":"Bouncing Flask","floor":25.0,"key":"SMITH"},{"data":"Calculated Gamble","floor":27.0,"key":"SMITH"},{"data":"Footwork","floor":32,"key":"SMITH"}],"neow_cost":"NONE","seed_source_timestamp":3223771686689,"circlet_count":0,"master_deck":["Defend_G","Defend_G","Defend_G","Defend_G","Defend_G","Strike_G","Strike_G","Survivor","Neutralize+1","AscendersBane","Calculated Gamble+1","Deadly Poison+1","Dagger Spray","All Out Attack","Noxious Fumes","Discovery","Deadly Poison","Poisoned Stab","Footwork+1","Bullet Time","Decay","Bouncing Flask+1","Ghostly","Ghostly","Ghostly","PiercingWail"],"special_seed":0,"relics":["Ring of the Snake","MawBank","Boot","Art of War","Dream Catcher","Runic Dome","Turnip"],"potions_floor_usage":[30,30,31,33],"damage_taken":[{"damage":18.0,"enemies":"Jaw Worm","floor":1.0,"turns":7.0},{"damage":5.0,"enemies":"2 Louse","floor":4.0,"turns":3.0},{"damage":0.0,"enemies":"Small Slimes","floor":5.0,"turns":3.0},{"damage":12.0,"enemies":"Exordium Thugs","floor":7.0,"turns":6.0},{"damage":0.0,"enemies":"Exordium Wildlife","floor":8.0,"turns":3.0},{"damage":15.0,"enemies":"Lagavulin","floor":13.0,"turns":5.0},{"damage":3.0,"enemies":"Looter","floor":14.0,"turns":3.0},{"damage":17.0,"enemies":"Slime Boss","floor":16.0,"turns":8.0},{"damage":13.0,"enemies":"3 Byrds","floor":18.0,"turns":4.0},{"damage":12.0,"enemies":"Chosen","floor":20.0,"turns":6.0},{"damage":0,"enemies":"Centurion and Healer","floor":29,"turns":6},{"damage":13,"enemies":"3 Cultists","floor":30,"turns":6},{"damage":0,"enemies":"Chosen and Byrds","floor":31,"turns":6},{"damage":28,"enemies":"Champ","floor":33,"turns":9}],"seed_played":"-7993742618203395463","potions_obtained":[{"floor":1.0,"key":"Strength Potion"},{"floor":8.0,"key":"Poison Potion"},{"floor":13.0,"key":"SkillPotion"},{"floor":30,"key":"Block Potion"},{"floor":31,"key":"Weak Potion"}],"is_trial":false,"path_per_floor":["M","?","T","M","M","R","M","M","T","$","$","R","E","M","R","B",null,"M","?","M","?","?","R","?","R","T","R","$","M","M","M","R"],"character_chosen":"THE_SILENT","items_purchased":["Noxious Fumes","Discovery","Block Potion","Block Potion"],"campfire_rested":2,"item_purchase_floors":[10,10,28,28],"current_hp_per_floor":[41,41,41,36,36,36,24,24,24,24,24,24,9,6,25,8,52,39,39,27,27,27,33,33,33,33,33,33,33,20,20,20,0],"gold":55,"neow_bonus":"RANDOM_COMMON_RELIC","is_prod":false,"is_daily":false,"chose_seed":false,"campfire_upgraded":5,"win_rate":0,"timestamp":1540724849,"path_taken":["M","?","?","M","M","R","M","M","T","?","$","R","E","M","R","BOSS","M","?","M","?","?","R","?","R","T","R","?","?","M","M","R","BOSS"],"build_version":"2018-10-25v2","purchased_purges":1,"victory":false,"max_hp_per_floor":[66,66,66,66,66,66,66,66,66,66,66,66,66,66,66,66,66,66,66,66,33,33,33,33,33,33,33,33,33,33,33,33,33],"card_choices":[{"not_picked":["Finisher","Prepared"],"picked":"Calculated Gamble","floor":1.0},{"not_picked":["Crippling Poison","Caltrops"],"picked":"Deadly Poison","floor":4.0},{"not_picked":["Outmaneuver","Leg Sweep"],"picked":"Dagger Spray","floor":5.0},{"not_picked":["Dagger Spray","Slice"],"picked":"All Out Attack","floor":7.0},{"not_picked":["Endless Agony","All Out Attack","Underhanded Strike"],"picked":"SKIP","floor":8.0},{"not_picked":["Sucker Punch","Calculated Gamble"],"picked":"Deadly Poison","floor":13.0},{"not_picked":["Quick Slash","Accuracy"],"picked":"Poisoned Stab","floor":14.0},{"not_picked":["PiercingWail","Slice"],"picked":"Footwork","floor":15.0},{"not_picked":["Unload","A Thousand Cuts"],"picked":"Bullet Time","floor":16.0},{"not_picked":["Dagger Throw","Flying Knee","Underhanded Strike"],"picked":"SKIP","floor":18.0},{"not_picked":["Expertise","Blade Dance+1"],"picked":"Bouncing Flask","floor":20.0},{"not_picked":["Flying Knee","Caltrops+1"],"picked":"PiercingWail","floor":29},{"not_picked":["Dagger Throw+1","Poisoned Stab","Distraction"],"picked":"SKIP","floor":30},{"not_picked":["Reflex","Tactician+1","Bouncing Flask"],"picked":"SKIP","floor":31}],"player_experience":478132,"relics_obtained":[{"floor":3.0,"key":"Boot"},{"floor":9.0,"key":"Art of War"},{"floor":13.0,"key":"Dream Catcher"},{"floor":26.0,"key":"Turnip"}],"event_choices":[{"cards_removed":["Strike_G"],"damage_healed":0.0,"max_hp_gain":0.0,"max_hp_loss":0.0,"gold_gain":0.0,"event_name":"The Cleric","player_choice":"Card Removal","floor":2.0,"gold_loss":75.0,"damage_taken":0.0},{"damage_healed":0.0,"max_hp_gain":0.0,"max_hp_loss":0.0,"gold_gain":0.0,"event_name":"Forgotten Altar","player_choice":"Smashed Altar","floor":19.0,"gold_loss":0.0,"damage_taken":0.0,"cards_obtained":["Decay"]},{"damage_healed":0.0,"max_hp_gain":0.0,"max_hp_loss":33.0,"gold_gain":0.0,"event_name":"Ghosts","player_choice":"Became a Ghost","floor":21.0,"gold_loss":0.0,"damage_taken":0.0,"cards_obtained":["Ghostly","Ghostly","Ghostly"]},{"damage_healed":0.0,"max_hp_gain":0.0,"max_hp_loss":0.0,"gold_gain":0.0,"event_name":"Vampires","player_choice":"Ignored","floor":22.0,"gold_loss":0.0,"damage_taken":0.0},{"cards_removed":["Strike_G"],"damage_healed":0.0,"max_hp_gain":0.0,"max_hp_loss":0.0,"gold_gain":0.0,"event_name":"Beggar","player_choice":"Gave Gold","floor":24.0,"gold_loss":75.0,"damage_taken":0.0}],"is_beta":true,"boss_relics":[{"not_picked":["White Beast Statue","Orrery"],"picked":"Runic Dome"}],"items_purged_floors":[10],"is_endless":false,"potions_floor_spawned":[1,8,13,14,30,31],"killed_by":"Champ","ascension_level":15}