{"gold_per_floor":[114,72,72,72,82,107,107,107,107,126,137,137,137,34,34,107,107,118,118,118,134,134,134,184,200,200,214,54,65,83,101,101,177,177,197,29,29,29,0,0,11,11,11,111,11,11,11,26,26,26,26],"floor_reached":52,"playtime":2567,"items_purged":["Strike_B","Strike_B"],"score":1721,"play_id":"49f6fcc5-bef2-43e0-904b-94398ff73a89","local_time":"20190129125842","is_ascension_mode":true,"campfire_choices":[{"data":"Sunder","floor":7.0,"key":"SMITH"},{"data":"Hologram","floor":13.0,"key":"SMITH"},{"data":"Zap","floor":15.0,"key":"SMITH"},{"data":"Capacitor","floor":23.0,"key":"SMITH"},{"data":"Consume","floor":32.0,"key":"SMITH"},{"data":"Fission","floor":40,"key":"SMITH"},{"data":"Defragment","floor":42,"key":"SMITH"},{"data":"Beam Cell","floor":46,"key":"SMITH"},{"data":"Biased Cognition","floor":49,"key":"SMITH"}],"neow_cost":"NONE","seed_source_timestamp":14064983441489,"circlet_count":0,"master_deck":["AscendersBane","Defend_B+1","Defend_B","Defend_B","Defend_B+1","Zap+1","Dualcast+1","Coolheaded+1","Capacitor+1","Sunder+1","Ball Lightning","Hologram+1","Leap+1","Echo Form","Undo","Beam Cell+1","Coolheaded+1","Consume+1","Biased Cognition+1","Fission+1","Defragment+1"],"special_seed":0,"relics":["FrozenCore","NeowsBlessing","Question Card","Happy Flower","Coffee Dripper","theJungle:BirthdayCakeSlice","Meat on the Bone","War Paint","Red Mask","Emotion Chip","FossilizedHelix"],"potions_floor_usage":[51,51],"damage_taken":[{"damage":0.0,"enemies":"Small Slimes","floor":1.0,"turns":1.0},{"damage":0.0,"enemies":"Jaw Worm","floor":5.0,"turns":1.0},{"damage":0.0,"enemies":"Lagavulin","floor":6.0,"turns":1.0},{"damage":0.0,"enemies":"2 Louse","floor":10.0,"turns":1.0},{"damage":11.0,"enemies":"Large Slime","floor":11.0,"turns":4.0},{"damage":7.0,"enemies":"The Guardian","floor":16.0,"turns":9.0},{"damage":5.0,"enemies":"theJungle:GiantWrat","floor":18.0,"turns":5.0},{"damage":9.0,"enemies":"theJungle:MUSHROOMGANG","floor":21.0,"turns":4.0},{"damage":7.0,"enemies":"theJungle:SlimyTreeVines","floor":25.0,"turns":6.0},{"damage":15.0,"enemies":"theJungle:Snecko_Cultist_And_Trap","floor":27.0,"turns":5.0},{"damage":32.0,"enemies":"theJungle:2_Flameangoes","floor":29.0,"turns":7.0},{"damage":0.0,"enemies":"theJungle:2_Snecko_Cultists","floor":30.0,"turns":3.0},{"damage":19.0,"enemies":"Snake Plant","floor":31.0,"turns":5.0},{"damage":2.0,"enemies":"theJungle:QueenSpyder","floor":33.0,"turns":8.0},{"damage":13.0,"enemies":"Orb Walker","floor":35.0,"turns":6.0},{"damage":2,"enemies":"3 Shapes","floor":41,"turns":4},{"damage":4,"enemies":"Mind Bloom Boss Battle","floor":44,"turns":6},{"damage":0,"enemies":"Maw","floor":48,"turns":7},{"damage":11,"enemies":"Awakened One","floor":50,"turns":20},{"damage":5,"enemies":"Donu and Deca","floor":51,"turns":13}],"seed_played":"-5561066914563124666","potions_obtained":[{"floor":5.0,"key":"FocusPotion"},{"floor":11.0,"key":"SpeedPotion"},{"floor":30.0,"key":"Strength Potion"}],"is_trial":false,"path_per_floor":["M","$","?","?","M","E","R","?","T","M","M","?","R","$","R","B",null,"M","?","?","M","?","R","?","M","T","M","$","M","M","M","R","B",null,"M","$","?","?","?","R","M","R","T","?","$","R","?","M","R","B","B",null],"character_chosen":"DEFECT","items_purchased":["Capacitor","Leap","War Paint","Fission"],"campfire_rested":0,"item_purchase_floors":[2,14,28,36],"current_hp_per_floor":[64,64,64,64,64,64,64,69,69,69,58,35,35,35,35,28,64,59,64,64,55,55,55,55,54,54,51,51,31,43,36,36,46,72,59,59,59,59,59,59,57,57,57,53,53,53,53,53,53,42,49],"gold":26,"neow_bonus":"THREE_ENEMY_KILL","is_prod":false,"is_daily":false,"chose_seed":false,"campfire_upgraded":9,"win_rate":0,"timestamp":1548737922,"path_taken":["M","$","?","?","M","E","R","?","T","M","M","?","R","?","R","BOSS","M","?","?","?","?","R","?","M","T","M","$","M","?","M","R","BOSS","M","$","?","?","?","R","M","R","T","?","$","R","?","M","R","BOSS","BOSS"],"build_version":"2019-01-23","purchased_purges":2,"victory":true,"max_hp_per_floor":[71,71,71,71,71,71,71,76,76,76,76,76,76,76,76,76,76,76,81,81,81,81,81,81,81,81,81,81,81,81,81,81,81,81,81,81,77,77,77,77,77,77,77,77,77,77,77,77,77,77,77],"card_choices":[{"not_picked":["Streamline","Blizzard"],"picked":"Coolheaded","floor":1.0},{"not_picked":["Reprogram","Beam Cell"],"picked":"Sunder","floor":5.0},{"not_picked":["Sweeping Beam","Conserve Battery"],"picked":"Ball Lightning","floor":6.0},{"not_picked":["Stack","Coolheaded","BootSequence"],"picked":"Hologram","floor":10.0},{"not_picked":["Rebound","Meteor Strike","Compile Driver","Cold Snap"],"picked":"SKIP","floor":11.0},{"not_picked":["All For One","Meteor Strike","Machine Learning"],"picked":"Echo Form","floor":16.0},{"not_picked":["Sweeping Beam","Double Energy","Steam","Auto Shields"],"picked":"SKIP","floor":18.0},{"not_picked":["Barrage","Cold Snap+1","Conserve Battery+1"],"picked":"Undo","floor":21.0},{"not_picked":["Beam Cell","Fusion","Ball Lightning","Stack"],"picked":"SKIP","floor":25.0},{"not_picked":["Beam Cell","Hologram","Gash","Capacitor+1"],"picked":"SKIP","floor":27.0},{"not_picked":["Go for the Eyes+1","Stack","Turbo"],"picked":"Beam Cell","floor":29.0},{"not_picked":["Storm+1","Go for the Eyes","Compile Driver+1"],"picked":"Coolheaded+1","floor":30.0},{"not_picked":["Streamline","Stack","Barrage"],"picked":"Consume","floor":31.0},{"not_picked":["Multi-Cast","Buffer","Hyperbeam"],"picked":"Biased Cognition","floor":33.0},{"not_picked":["Cold Snap","Streamline","Go for the Eyes","Gash+1"],"picked":"SKIP","floor":35.0},{"not_picked":["Gash","Compile Driver","Turbo+1"],"picked":"Defragment","floor":41},{"not_picked":["Redo+1","Hologram","Beam Cell","Undo"],"picked":"SKIP","floor":48}],"player_experience":723552,"relics_obtained":[{"floor":6.0,"key":"Question Card"},{"floor":9.0,"key":"Happy Flower"},{"floor":26.0,"key":"Meat on the Bone"},{"floor":43,"key":"Emotion Chip"},{"floor":44,"key":"FossilizedHelix"}],"event_choices":[{"damage_healed":0.0,"max_hp_gain":0.0,"max_hp_loss":0.0,"gold_gain":0.0,"event_name":"Living Wall","player_choice":"Grow","floor":3.0,"gold_loss":0.0,"damage_taken":0.0,"cards_upgraded":["Coolheaded"]},{"damage_healed":0.0,"max_hp_gain":0.0,"max_hp_loss":0.0,"gold_gain":0.0,"event_name":"The Cleric","player_choice":"Leave","floor":4.0,"gold_loss":0.0,"damage_taken":0.0},{"damage_healed":0.0,"max_hp_gain":5.0,"max_hp_loss":0.0,"gold_gain":0.0,"event_name":"Big Fish","player_choice":"Donut","floor":8.0,"gold_loss":0.0,"damage_taken":0.0},{"damage_healed":0.0,"max_hp_gain":0.0,"max_hp_loss":0.0,"gold_gain":0.0,"event_name":"Shining Light","player_choice":"Entered Light","floor":12.0,"gold_loss":0.0,"damage_taken":23.0,"cards_upgraded":["Defend_B","Dualcast"]},{"cards_removed":["Strike_B"],"damage_healed":0.0,"max_hp_gain":0.0,"max_hp_loss":0.0,"gold_gain":0.0,"event_name":"Purifier","player_choice":"Purged","floor":20.0,"gold_loss":0.0,"damage_taken":0.0},{"damage_healed":0.0,"max_hp_gain":0.0,"max_hp_loss":0.0,"gold_gain":50.0,"event_name":"Golden Shrine","player_choice":"Pray","floor":24.0,"gold_loss":0.0,"damage_taken":0.0},{"damage_healed":0.0,"max_hp_gain":0.0,"max_hp_loss":4.0,"gold_gain":0.0,"event_name":"Winding Halls","player_choice":"Max HP","floor":37.0,"gold_loss":0.0,"damage_taken":0.0},{"damage_healed":0,"gold_gain":0,"player_choice":"Memory 1","damage_taken":0,"max_hp_gain":0,"max_hp_loss":0,"event_name":"SensoryStone","floor":38,"gold_loss":0},{"damage_healed":0,"gold_gain":0,"player_choice":"Paid","damage_taken":0,"relics_obtained":["Red Mask"],"max_hp_gain":0,"max_hp_loss":0,"event_name":"Tomb of Lord Red Mask","floor":39,"gold_loss":29},{"damage_healed":0,"gold_gain":0,"player_choice":"Fight","damage_taken":0,"max_hp_gain":0,"max_hp_loss":0,"event_name":"MindBloom","floor":44,"gold_loss":0},{"cards_removed":["Strike_B"],"damage_healed":0,"gold_gain":0,"player_choice":"Removed Attack","damage_taken":0,"max_hp_gain":0,"max_hp_loss":0,"event_name":"Falling","floor":47,"gold_loss":0}],"is_beta":true,"boss_relics":[{"not_picked":["Fusion Hammer","Snecko Eye"],"picked":"Coffee Dripper"},{"not_picked":["Sozu","Ectoplasm"],"picked":"FrozenCore"}],"items_purged_floors":[14,45],"is_endless":false,"potions_floor_spawned":[5,11,16,25,27,30,35,48],"ascension_level":20}