{"gold_per_floor":[116,116,116,128,128,156,156,174,174,190,207,242,253,52,52,153,153,170,170,196,212,225,253,267,293,347,347,429,429,429,51,51,149,149,162,162,162,179,18,18,48,67,136,136,171,171,181,209,209,209],"floor_reached":51,"playtime":2488,"items_purged":["Regret"],"score":846,"play_id":"bf1ed94c-9e28-4438-aa87-18a4fd8a80a1","local_time":"20190807094408","is_ascension_mode":true,"campfire_choices":[{"floor":7,"key":"REST"},{"floor":15,"key":"REST"},{"floor":27,"key":"REST"},{"data":"Immolate","floor":29,"key":"SMITH"},{"data":"Jack Of All Trades","floor":32,"key":"SMITH"},{"data":"Feed","floor":40,"key":"SMITH"},{"data":"Impervious","floor":44,"key":"SMITH"},{"floor":49,"key":"REST"}],"neow_cost":"NONE","seed_source_timestamp":1297583497301898,"circlet_count":0,"master_deck":["Strike_R","Strike_R","Strike_R","Strike_R","Strike_R","Defend_R","Defend_R","Defend_R","Defend_R","Bash","Seeing Red+1","Ghostly Armor","Shrug It Off","Impervious+1","Headbutt","Pommel Strike","Immolate+1","Wild Strike+1","Wild Strike+1","Battle Trance","Infernal Blade+1","Flex","Perfected Strike+1","Jack Of All Trades+1","Exhume","Whirlwind","Feed+1","Flash of Steel","Pommel Strike+1","Spot Weakness","Seeing Red+1"],"relics":["Burning Blood","Kunai","Pantograph","Darkstone Periapt","Du-Vu Doll","Brimstone","Mark of Pain","Red Mask","Nunchaku","Gremlin Horn","Tiny Chest","Paper Frog","Shuriken","TheAbacus","Lizard Tail","Letter Opener","Self Forming Clay","Question Card","Orichalcum","Lantern"],"potions_floor_usage":[6,20,20,23,23,41,41,45,48,50],"damage_taken":[{"damage":5,"enemies":"Small Slimes","floor":1,"turns":4},{"damage":0,"enemies":"2 Louse","floor":4,"turns":2},{"damage":49,"enemies":"Lagavulin","floor":6,"turns":9},{"damage":5,"enemies":"Jaw Worm","floor":8,"turns":5},{"damage":8,"enemies":"Blue Slaver","floor":10,"turns":5},{"damage":18,"enemies":"Large Slime","floor":11,"turns":12},{"damage":44,"enemies":"3 Sentries","floor":12,"turns":15},{"damage":4,"enemies":"Looter","floor":13,"turns":5},{"damage":52,"enemies":"Slime Boss","floor":16,"turns":8},{"damage":6,"enemies":"Shell Parasite","floor":18,"turns":2},{"damage":31,"enemies":"Masked Bandits","floor":20,"turns":4},{"damage":24,"enemies":"3 Byrds","floor":21,"turns":5},{"damage":4,"enemies":"Sentry and Sphere","floor":22,"turns":3},{"damage":5,"enemies":"Gremlin Leader","floor":23,"turns":3},{"damage":4,"enemies":"Shelled Parasite and Fungi","floor":24,"turns":2},{"damage":13,"enemies":"Slavers","floor":25,"turns":3},{"damage":50,"enemies":"Collector","floor":33,"turns":9},{"damage":6,"enemies":"3 Shapes","floor":35,"turns":1},{"damage":0,"enemies":"Orb Walker","floor":38,"turns":2},{"damage":10,"enemies":"Nemesis","floor":41,"turns":5},{"damage":2,"enemies":"Jaw Worm Horde","floor":42,"turns":3},{"damage":44,"enemies":"Giant Head","floor":45,"turns":6},{"damage":0,"enemies":"3 Darklings","floor":47,"turns":1},{"damage":8,"enemies":"Nemesis","floor":48,"turns":5},{"damage":153,"enemies":"Time Eater","floor":50,"turns":8}],"seed_played":"-8034251439635647695","potions_obtained":[{"floor":4,"key":"Dexterity Potion"},{"floor":13,"key":"Weak Potion"},{"floor":16,"key":"EssenceOfSteel"},{"floor":18,"key":"GamblersBrew"},{"floor":20,"key":"Strength Potion"},{"floor":21,"key":"FairyPotion"},{"floor":22,"key":"Strength Potion"},{"floor":33,"key":"PowerPotion"},{"floor":35,"key":"FearPotion"},{"floor":41,"key":"Swift Potion"},{"floor":45,"key":"Block Potion"},{"floor":48,"key":"AttackPotion"}],"is_trial":false,"path_per_floor":["M","?","?","M","?","E","R","M","T","M","M","E","M","$","R","B",null,"M","?","?","M","M","E","M","E","T","R","T","R","T","$","R","B",null,"M","T","?","M","$","R","E","M","T","R","E","?","M","E","R","B",null],"character_chosen":"IRONCLAD","items_purchased":["Brimstone","Jack Of All Trades","TheAbacus","Feed","Flash of Steel"],"campfire_rested":4,"item_purchase_floors":[14,31,31,39,39],"current_hp_per_floor":[88,88,88,88,88,45,71,72,72,70,58,20,22,22,48,27,88,88,88,63,45,47,48,50,43,43,69,69,69,69,69,69,44,88,88,88,88,88,88,88,84,92,92,92,54,54,60,58,85,16],"gold":209,"neow_bonus":"TEN_PERCENT_HP_BONUS","is_prod":false,"is_daily":false,"chose_seed":false,"campfire_upgraded":4,"win_rate":0,"timestamp":1565185448,"path_taken":["M","?","?","M","?","E","R","M","T","M","M","E","?","$","R","BOSS","M","?","?","M","M","E","M","E","T","R","?","R","?","$","R","BOSS","M","?","?","?","$","R","E","M","T","R","E","?","M","E","R","BOSS"],"build_version":"2019-06-28","purchased_purges":1,"victory":true,"max_hp_per_floor":[88,88,88,88,88,88,88,88,88,88,88,88,88,88,88,88,88,88,88,88,88,88,88,88,88,88,88,88,88,88,88,88,88,88,88,88,88,88,88,88,88,92,92,92,92,92,92,92,92,92],"card_choices":[{"not_picked":["Heavy Blade","Headbutt"],"picked":"Seeing Red","floor":1},{"not_picked":["Cleave","Blood for Blood","True Grit"],"picked":"SKIP","floor":4},{"not_picked":["Twin Strike","Pummel"],"picked":"Ghostly Armor","floor":6},{"not_picked":["Clothesline","Burning Pact"],"picked":"Shrug It Off","floor":8},{"not_picked":["Heavy Blade","Disarm","Warcry"],"picked":"SKIP","floor":10},{"not_picked":["Thunderclap","Perfected Strike"],"picked":"Impervious","floor":11},{"not_picked":["Clothesline","Iron Wave"],"picked":"Headbutt","floor":12},{"not_picked":["Twin Strike","Sever Soul"],"picked":"Pommel Strike","floor":13},{"not_picked":["Limit Break","Barricade"],"picked":"Immolate","floor":16},{"not_picked":["Sword Boomerang","Headbutt"],"picked":"Wild Strike+1","floor":18},{"not_picked":["Body Slam+1","Armaments"],"picked":"Wild Strike+1","floor":20},{"not_picked":["Clash","Hemokinesis"],"picked":"Battle Trance","floor":21},{"not_picked":["Clothesline","Immolate"],"picked":"Infernal Blade+1","floor":22},{"not_picked":["Rupture","Twin Strike"],"picked":"Flex","floor":23},{"not_picked":["Cleave+1","Pommel Strike"],"picked":"Perfected Strike+1","floor":24},{"not_picked":["Cleave+1","Burning Pact+1","Brutality"],"picked":"SKIP","floor":25},{"not_picked":["Berserk","Barricade"],"picked":"Exhume","floor":33},{"not_picked":["Pommel Strike","Clothesline"],"picked":"Clash","floor":35},{"not_picked":["Carnage+1","Anger"],"picked":"Whirlwind","floor":38},{"not_picked":["Disarm+1","Rampage+1"],"picked":"Pommel Strike+1","floor":41},{"not_picked":["True Grit","Hemokinesis+1"],"picked":"Spot Weakness","floor":42},{"not_picked":["Warcry","Body Slam","Entrench","Flex"],"picked":"SKIP","floor":45},{"not_picked":["Uppercut+1","Spot Weakness","Metallicize+1"],"picked":"Seeing Red+1","floor":47},{"not_picked":["Havoc","Disarm+1","Impervious","Clothesline+1"],"picked":"SKIP","floor":48}],"player_experience":37795,"relics_obtained":[{"floor":6,"key":"Pantograph"},{"floor":9,"key":"Darkstone Periapt"},{"floor":12,"key":"Du-Vu Doll"},{"floor":20,"key":"Red Mask"},{"floor":23,"key":"Nunchaku"},{"floor":25,"key":"Gremlin Horn"},{"floor":26,"key":"Tiny Chest"},{"floor":28,"key":"Paper Frog"},{"floor":30,"key":"Shuriken"},{"floor":36,"key":"Letter Opener"},{"floor":41,"key":"Self Forming Clay"},{"floor":43,"key":"Question Card"},{"floor":45,"key":"Orichalcum"},{"floor":48,"key":"Lantern"}],"event_choices":[{"damage_healed":0,"gold_gain":0,"player_choice":"Ignored","damage_taken":0,"max_hp_gain":0,"max_hp_loss":0,"event_name":"Shining Light","floor":2,"gold_loss":0},{"damage_healed":0,"gold_gain":0,"player_choice":"Grow","damage_taken":0,"max_hp_gain":0,"max_hp_loss":0,"event_name":"Living Wall","floor":3,"gold_loss":0,"cards_upgraded":["Seeing Red"]},{"damage_healed":0,"gold_gain":0,"player_choice":"Box","damage_taken":0,"relics_obtained":["Kunai"],"max_hp_gain":0,"max_hp_loss":0,"event_name":"Big Fish","floor":5,"gold_loss":0,"cards_obtained":["Regret"]},{"damage_healed":0,"gold_gain":0,"player_choice":"Ignored","damage_taken":0,"max_hp_gain":0,"max_hp_loss":0,"event_name":"Vampires","floor":19,"gold_loss":0},{"damage_healed":0,"gold_gain":0,"player_choice":"Fought Bandits","damage_taken":0,"max_hp_gain":0,"max_hp_loss":0,"event_name":"Masked Bandits","floor":20,"gold_loss":0},{"damage_healed":0,"gold_gain":0,"player_choice":"Bought 0 Potions","damage_taken":0,"max_hp_gain":0,"max_hp_loss":0,"event_name":"The Woman in Blue","floor":37,"gold_loss":0},{"cards_removed":["Clash"],"damage_healed":0,"gold_gain":0,"player_choice":"Removed Attack","damage_taken":0,"max_hp_gain":0,"max_hp_loss":0,"event_name":"Falling","floor":46,"gold_loss":0}],"is_beta":true,"boss_relics":[{"not_picked":["Empty Cage","Runic Dome"],"picked":"Mark of Pain"},{"not_picked":["Runic Pyramid","Velvet Choker"],"picked":"Lizard Tail"}],"items_purged_floors":[31],"is_endless":false,"potions_floor_spawned":[4,13,16,18,20,21,22,33,35,41,45,48],"ascension_level":1}