{"gold_per_floor":[109,125,44,44,44,54,4,37,37,71,86,96,115,133,133,235,235,254,270,270,282,282,282,185,110,140,158,176,201,201,101,101,204,204,220,220,95,145,158,158,91,91,114,132,132,132,132,151,151,151],"floor_reached":51,"playtime":4803,"items_purged":["Strike_G","Strike_G","Defend_G"],"score":727,"play_id":"708004a6-51ed-49cc-836b-3cacc2583799","local_time":"20190810003255","is_ascension_mode":false,"campfire_choices":[{"floor":15,"key":"REST"},{"floor":23,"key":"REST"},{"floor":30,"key":"REST"},{"floor":32,"key":"REST"},{"floor":40,"key":"REST"},{"floor":42,"key":"REST"},{"floor":49,"key":"REST"}],"neow_cost":"NONE","seed_source_timestamp":1586381130351500,"circlet_count":0,"master_deck":["Defend_G+1","Defend_G+1","Defend_G+1","Survivor+1","Neutralize+1","Noxious Fumes+1","Well Laid Plans+1","Noxious Fumes+1","Acrobatics+1","Catalyst+1","Noxious Fumes+1","Acrobatics+1","Escape Plan+1","Bane+1","Flying Knee+1","Outmaneuver+1","Backflip+1","Leg Sweep+1","Flying Knee+1","After Image+1","Deflect+1","Blur+1"],"relics":["Ring of the Serpent","Oddly Smooth Stone","Mango","Matryoshka","Pear","Fusion Hammer","Tiny Chest","Bag of Preparation","Mummified Hand","Ice Cream","Pen Nib","Whetstone","Mark of the Bloom"],"potions_floor_usage":[],"damage_taken":[{"damage":0,"enemies":"Cultist","floor":1,"turns":4},{"damage":0,"enemies":"2 Louse","floor":2,"turns":4},{"damage":0,"enemies":"Small Slimes","floor":6,"turns":4},{"damage":38,"enemies":"Gremlin Nob","floor":8,"turns":6},{"damage":9,"enemies":"3 Sentries","floor":10,"turns":7},{"damage":0,"enemies":"2 Fungi Beasts","floor":11,"turns":4},{"damage":3,"enemies":"Exordium Wildlife","floor":12,"turns":5},{"damage":1,"enemies":"Looter","floor":13,"turns":4},{"damage":6,"enemies":"Blue Slaver","floor":14,"turns":5},{"damage":15,"enemies":"Hexaghost","floor":16,"turns":9},{"damage":1,"enemies":"3 Byrds","floor":18,"turns":4},{"damage":4,"enemies":"Shell Parasite","floor":19,"turns":7},{"damage":22,"enemies":"Snecko","floor":21,"turns":7},{"damage":14,"enemies":"Shelled Parasite and Fungi","floor":27,"turns":5},{"damage":3,"enemies":"Centurion and Healer","floor":28,"turns":6},{"damage":26,"enemies":"Gremlin Leader","floor":29,"turns":7},{"damage":15,"enemies":"Collector","floor":33,"turns":9},{"damage":0,"enemies":"3 Shapes","floor":35,"turns":4},{"damage":47,"enemies":"2 Orb Walkers","floor":38,"turns":6},{"damage":0,"enemies":"Orb Walker","floor":39,"turns":5},{"damage":0,"enemies":"Spire Growth","floor":44,"turns":5},{"damage":0,"enemies":"Maw","floor":48,"turns":7},{"damage":0,"enemies":"Donu and Deca","floor":50,"turns":8}],"seed_played":"8322814655195798997","potions_obtained":[{"floor":6,"key":"PowerPotion"},{"floor":10,"key":"Swift Potion"},{"floor":11,"key":"Poison Potion"},{"floor":12,"key":"Dexterity Potion"},{"floor":28,"key":"Explosive Potion"}],"is_trial":false,"path_per_floor":["M","M","$","?","?","M","?","E","T","E","M","M","M","M","R","B",null,"M","M","?","M","?","R","$","?","T","M","M","E","R","$","R","B",null,"M","?","$","?","M","R","$","R","T","M","$","?","?","M","R","B",null],"character_chosen":"THE_SILENT","items_purchased":["Noxious Fumes","Backflip","Blur"],"campfire_rested":7,"item_purchase_floors":[3,24,41],"current_hp_per_floor":[70,70,70,63,49,49,49,25,25,26,26,23,22,16,44,29,94,93,89,89,67,67,94,94,94,94,80,77,51,79,79,94,79,94,94,94,94,47,47,75,75,94,94,94,94,94,94,94,94,94],"gold":151,"neow_bonus":"RANDOM_COMMON_RELIC","is_prod":false,"is_daily":false,"chose_seed":false,"campfire_upgraded":0,"win_rate":0.0,"timestamp":1565389975,"path_taken":["M","M","$","?","?","M","?","E","T","E","M","M","M","M","R","BOSS","M","M","?","M","?","R","?","?","T","M","M","E","R","$","R","BOSS","M","?","$","?","M","R","$","R","T","M","?","?","?","?","R","BOSS"],"build_version":"2019-07-17","purchased_purges":3,"victory":true,"max_hp_per_floor":[70,70,70,70,70,70,70,84,84,94,94,94,94,94,94,94,94,94,94,94,94,94,94,94,94,94,94,94,94,94,94,94,94,94,94,94,94,94,94,94,94,94,94,94,94,94,94,94,94,94],"card_choices":[{"not_picked":["Quick Slash","Flying Knee"],"picked":"Noxious Fumes","floor":1},{"not_picked":["Heel Hook","Dagger Throw"],"picked":"Well Laid Plans","floor":2},{"not_picked":["Flechettes","Deflect"],"picked":"Acrobatics","floor":6},{"not_picked":["Underhanded Strike","Dagger Throw"],"picked":"Catalyst","floor":8},{"not_picked":["Flying Knee","Well Laid Plans"],"picked":"Noxious Fumes","floor":10},{"not_picked":["Sucker Punch","Flying Knee"],"picked":"Acrobatics","floor":11},{"not_picked":["Underhanded Strike","Blade Dance","Poisoned Stab"],"picked":"SKIP","floor":12},{"not_picked":["Finisher","Glass Knife","Bouncing Flask"],"picked":"SKIP","floor":13},{"not_picked":["Acrobatics","Dagger Throw"],"picked":"Escape Plan","floor":14},{"not_picked":["Backflip","Deadly Poison"],"picked":"Bane","floor":18},{"not_picked":["Bouncing Flask","Prepared","Backflip+1"],"picked":"SKIP","floor":19},{"not_picked":["Endless Agony","Distraction"],"picked":"Flying Knee","floor":21},{"not_picked":["Dagger Throw","Sucker Punch"],"picked":"Leg Sweep","floor":27},{"not_picked":["Dash","PiercingWail","Bouncing Flask+1"],"picked":"SKIP","floor":28},{"not_picked":["Doppelganger","Quick Slash"],"picked":"Flying Knee","floor":29},{"not_picked":["Die Die Die","Venomology"],"picked":"After Image","floor":33},{"not_picked":["Crippling Poison","Masterful Stab","Slice"],"picked":"SKIP","floor":35},{"not_picked":["Quick Slash","Outmaneuver"],"picked":"Deflect+1","floor":38},{"not_picked":["Venomology","Deadly Poison+1","PiercingWail"],"picked":"SKIP","floor":39},{"not_picked":["Outmaneuver","Expertise","Poisoned Stab"],"picked":"SKIP","floor":44},{"not_picked":["Bouncing Flask","Deadly Poison","Backflip"],"picked":"SKIP","floor":48}],"player_experience":369149,"relics_obtained":[{"floor":8,"key":"Mango"},{"floor":9,"key":"Matryoshka"},{"floor":10,"key":"Pear"},{"floor":26,"key":"Tiny Chest"},{"floor":26,"key":"Bag of Preparation"},{"floor":29,"key":"Mummified Hand"},{"floor":38,"key":"Ice Cream"},{"floor":43,"key":"Pen Nib"},{"floor":43,"key":"Whetstone"}],"event_choices":[{"cards_removed":["Strike_G"],"damage_healed":0,"gold_gain":0,"player_choice":"Card Removal","damage_taken":7,"max_hp_gain":0,"max_hp_loss":0,"event_name":"Golden Wing","floor":4,"gold_loss":0},{"damage_healed":0,"gold_gain":0,"player_choice":"Entered Light","damage_taken":14,"max_hp_gain":0,"max_hp_loss":0,"event_name":"Shining Light","floor":5,"gold_loss":0,"cards_upgraded":["Defend_G","Noxious Fumes"]},{"cards_removed":["Strike_G"],"damage_healed":0,"gold_gain":0,"player_choice":"Card Removal","damage_taken":0,"max_hp_gain":0,"max_hp_loss":0,"event_name":"The Cleric","floor":7,"gold_loss":50},{"damage_healed":0,"gold_gain":0,"player_choice":"Ignored","damage_taken":0,"max_hp_gain":0,"max_hp_loss":0,"event_name":"Vampires","floor":20,"gold_loss":0},{"damage_healed":0,"gold_gain":0,"player_choice":"Read","damage_taken":0,"max_hp_gain":0,"max_hp_loss":0,"event_name":"The Library","floor":22,"gold_loss":0,"cards_obtained":["Outmaneuver"]},{"cards_removed":["Strike_G"],"damage_healed":0,"gold_gain":0,"player_choice":"Gave Gold","damage_taken":0,"max_hp_gain":0,"max_hp_loss":0,"event_name":"Beggar","floor":25,"gold_loss":75},{"cards_removed":["Defend_G"],"damage_healed":0,"gold_gain":0,"player_choice":"Removed Skill","damage_taken":0,"max_hp_gain":0,"max_hp_loss":0,"event_name":"Falling","floor":36,"gold_loss":0},{"damage_healed":0,"gold_gain":0,"player_choice":"Fight","damage_taken":0,"max_hp_gain":0,"max_hp_loss":0,"event_name":"Mysterious Sphere","floor":38,"gold_loss":0},{"damage_healed":0,"gold_gain":0,"player_choice":"Upgrade","damage_taken":0,"relics_obtained":["Mark of the Bloom"],"max_hp_gain":0,"max_hp_loss":0,"event_name":"MindBloom","floor":46,"gold_loss":0,"cards_upgraded":["Defend_G","Defend_G","Survivor","Neutralize","Well Laid Plans","Noxious Fumes","Acrobatics","Catalyst","Noxious Fumes","Acrobatics","Escape Plan","Flying Knee","Outmaneuver","Backflip","Leg Sweep","After Image","Blur"]},{"damage_healed":0,"gold_gain":0,"player_choice":"Memory 1","damage_taken":0,"max_hp_gain":0,"max_hp_loss":0,"event_name":"SensoryStone","floor":47,"gold_loss":0}],"is_beta":false,"boss_relics":[{"not_picked":["Orrery","White Beast Statue"],"picked":"Fusion Hammer"},{"not_picked":["Astrolabe","HoveringKite"],"picked":"Ring of the Serpent"}],"items_purged_floors":[24,31,37],"is_endless":false,"potions_floor_spawned":[6,10,11,12,14,28,39,44],"ascension_level":0}