{"gold_per_floor":[118,135,153,153,163,57,57,67,120,120,130,130,150,150,150,150],"floor_reached":16,"playtime":394,"items_purged":[],"score":188,"play_id":"b5d3b07e-0783-4336-a014-753e1b39d466","local_time":"20190427115253","is_ascension_mode":true,"campfire_choices":[{"data":"Coolheaded","floor":10,"key":"SMITH"},{"data":"Doom and Gloom","floor":12,"key":"SMITH"},{"data":"Defragment","floor":15,"key":"SMITH"}],"neow_cost":"TEN_PERCENT_HP_LOSS","seed_source_timestamp":7247457626575,"circlet_count":0,"master_deck":["AscendersBane","Strike_B","Strike_B","Strike_B","Strike_B","Defend_B+1","Defend_B","Defend_B","Defend_B","Zap","Dualcast+1","Reinforced Body+1","Genetic Algorithm","Turbo","Doom and Gloom+1","Coolheaded+1","Ball Lightning","Recycle","Defragment+1"],"relics":["Cracked Core","Ice Cream","Pen Nib","Letter Opener"],"potions_floor_usage":[],"damage_taken":[{"damage":2,"enemies":"Jaw Worm","floor":1,"turns":4},{"damage":2,"enemies":"Cultist","floor":2,"turns":4},{"damage":0,"enemies":"2 Louse","floor":3,"turns":2},{"damage":13,"enemies":"2 Fungi Beasts","floor":5,"turns":4},{"damage":10,"enemies":"3 Louse","floor":8,"turns":4},{"damage":2,"enemies":"Blue Slaver","floor":11,"turns":3},{"damage":4,"enemies":"Red Slaver","floor":13,"turns":3},{"damage":12,"enemies":"Hexaghost","floor":16,"turns":9}],"seed_played":"6759330898710738078","potions_obtained":[{"floor":3,"key":"SteroidPotion"},{"floor":8,"key":"FocusPotion"}],"is_trial":false,"path_per_floor":["M","M","M","?","M","$","?","M","T","R","M","R","M","?","R","B"],"character_chosen":"DEFECT","items_purchased":["Doom and Gloom","Coolheaded"],"campfire_rested":0,"item_purchase_floors":[6,6],"current_hp_per_floor":[62,60,60,60,47,47,28,18,18,18,16,16,12,12,12,0],"gold":150,"neow_bonus":"ONE_RARE_RELIC","is_prod":false,"is_daily":false,"chose_seed":false,"campfire_upgraded":3,"win_rate":0,"timestamp":1556337173,"path_taken":["M","M","M","?","?","?","?","M","T","R","M","R","M","?","R","BOSS"],"build_version":"2019-01-23","purchased_purges":0,"victory":false,"max_hp_per_floor":[64,64,64,64,64,64,64,64,64,64,64,64,64,64,64,64],"card_choices":[{"not_picked":["Gash","Conserve Battery"],"picked":"Reinforced Body","floor":1},{"not_picked":["Cold Snap","Compile Driver"],"picked":"Genetic Algorithm","floor":2},{"not_picked":["Barrage","Sweeping Beam"],"picked":"Turbo","floor":3},{"not_picked":["Turbo","Barrage","Conserve Battery"],"picked":"SKIP","floor":5},{"not_picked":["FTL","Coolheaded"],"picked":"Ball Lightning","floor":8},{"not_picked":["Sunder","Hello World"],"picked":"Recycle","floor":11},{"not_picked":["Doom and Gloom","White Noise"],"picked":"Defragment","floor":13}],"player_experience":956906,"relics_obtained":[{"floor":9,"key":"Pen Nib"}],"event_choices":[{"damage_healed":0,"gold_gain":0,"player_choice":"Upgraded","damage_taken":0,"max_hp_gain":0,"max_hp_loss":0,"event_name":"Upgrade Shrine","floor":4,"gold_loss":0,"cards_upgraded":["Dualcast"]},{"damage_healed":0,"gold_gain":0,"player_choice":"Entered Light","damage_taken":19,"max_hp_gain":0,"max_hp_loss":0,"event_name":"Shining Light","floor":7,"gold_loss":0,"cards_upgraded":["Defend_B","Reinforced Body"]},{"damage_healed":0,"gold_gain":0,"player_choice":"Searched \u00271\u0027 times","damage_taken":0,"relics_obtained":["Letter Opener"],"max_hp_gain":0,"max_hp_loss":0,"event_name":"Dead Adventurer","floor":14,"gold_loss":0}],"is_beta":false,"boss_relics":[],"items_purged_floors":[],"is_endless":false,"potions_floor_spawned":[3,8],"killed_by":"Hexaghost","ascension_level":20}