{"gold_per_floor":[113,113,131,131,19,51,70,70,70,70,95,95,95,95,95,200,200,219,219,251,38,27,27,45,56,83,83,115,132,149,149,149,245,245,264,264,282,298,309,309,309],"floor_reached":41,"playtime":2365,"items_purged":["Defend_B"],"score":467,"play_id":"85a8cbdc-0db5-4afb-baea-c5da663e7d3d","local_time":"20180714193015","is_ascension_mode":true,"campfire_choices":[{"data":"Fusion","floor":8.0,"key":"SMITH"},{"floor":10.0,"key":"REST"},{"data":"Zap","floor":12.0,"key":"SMITH"},{"data":"Streamline","floor":15.0,"key":"SMITH"},{"floor":23.0,"key":"REST"},{"data":"Fission","floor":27.0,"key":"SMITH"},{"floor":32.0,"key":"REST"},{"floor":40.0,"key":"REST"}],"neow_cost":"NONE","seed_source_timestamp":0,"circlet_count":0,"master_deck":["Strike_B","Strike_B","Defend_B","Defend_B","Zap+1","Dualcast","Streamline+1","Fusion+1","Steam Power","Cold Snap+1","Streamline+1","Fission+1","Go for the Eyes+1","Turbo","Cold Snap+1","Coolheaded","Flash of Steel+1","Coolheaded","Capacitor","Creative AI","Turbo+1","Writhe"],"special_seed":0,"relics":["Busted Crown","Molten Egg 2","Regal Pillow","Mango","Art of War","Kunai","Lizard Tail","Red Mask","Happy Flower","Sundial","Letter Opener","Empty Cage"],"potions_floor_usage":[41],"damage_taken":[{"damage":1.0,"enemies":"2 Louse","floor":1.0,"turns":2.0},{"damage":0.0,"enemies":"Small Slimes","floor":3.0,"turns":3.0},{"damage":25.0,"enemies":"3 Sentries","floor":6.0,"turns":9.0},{"damage":1.0,"enemies":"Jaw Worm","floor":7.0,"turns":3.0},{"damage":11.0,"enemies":"Gremlin Nob","floor":11.0,"turns":4.0},{"damage":44.0,"enemies":"Hexaghost","floor":16.0,"turns":8.0},{"damage":15.0,"enemies":"Shell Parasite","floor":18.0,"turns":6.0},{"damage":37.0,"floor":20.0,"turns":5.0},{"damage":14.0,"enemies":"2 Thieves","floor":22.0,"turns":4.0},{"damage":13.0,"enemies":"Centurion and Healer","floor":24.0,"turns":6.0},{"damage":2.0,"enemies":"Cultist and Chosen","floor":25.0,"turns":7.0},{"damage":32.0,"enemies":"Book of Stabbing","floor":28.0,"turns":7.0},{"damage":12.0,"enemies":"Snake Plant","floor":29.0,"turns":4.0},{"damage":0.0,"enemies":"3 Cultists","floor":30.0,"turns":5.0},{"damage":61.0,"enemies":"Champ","floor":33.0,"turns":14.0},{"damage":5.0,"enemies":"Flame Bruiser 1 Orb","floor":35.0,"turns":6.0},{"damage":17.0,"enemies":"Orb Walker","floor":37.0,"turns":4.0},{"damage":29.0,"enemies":"3 Darklings","floor":38.0,"turns":7.0},{"damage":25.0,"enemies":"Flame Bruiser 2 Orb","floor":39.0,"turns":9.0},{"damage":120,"enemies":"2 Orb Walkers","floor":41,"turns":6}],"seed_played":"-4891400844580790859","potions_obtained":[{"floor":3.0,"key":"Block Potion"},{"floor":6.0,"key":"Swift Potion"},{"floor":7.0,"key":"SkillPotion"},{"floor":20.0,"key":"PowerPotion"},{"floor":22.0,"key":"Block Potion"},{"floor":25.0,"key":"AttackPotion"},{"floor":28.0,"key":"EntropicBrew"},{"floor":30.0,"key":"EssenceOfSteel"},{"floor":37.0,"key":"Block Potion"},{"floor":39.0,"key":"Block Potion"}],"is_trial":false,"path_per_floor":["M","?","M","?","$","E","M","R","T","R","E","R","T","?","R","B",null,"M","?","?","$","M","R","M","M","T","R","E","M","M","T","R","B",null,"M","?","M","M","M","R"],"character_chosen":"DEFECT","items_purchased":["Fusion","Steam Power","Coolheaded","Flash of Steel+1"],"campfire_rested":4,"item_purchase_floors":[5,5,21,21],"current_hp_per_floor":[74,71,71,71,71,46,45,45,59,89,78,78,78,83,83,39,94,79,79,42,42,28,71,58,56,56,56,24,12,26,26,69,8,94,89,94,77,48,23,66,0],"gold":309,"neow_bonus":"BOSS_RELIC","is_prod":false,"is_daily":false,"chose_seed":false,"campfire_upgraded":4,"win_rate":0.0,"timestamp":1531567815,"path_taken":["M","?","M","?","?","E","M","R","T","R","E","R","?","?","R","BOSS","M","?","?","$","M","R","M","M","T","R","E","M","M","?","R","BOSS","M","?","M","?","M","R","E"],"build_version":"2018-07-12","purchased_purges":1,"victory":false,"max_hp_per_floor":[75,75,75,75,75,75,75,75,89,89,89,89,89,94,94,94,94,94,94,94,94,94,94,94,94,94,94,94,94,94,94,94,94,94,94,94,94,94,94,94,94],"card_choices":[{"not_picked":[],"picked":"Streamline","floor":1.0},{"not_picked":["Rebound+1"],"picked":"SKIP","floor":3.0},{"not_picked":[],"picked":"Cold Snap+1","floor":6.0},{"not_picked":[],"picked":"Streamline+1","floor":7.0},{"not_picked":["Streamline+1"],"picked":"SKIP","floor":11.0},{"not_picked":[],"picked":"Fission","floor":16.0},{"not_picked":[],"picked":"Go for the Eyes+1","floor":18.0},{"not_picked":[],"picked":"Cold Snap+1","floor":20.0},{"not_picked":["Recycle"],"picked":"SKIP","floor":22.0},{"not_picked":[],"picked":"Coolheaded","floor":24.0},{"not_picked":["Redo"],"picked":"SKIP","floor":25.0},{"not_picked":[],"picked":"Capacitor","floor":28.0},{"not_picked":["Reprogram"],"picked":"SKIP","floor":29.0},{"not_picked":["Coolheaded"],"picked":"SKIP","floor":30.0},{"not_picked":[],"picked":"Creative AI","floor":33.0},{"not_picked":[],"picked":"Turbo+1","floor":35.0},{"not_picked":["Gash+1"],"picked":"SKIP","floor":37.0},{"not_picked":["Stack+1"],"picked":"SKIP","floor":38.0},{"not_picked":["Redo"],"picked":"SKIP","floor":39.0}],"player_experience":0,"relics_obtained":[{"floor":6.0,"key":"Regal Pillow"},{"floor":9.0,"key":"Mango"},{"floor":11.0,"key":"Art of War"},{"floor":13.0,"key":"Kunai"},{"floor":20.0,"key":"Red Mask"},{"floor":26.0,"key":"Happy Flower"},{"floor":28.0,"key":"Sundial"},{"floor":31.0,"key":"Letter Opener"}],"event_choices":[{"event_name":"Scrap Ooze","player_choice":"success","floor":2.0,"damage_taken":3.0},{"event_name":"Wheel of Change","player_choice":"Card Removal","floor":4.0,"damage_taken":0.0},{"event_name":"Big Fish","player_choice":"Donut","floor":14.0,"damage_taken":0.0},{"event_name":"The Library","player_choice":"Read","floor":19.0,"damage_taken":0.0},{"event_name":"Masked Bandits","player_choice":"Fought over 219 gold","floor":20.0,"damage_taken":0.0},{"event_name":"Winding Halls","player_choice":"Writhe","floor":36.0,"damage_taken":0.0}],"boss_relics":[{"not_picked":["Tiny House","Velvet Choker"],"picked":"Lizard Tail"},{"not_picked":["Calling Bell","Cursed Key"],"picked":"Empty Cage"}],"items_purged_floors":[21],"is_endless":false,"potions_floor_spawned":[3,6,7,20,22,25,28,30,37,39],"killed_by":"2 Orb Walkers","ascension_level":1}