{"gold_per_floor":[112,124,124,124,142,142,166,166,235,254,29,29,48,66,66,161,161,176,176,94,144,164,164,200,220,288,288,43,43,82,107,107,107],"floor_reached":33,"playtime":928,"items_purged":["Strike_R"],"score":485,"play_id":"c04a9ab9-55e3-4c5f-b4b7-bcfb61b94567","local_time":"20190323123114","is_ascension_mode":true,"campfire_choices":[{"data":"Second Wind","floor":6.0,"key":"SMITH"},{"data":"Armaments","floor":8.0,"key":"SMITH"},{"data":"Whirlwind","floor":12.0,"key":"SMITH"},{"data":"Uppercut","floor":15.0,"key":"SMITH"},{"data":"Immolate","floor":23,"key":"SMITH"},{"data":"Feel No Pain","floor":27,"key":"SMITH"},{"floor":29,"key":"REST"},{"data":"Power Through","floor":32,"key":"SMITH"}],"neow_cost":"NONE","seed_source_timestamp":277936349127,"circlet_count":0,"master_deck":["AscendersBane","Strike_R","Strike_R","Strike_R","Strike_R","Defend_R","Defend_R","Defend_R","Defend_R","Bash","Second Wind+1","Shrug It Off","Armaments+1","Clash","Whirlwind+1","Uppercut+1","Sentinel","Immolate+1","Power Through+1","Entrench","Feel No Pain+1","Second Wind+1"],"special_seed":0,"relics":["Burning Blood","NeowsBlessing","Golden Idol","Kunai","Snecko Eye","Juzu Bracelet","Pantograph","Sundial"],"potions_floor_usage":[16,24,25,33,33],"damage_taken":[{"damage":0.0,"enemies":"2 Louse","floor":1.0,"turns":1.0},{"damage":0.0,"enemies":"Jaw Worm","floor":2.0,"turns":1.0},{"damage":0.0,"enemies":"Cultist","floor":5.0,"turns":1.0},{"damage":3.0,"enemies":"Looter","floor":7.0,"turns":4.0},{"damage":25.0,"enemies":"Exordium Thugs","floor":10.0,"turns":8.0},{"damage":0.0,"enemies":"3 Louse","floor":13.0,"turns":1.0},{"damage":1.0,"enemies":"Red Slaver","floor":14.0,"turns":3.0},{"damage":40,"enemies":"Slime Boss","floor":16,"turns":7},{"damage":0,"enemies":"Spheric Guardian","floor":18,"turns":3},{"damage":8,"enemies":"Shell Parasite","floor":22,"turns":5},{"damage":31,"enemies":"Book of Stabbing","floor":24,"turns":7},{"damage":22,"enemies":"Centurion and Healer","floor":25,"turns":3},{"damage":18,"enemies":"Slavers","floor":30,"turns":3},{"damage":10,"enemies":"Snake Plant","floor":31,"turns":3},{"damage":66,"enemies":"Collector","floor":33,"turns":8}],"seed_played":"-2564243515350673362","potions_obtained":[{"floor":14.0,"key":"Explosive Potion"},{"floor":18,"key":"BloodPotion"},{"floor":19,"key":"Block Potion"},{"floor":24,"key":"SkillPotion"},{"floor":31,"key":"EssenceOfSteel"}],"is_trial":false,"path_per_floor":["M","M","?","?","M","R","M","R","T","M","$","R","M","M","R","B",null,"M","?","$","?","M","R","E","M","T","R","$","R","E","M","R","B"],"character_chosen":"IRONCLAD","items_purchased":["Whirlwind","Uppercut","Entrench","Pantograph"],"campfire_rested":1,"item_purchase_floors":[11,11,20,28],"current_hp_per_floor":[74,75,49,75,75,75,75,75,75,56,56,56,62,67,67,33,65,71,71,71,71,69,69,44,28,28,28,28,50,38,34,34,0],"gold":107,"neow_bonus":"THREE_ENEMY_KILL","is_prod":false,"is_daily":false,"chose_seed":false,"campfire_upgraded":7,"win_rate":0,"timestamp":1553315474,"path_taken":["M","M","?","?","M","R","M","R","T","?","$","R","M","M","R","BOSS","M","?","?","?","?","R","E","M","T","R","$","R","E","M","R","BOSS"],"build_version":"2019-01-23","purchased_purges":1,"victory":false,"max_hp_per_floor":[75,75,75,75,75,75,75,75,75,75,75,75,75,75,75,75,75,75,75,75,75,75,75,75,75,75,75,75,75,75,75,75,75],"card_choices":[{"not_picked":["Perfected Strike","Thunderclap","Flex"],"picked":"SKIP","floor":1.0},{"not_picked":["Infernal Blade","Twin Strike"],"picked":"Second Wind","floor":2.0},{"not_picked":["Reaper","Warcry"],"picked":"Shrug It Off","floor":5.0},{"not_picked":["Twin Strike","Flex"],"picked":"Armaments","floor":7.0},{"not_picked":["Twin Strike","Clash","Sword Boomerang"],"picked":"SKIP","floor":10.0},{"not_picked":["Twin Strike","Sword Boomerang"],"picked":"Clash","floor":10.0},{"not_picked":["Perfected Strike","Exhume","Cleave"],"picked":"SKIP","floor":13.0},{"not_picked":["Perfected Strike","Exhume","Cleave"],"picked":"SKIP","floor":13.0},{"not_picked":["Shrug It Off","Anger"],"picked":"Sentinel","floor":14.0},{"not_picked":["Exhume","Brutality"],"picked":"Immolate","floor":16},{"not_picked":["Disarm","Anger"],"picked":"Power Through","floor":18},{"not_picked":["Flex","Anger","Combust"],"picked":"SKIP","floor":22},{"not_picked":["Juggernaut","Power Through"],"picked":"Feel No Pain","floor":24},{"not_picked":["Armaments+1","Perfected Strike","Combust"],"picked":"SKIP","floor":25},{"not_picked":["Perfected Strike","Metallicize+1","Armaments"],"picked":"SKIP","floor":30},{"not_picked":["Clash","Battle Trance"],"picked":"Second Wind+1","floor":31}],"player_experience":873509,"relics_obtained":[{"floor":9.0,"key":"Kunai"},{"floor":24,"key":"Juzu Bracelet"},{"floor":30,"key":"Sundial"}],"event_choices":[{"damage_healed":0.0,"max_hp_gain":0.0,"max_hp_loss":0.0,"gold_gain":0.0,"event_name":"Golden Idol","player_choice":"Take Damage","floor":3.0,"gold_loss":0.0,"damage_taken":26.0,"relics_obtained":["Golden Idol"]},{"damage_healed":26.0,"max_hp_gain":0.0,"max_hp_loss":0.0,"gold_gain":0.0,"event_name":"Wheel of Change","player_choice":"Full Heal","floor":4.0,"gold_loss":0.0,"damage_taken":0.0},{"damage_healed":0,"gold_gain":0,"player_choice":"Got Potions","damage_taken":0,"max_hp_gain":0,"max_hp_loss":0,"event_name":"Lab","floor":19,"gold_loss":0},{"damage_healed":0,"gold_gain":50,"player_choice":"Pray","damage_taken":0,"max_hp_gain":0,"max_hp_loss":0,"event_name":"Golden Shrine","floor":21,"gold_loss":0}],"is_beta":false,"boss_relics":[{"not_picked":["Cursed Key","Empty Cage"],"picked":"Snecko Eye"}],"items_purged_floors":[11],"is_endless":false,"potions_floor_spawned":[14,18,24,31],"killed_by":"Collector","ascension_level":15}