{"gold_per_floor":[109,119,129,129,54,54,54,54,54,79,79,118,118,139,139,265,265,280,295,0,0,24,24,44,44],"floor_reached":25,"playtime":3615,"items_purged":["Regret","Shame"],"score":244,"play_id":"8e6bb397-a85a-442a-b063-cc2a211e46b0","local_time":"20190809210653","is_ascension_mode":true,"campfire_choices":[{"data":"Defragment","floor":6,"key":"SMITH"},{"data":"Storm","floor":7,"key":"SMITH"},{"data":"Zap","floor":8,"key":"SMITH"},{"floor":11,"key":"REST"},{"data":"Coolheaded","floor":13,"key":"SMITH"},{"data":"Dualcast","floor":15,"key":"SMITH"},{"data":"Doom and Gloom","floor":23,"key":"SMITH"}],"neow_cost":"NONE","seed_source_timestamp":11150804806161,"circlet_count":0,"master_deck":["Strike_B","Strike_B","Strike_B","Strike_B","Defend_B","Defend_B","Defend_B","Defend_B","Zap+1","Dualcast+1","Clumsy","Defragment+1","Storm+1","Glacier","Undo","Coolheaded+1","Static Discharge+1","Creative AI+1","Self Repair+1","Doom and Gloom+1","Capacitor+1","Leap","Sweeping Beam","Darkness","Capacitor+1","Consume"],"relics":["Calling Bell","Centennial Puzzle","Blue Candle","WingedGreaves","Golden Idol","Orichalcum","Frozen Egg 2","Nuclear Battery"],"potions_floor_usage":[12,16,24,25],"damage_taken":[{"damage":8,"enemies":"Small Slimes","floor":1,"turns":4},{"damage":2,"enemies":"2 Louse","floor":2,"turns":3},{"damage":6,"enemies":"Cultist","floor":3,"turns":4},{"damage":8,"enemies":"Large Slime","floor":10,"turns":8},{"damage":7,"enemies":"Gremlin Nob","floor":12,"turns":6},{"damage":13,"enemies":"Red Slaver","floor":14,"turns":3},{"damage":26,"enemies":"Hexaghost","floor":16,"turns":16},{"damage":6,"enemies":"Chosen","floor":18,"turns":4},{"damage":8,"enemies":"Spheric Guardian","floor":19,"turns":4},{"damage":7,"enemies":"Chosen and Byrds","floor":22,"turns":3},{"damage":42,"enemies":"Cultist and Chosen","floor":24,"turns":7},{"damage":35,"enemies":"Gremlin Leader","floor":25,"turns":4}],"seed_played":"3192074927302294290","potions_obtained":[{"floor":1,"key":"FearPotion"},{"floor":10,"key":"SpeedPotion"},{"floor":14,"key":"SteroidPotion"},{"floor":22,"key":"SteroidPotion"},{"floor":24,"key":"Block Potion"}],"is_trial":false,"path_per_floor":["M","M","M","?","$","R","R","R","T","M","R","E","R","M","R","B",null,"M","M","$","?","M","R","M","E"],"character_chosen":"DEFECT","items_purchased":["Capacitor+1","Leap","Fire Potion","Sweeping Beam"],"campfire_rested":1,"item_purchase_floors":[20,20,20,20],"current_hp_per_floor":[67,65,59,41,41,41,41,41,41,33,55,48,48,35,35,9,75,69,71,71,71,64,64,32,0],"gold":44,"neow_bonus":"BOSS_RELIC","is_prod":false,"is_daily":false,"chose_seed":false,"campfire_upgraded":6,"win_rate":0,"timestamp":1565374013,"path_taken":["M","M","M","?","$","R","R","R","T","M","R","E","R","M","R","BOSS","M","M","$","?","?","R","M","E"],"build_version":"2019-07-17","purchased_purges":2,"victory":false,"max_hp_per_floor":[75,75,75,75,75,75,75,75,75,75,75,75,75,75,75,75,75,75,75,75,75,75,75,75,75],"card_choices":[{"not_picked":["Genetic Algorithm","Stack"],"picked":"Defragment","floor":1},{"not_picked":["Static Discharge","Streamline"],"picked":"Storm","floor":2},{"not_picked":["Steam","Conserve Battery"],"picked":"Glacier","floor":3},{"not_picked":["Reboot","Rip and Tear"],"picked":"Undo","floor":10},{"not_picked":["Static Discharge","Sweeping Beam"],"picked":"Coolheaded","floor":12},{"not_picked":["Turbo","Rip and Tear"],"picked":"Static Discharge+1","floor":14},{"not_picked":["All For One","Hyperbeam"],"picked":"Creative AI+1","floor":16},{"not_picked":["Hello World+1","Compile Driver"],"picked":"Self Repair+1","floor":18},{"not_picked":["White Noise","Gash"],"picked":"Doom and Gloom","floor":19},{"not_picked":["Leap","Steam"],"picked":"Capacitor+1","floor":22},{"not_picked":["Amplify","Streamline"],"picked":"Consume","floor":24}],"player_experience":149686,"relics_obtained":[{"floor":0,"key":"Centennial Puzzle"},{"floor":0,"key":"Blue Candle"},{"floor":0,"key":"WingedGreaves"},{"floor":9,"key":"Orichalcum"},{"floor":12,"key":"Frozen Egg 2"}],"event_choices":[{"damage_healed":0,"gold_gain":0,"player_choice":"Take Damage","damage_taken":18,"relics_obtained":["Golden Idol"],"max_hp_gain":0,"max_hp_loss":0,"event_name":"Golden Idol","floor":4,"gold_loss":0},{"damage_healed":0,"gold_gain":0,"player_choice":"1 cards matched","damage_taken":0,"max_hp_gain":0,"max_hp_loss":0,"event_name":"Match and Keep!","floor":21,"gold_loss":0,"cards_obtained":["Darkness"]}],"is_beta":false,"boss_relics":[{"not_picked":["Orrery","Runic Dome"],"picked":"Nuclear Battery"}],"items_purged_floors":[5,20],"is_endless":false,"potions_floor_spawned":[1,10,14,22,24],"killed_by":"Gremlin Leader","ascension_level":4}