{"gold_per_floor":[112,262,262,110,110,110,136,136,136,156,167,192,209,228,228,228],"floor_reached":16,"playtime":469,"items_purged":["Doubt"],"score":175,"play_id":"0d847847-9343-4954-8305-59ecb40ca9e4","local_time":"20190310132416","is_ascension_mode":true,"campfire_choices":[{"data":"Pommel Strike","floor":6,"key":"SMITH"},{"data":"Rampage","floor":8,"key":"SMITH"},{"data":"Strike_R","floor":15,"key":"PURGE"}],"neow_cost":"CURSE","seed_source_timestamp":3286856534698,"circlet_count":0,"master_deck":["AscendersBane","Strike_R","Strike_R","Strike_R","Strike_R","Defend_R+1","Defend_R","Defend_R+1","Defend_R","Bash","Injury","Pommel Strike+1","Rampage+1","Battle Trance","Armaments","Ghostly Armor"],"relics":["Burning Blood","Peace Pipe","Mummified Hand","Nunchaku","Juzu Bracelet"],"potions_floor_usage":[11],"damage_taken":[{"damage":4,"enemies":"2 Louse","floor":1,"turns":4},{"damage":42,"enemies":"Lagavulin","floor":7,"turns":9},{"damage":0,"enemies":"Jaw Worm","floor":10,"turns":3},{"damage":1,"enemies":"Cultist","floor":11,"turns":3},{"damage":0,"enemies":"Exordium Wildlife","floor":13,"turns":4},{"damage":0,"enemies":"Blue Slaver","floor":14,"turns":4},{"damage":44,"enemies":"Hexaghost","floor":16,"turns":12}],"seed_played":"-3284868696692333946","potions_obtained":[{"floor":11,"key":"Fruit Juice"},{"floor":14,"key":"SpeedPotion"}],"is_trial":false,"path_per_floor":["M","?","?","$","?","R","E","R","T","M","M","T","M","M","R","B"],"character_chosen":"IRONCLAD","items_purchased":["Rampage"],"campfire_rested":0,"item_purchase_floors":[4],"current_hp_per_floor":[70,70,75,75,51,51,15,15,15,21,31,31,37,43,43,0],"gold":228,"neow_bonus":"ONE_RARE_RELIC","is_prod":false,"is_daily":false,"chose_seed":false,"campfire_upgraded":2,"win_rate":0,"timestamp":1552195456,"path_taken":["M","?","?","$","?","R","E","R","T","M","M","?","M","M","R","BOSS"],"build_version":"2019-02-06","purchased_purges":1,"victory":false,"max_hp_per_floor":[75,75,80,80,80,80,80,80,80,80,85,85,85,85,85,85],"card_choices":[{"not_picked":["Rampage","Clash"],"picked":"Pommel Strike","floor":1},{"not_picked":["Warcry","Twin Strike"],"picked":"Battle Trance","floor":7},{"not_picked":["Heavy Blade","Pommel Strike","Perfected Strike"],"picked":"SKIP","floor":10},{"not_picked":["Fire Breathing","Juggernaut"],"picked":"Armaments","floor":11},{"not_picked":["Clash","Thunderclap"],"picked":"Ghostly Armor","floor":13},{"not_picked":["Pummel","Havoc","Anger"],"picked":"SKIP","floor":14}],"player_experience":846324,"relics_obtained":[{"floor":7,"key":"Mummified Hand"},{"floor":9,"key":"Nunchaku"},{"floor":12,"key":"Juzu Bracelet"}],"event_choices":[{"damage_healed":0,"gold_gain":150,"player_choice":"AGREE","damage_taken":0,"max_hp_gain":0,"max_hp_loss":0,"event_name":"Liars Game","floor":2,"gold_loss":0,"cards_obtained":["Doubt"]},{"damage_healed":0,"gold_gain":0,"player_choice":"Donut","damage_taken":0,"max_hp_gain":5,"max_hp_loss":0,"event_name":"Big Fish","floor":3,"gold_loss":0},{"damage_healed":0,"gold_gain":0,"player_choice":"Entered Light","damage_taken":24,"max_hp_gain":0,"max_hp_loss":0,"event_name":"Shining Light","floor":5,"gold_loss":0,"cards_upgraded":["Defend_R","Defend_R"]}],"is_beta":true,"boss_relics":[],"items_purged_floors":[4],"is_endless":false,"potions_floor_spawned":[11,14],"killed_by":"Hexaghost","ascension_level":15}