{"gold_per_floor":[110,260,278,289,21,21,35,68,123,44,94,94,109,125,125,125],"floor_reached":16,"playtime":681,"items_purged":["Doubt"],"score":204,"play_id":"7813ab92-807e-4c7e-ba3f-72999d76fd11","local_time":"20180921230306","is_ascension_mode":true,"campfire_choices":[{"data":"Zap","floor":6.0,"key":"SMITH"},{"data":"Tempest","floor":15,"key":"SMITH"}],"neow_cost":"NONE","seed_source_timestamp":12008519254279,"circlet_count":0,"master_deck":["Strike_B","Strike_B","Strike_B","Strike_B","Defend_B","Defend_B","Defend_B","Defend_B","Zap+1","Dualcast","AscendersBane","BootSequence","Hologram","Self Repair","Tempest+1","Blind","Doom and Gloom","Capacitor","Parasite","Sunder","Streamline"],"special_seed":0,"relics":["Velvet Choker","Kunai","Ancient Tea Set"],"potions_floor_usage":[16],"damage_taken":[{"damage":7.0,"enemies":"2 Louse","floor":1.0,"turns":4.0},{"damage":7.0,"enemies":"Small Slimes","floor":3.0,"turns":3.0},{"damage":7.0,"enemies":"Jaw Worm","floor":4.0,"turns":4.0},{"damage":0.0,"enemies":"Looter","floor":7.0,"turns":3.0},{"damage":8.0,"enemies":"Gremlin Nob","floor":8.0,"turns":3.0},{"damage":34,"enemies":"Gremlin Gang","floor":13,"turns":4},{"damage":6,"enemies":"2 Fungi Beasts","floor":14,"turns":4},{"damage":28,"enemies":"The Guardian","floor":16,"turns":8}],"seed_played":"-311110752522432454","potions_obtained":[{"floor":3.0,"key":"Fire Potion"},{"floor":7.0,"key":"Fire Potion"},{"floor":14,"key":"Fire Potion"}],"is_trial":false,"path_per_floor":["M","?","M","M","$","R","M","E","T","$","?","?","M","M","R"],"character_chosen":"DEFECT","items_purchased":["Tempest","Blind","Capacitor"],"campfire_rested":0,"item_purchase_floors":[5,5,10],"current_hp_per_floor":[57,57,50,43,43,43,43,42,42,42,35,52,25,26,26,0],"gold":125,"neow_bonus":"BOSS_RELIC","is_prod":false,"is_daily":false,"chose_seed":false,"campfire_upgraded":2,"win_rate":0,"timestamp":1537542186,"path_taken":["M","?","M","M","$","R","M","E","T","?","?","?","M","M","R","BOSS"],"build_version":"2018-09-20","purchased_purges":1,"victory":false,"max_hp_per_floor":[71,71,71,71,71,71,71,71,71,71,71,71,71,71,71,71],"card_choices":[{"not_picked":["Beam Cell","Conserve Battery"],"picked":"BootSequence","floor":1.0},{"not_picked":["Heatsinks","Beam Cell"],"picked":"Hologram","floor":3.0},{"not_picked":["Conserve Battery","Heatsinks"],"picked":"Self Repair","floor":4.0},{"not_picked":["Gash","Go for the Eyes","Fission"],"picked":"SKIP","floor":7.0},{"not_picked":["Turbo","Tempest"],"picked":"Doom and Gloom","floor":8.0},{"not_picked":["Turbo","Steam"],"picked":"Sunder","floor":13},{"not_picked":["Redo","Tempest"],"picked":"Streamline","floor":14}],"player_experience":373169,"relics_obtained":[{"floor":8.0,"key":"Kunai"},{"floor":9.0,"key":"Ancient Tea Set"}],"event_choices":[{"event_name":"Liars Game","player_choice":"agreed","floor":2.0,"damage_taken":0.0},{"event_name":"FaceTrader","player_choice":"Touch","floor":11,"damage_taken":0},{"event_name":"Mushrooms","player_choice":"Healed and dodged fight","floor":12,"damage_taken":0}],"is_beta":true,"boss_relics":[],"items_purged_floors":[5],"is_endless":false,"potions_floor_spawned":[3,7,14],"killed_by":"The Guardian","ascension_level":20}