{"gold_per_floor":[114,114,40,50,61,61,74,74,152,152,52,68,68,68,68,165,165,184,184,195,207,177,177,26,46,46,71,83,123,135],"floor_reached":30,"playtime":2195,"items_purged":[],"score":242,"play_id":"886fb1e5-29c2-47c1-9280-b8e3040f4969","local_time":"20190809212509","is_ascension_mode":false,"campfire_choices":[{"data":"Zap","floor":6,"key":"SMITH"},{"floor":8,"key":"REST"},{"data":"Hologram","floor":10,"key":"SMITH"},{"data":"Defragment","floor":13,"key":"SMITH"},{"data":"Biased Cognition","floor":15,"key":"SMITH"},{"floor":23,"key":"REST"}],"neow_cost":"CURSE","seed_source_timestamp":177288954649806,"circlet_count":0,"master_deck":["Strike_B+1","Strike_B+1","Strike_B+1","Defend_B+1","Defend_B+1","Defend_B+1","Zap+1","Dualcast","Writhe","Compile Driver","Biased Cognition+1","Defragment+1","Ball Lightning","Hologram+1","Gash","Ball Lightning","Multi-Cast","Coolheaded","Capacitor+1","Gash+1","Hologram+1","Gash"],"relics":["Cracked Core","Shuriken","Velvet Choker","PreservedInsect","MawBank","Ancient Tea Set"],"potions_floor_usage":[19,20,25,27,29],"damage_taken":[{"damage":6,"enemies":"Jaw Worm","floor":1,"turns":3},{"damage":6,"enemies":"2 Louse","floor":4,"turns":2},{"damage":0,"enemies":"Cultist","floor":5,"turns":2},{"damage":4,"enemies":"Blue Slaver","floor":7,"turns":3},{"damage":1,"enemies":"2 Fungi Beasts","floor":12,"turns":2},{"damage":44,"enemies":"Hexaghost","floor":16,"turns":5},{"damage":5,"enemies":"Chosen","floor":18,"turns":3},{"damage":0,"enemies":"2 Thieves","floor":19,"turns":1},{"damage":16,"enemies":"Shelled Parasite and Fungi","floor":20,"turns":3},{"damage":10,"enemies":"Chosen and Byrds","floor":21,"turns":4},{"damage":9,"enemies":"3 Cultists","floor":25,"turns":4},{"damage":13,"enemies":"Centurion and Healer","floor":27,"turns":4},{"damage":30,"enemies":"Slavers","floor":29,"turns":4},{"damage":14,"enemies":"Snake Plant","floor":30,"turns":2}],"seed_played":"-2463028002084455386","potions_obtained":[{"floor":5,"key":"SteroidPotion"},{"floor":7,"key":"Fire Potion"},{"floor":22,"key":"Dexterity Potion"},{"floor":22,"key":"SkillPotion"},{"floor":27,"key":"AttackPotion"}],"is_trial":false,"path_per_floor":["M","?","$","M","M","R","M","R","T","R","$","M","R","?","R","B",null,"M","M","M","M","?","R","$","M","T","M","?","E","M"],"character_chosen":"DEFECT","items_purchased":["Ball Lightning","Hologram","SmokeBomb","PreservedInsect"],"campfire_rested":2,"item_purchase_floors":[3,3,11,24],"current_hp_per_floor":[69,54,54,48,48,48,44,66,66,66,66,65,65,65,65,21,75,70,70,54,44,44,66,66,57,57,44,44,14,0],"gold":135,"neow_bonus":"TRANSFORM_TWO_CARDS","is_prod":false,"is_daily":false,"chose_seed":false,"campfire_upgraded":4,"win_rate":0.0,"timestamp":1565400309,"path_taken":["M","?","$","M","M","R","M","R","T","R","$","M","R","?","R","BOSS","M","M","M","M","?","R","$","M","T","?","?","E","M"],"build_version":"2019-07-17","purchased_purges":0,"victory":false,"max_hp_per_floor":[75,75,75,75,75,75,75,75,75,75,75,75,75,75,75,75,75,75,75,75,75,75,75,75,75,75,75,75,75,75],"card_choices":[{"not_picked":["Skim","Blizzard"],"picked":"Defragment","floor":1},{"not_picked":["Redo","Skim","Gash"],"picked":"SKIP","floor":4},{"not_picked":["Rip and Tear","Double Energy"],"picked":"Gash","floor":5},{"not_picked":["Buffer","Sweeping Beam","Beam Cell"],"picked":"SKIP","floor":7},{"not_picked":["Steam","Aggregate"],"picked":"Ball Lightning","floor":12},{"not_picked":["Thunder Strike","Rainbow"],"picked":"Multi-Cast","floor":16},{"not_picked":["Beam Cell","White Noise+1"],"picked":"Coolheaded","floor":18},{"not_picked":["Streamline","Chill+1"],"picked":"Capacitor+1","floor":20},{"not_picked":["Self Repair","Streamline","Storm"],"picked":"SKIP","floor":21},{"not_picked":["Compile Driver","Cold Snap"],"picked":"Gash+1","floor":25},{"not_picked":["Streamline","Melter"],"picked":"Hologram+1","floor":27},{"not_picked":["Defragment","Seek"],"picked":"Gash","floor":29}],"player_experience":36155,"relics_obtained":[{"floor":9,"key":"Shuriken"},{"floor":26,"key":"MawBank"},{"floor":29,"key":"Ancient Tea Set"}],"event_choices":[{"damage_healed":0,"gold_gain":0,"player_choice":"Entered Light","damage_taken":15,"max_hp_gain":0,"max_hp_loss":0,"event_name":"Shining Light","floor":2,"gold_loss":0,"cards_upgraded":["Strike_B","Strike_B"]},{"damage_healed":0,"gold_gain":0,"player_choice":"Searched \u00271\u0027 times","damage_taken":0,"max_hp_gain":0,"max_hp_loss":0,"event_name":"Dead Adventurer","floor":14,"gold_loss":0},{"damage_healed":0,"gold_gain":0,"player_choice":"Bought 2 Potions","damage_taken":0,"max_hp_gain":0,"max_hp_loss":0,"event_name":"The Woman in Blue","floor":22,"gold_loss":0},{"damage_healed":0,"gold_gain":0,"player_choice":"Simplicity","damage_taken":0,"max_hp_gain":0,"max_hp_loss":0,"event_name":"Back to Basics","floor":28,"gold_loss":0,"cards_upgraded":["Strike_B","Defend_B","Defend_B","Defend_B"]}],"is_beta":false,"boss_relics":[{"not_picked":["FrozenCore","White Beast Statue"],"picked":"Velvet Choker"}],"items_purged_floors":[],"is_endless":false,"potions_floor_spawned":[5,7,18,19,27],"killed_by":"Snake Plant","ascension_level":0}