{"gold_per_floor":[115,131,148,2,19,44,44,71,71,87,87,87,117,132,132,227,227,243,243,168,0,20,20,66,66,90,90,100,100,0,16,16,114,114,134,134,9,9,9,9,35,35,58,71,71,33,33,51,51,51],"floor_reached":51,"playtime":13553,"items_purged":["Dualcast","Strike_B","Defend_B"],"score":705,"play_id":"54dbefd8-0737-45a9-9cda-dcfef61047e4","local_time":"20190808223029","is_ascension_mode":true,"campfire_choices":[{"data":"Streamline","floor":7,"key":"SMITH"},{"data":"Coolheaded","floor":12,"key":"SMITH"},{"data":"Recycle","floor":15,"key":"SMITH"},{"data":"Go for the Eyes","floor":23,"key":"SMITH"},{"data":"Defragment","floor":27,"key":"SMITH"},{"data":"Cold Snap","floor":29,"key":"SMITH"},{"data":"Zap","floor":32,"key":"SMITH"},{"data":"Echo Form","floor":40,"key":"SMITH"},{"data":"Hologram","floor":42,"key":"SMITH"},{"data":"Coolheaded","floor":45,"key":"SMITH"},{"data":"Loop","floor":47,"key":"SMITH"},{"floor":49,"key":"REST"}],"neow_cost":"NONE","seed_source_timestamp":461540803965,"circlet_count":0,"master_deck":["Strike_B","Strike_B","Defend_B","Defend_B","Zap+1","Coolheaded+1","Cold Snap+1","Hologram","Streamline+1","Self Repair","Consume+1","Hologram+1","Defragment+1","Recycle+1","Electrodynamics","Go for the Eyes+1","Lockon","Coolheaded+1","Echo Form+1","Flash of Steel","Loop+1"],"relics":["Runic Pyramid"],"potions_floor_usage":[8,13,16,16,18,31,41,44,50,50],"damage_taken":[{"damage":1,"enemies":"Cultist","floor":1,"turns":3},{"damage":0,"enemies":"Small Slimes","floor":2,"turns":4},{"damage":2,"enemies":"Jaw Worm","floor":3,"turns":5},{"damage":11,"enemies":"3 Louse","floor":5,"turns":5},{"damage":11,"enemies":"3 Sentries","floor":6,"turns":9},{"damage":7,"enemies":"Lagavulin","floor":8,"turns":9},{"damage":4,"enemies":"Looter","floor":10,"turns":4},{"damage":13,"enemies":"3 Sentries","floor":13,"turns":9},{"damage":3,"enemies":"2 Fungi Beasts","floor":14,"turns":4},{"damage":8,"enemies":"Hexaghost","floor":16,"turns":10},{"damage":9,"enemies":"Chosen","floor":18,"turns":6},{"damage":28,"enemies":"2 Thieves","floor":22,"turns":4},{"damage":1,"enemies":"Snake Plant","floor":28,"turns":4},{"damage":2,"enemies":"Sentry and Sphere","floor":31,"turns":8},{"damage":7,"enemies":"Collector","floor":33,"turns":9},{"damage":19,"enemies":"3 Darklings","floor":35,"turns":4},{"damage":3,"enemies":"Giant Head","floor":41,"turns":7},{"damage":9,"enemies":"3 Shapes","floor":44,"turns":4},{"damage":29,"enemies":"3 Darklings","floor":48,"turns":5},{"damage":21,"enemies":"Time Eater","floor":50,"turns":14}],"seed_played":"6318405519851271762","potions_obtained":[{"floor":3,"key":"Ancient Potion"},{"floor":5,"key":"Dexterity Potion"},{"floor":13,"key":"Block Potion"},{"floor":14,"key":"FearPotion"},{"floor":16,"key":"Swift Potion"},{"floor":18,"key":"Regen Potion"},{"floor":22,"key":"Fire Potion"},{"floor":35,"key":"Energy Potion"},{"floor":48,"key":"Poison Potion"}],"is_trial":false,"path_per_floor":["M","M","M","$","M","E","R","E","T","M","?","R","E","M","R","B",null,"M","?","?","?","M","R","T","?","T","R","M","R","$","M","R","B",null,"M","?","$","?","$","R","E","R","T","M","R","$","R","M","R","B",null],"character_chosen":"DEFECT","items_purchased":["Streamline","Poison Potion","Loop"],"campfire_rested":1,"item_purchase_floors":[4,4,46],"current_hp_per_floor":[74,74,72,72,61,57,57,57,57,53,53,53,47,51,51,50,75,73,73,73,73,52,52,52,52,52,52,51,51,51,71,71,64,75,56,56,56,56,56,56,60,60,60,65,65,65,65,36,58,37],"gold":51,"neow_bonus":"BOSS_RELIC","is_prod":false,"is_daily":false,"chose_seed":false,"campfire_upgraded":11,"win_rate":0,"timestamp":1565292629,"path_taken":["M","?","M","$","M","E","R","E","T","M","?","R","E","M","R","BOSS","M","?","?","?","M","R","?","?","T","R","?","R","?","M","R","BOSS","M","?","$","?","?","R","E","R","T","M","R","$","R","M","R","BOSS"],"build_version":"2019-07-17","purchased_purges":3,"victory":true,"max_hp_per_floor":[75,75,75,75,75,75,75,75,75,75,75,75,75,75,75,75,75,75,75,75,75,75,75,75,75,75,75,75,75,75,75,75,75,75,75,75,75,75,75,75,75,75,75,75,75,75,75,75,75,75],"card_choices":[{"not_picked":["Recycle","FTL"],"picked":"Coolheaded","floor":1},{"not_picked":["Static Discharge","Compile Driver"],"picked":"Cold Snap","floor":2},{"not_picked":["Redo","Leap"],"picked":"Hologram","floor":3},{"not_picked":["Conserve Battery","Auto Shields"],"picked":"Self Repair","floor":5},{"not_picked":["Sweeping Beam","Steam","Leap"],"picked":"SKIP","floor":6},{"not_picked":["Skim","Turbo"],"picked":"Consume","floor":8},{"not_picked":["Steam Power","Creative AI"],"picked":"Hologram","floor":10},{"not_picked":["Undo","Steam"],"picked":"Defragment","floor":13},{"not_picked":["Rebound","Hologram"],"picked":"Recycle","floor":14},{"not_picked":["Echo Form","Multi-Cast"],"picked":"Electrodynamics","floor":16},{"not_picked":["Compile Driver","Tempest"],"picked":"Go for the Eyes","floor":18},{"not_picked":["Steam","Turbo"],"picked":"Coolheaded","floor":22},{"not_picked":["Force Field","Reprogram","Chaos"],"picked":"SKIP","floor":28},{"not_picked":["Hello World","Recycle","Go for the Eyes"],"picked":"SKIP","floor":31},{"not_picked":["Thunder Strike","Rainbow"],"picked":"Echo Form","floor":33},{"not_picked":["Darkness+1","Turbo","Force Field+1"],"picked":"SKIP","floor":35},{"not_picked":["Jack Of All Trades","Swift Strike"],"picked":"Flash of Steel","floor":36},{"not_picked":["Ball Lightning","Double Energy","Leap"],"picked":"SKIP","floor":41},{"not_picked":["BootSequence","Rebound+1","Go for the Eyes"],"picked":"SKIP","floor":44},{"not_picked":["Redo","Barrage+1","Tempest"],"picked":"SKIP","floor":48}],"player_experience":125832,"relics_obtained":[],"event_choices":[{"damage_healed":0,"gold_gain":0,"player_choice":"Grow","damage_taken":0,"max_hp_gain":0,"max_hp_loss":0,"event_name":"Living Wall","floor":11,"gold_loss":0,"cards_upgraded":["Consume"]},{"damage_healed":0,"gold_gain":0,"cards_transformed":["Defend_B","Strike_B"],"player_choice":"Became Test Subject","damage_taken":0,"max_hp_gain":0,"max_hp_loss":0,"event_name":"Drug Dealer","floor":19,"gold_loss":0,"cards_obtained":["Fission","Lockon"]},{"cards_removed":["Fission"],"damage_healed":0,"gold_gain":0,"player_choice":"Gave Gold","damage_taken":0,"max_hp_gain":0,"max_hp_loss":0,"event_name":"Beggar","floor":20,"gold_loss":75},{"damage_healed":0,"gold_gain":0,"player_choice":"Paid Fearfully","damage_taken":0,"max_hp_gain":0,"max_hp_loss":0,"event_name":"Masked Bandits","floor":21,"gold_loss":168},{"damage_healed":0,"gold_gain":0,"player_choice":"Ignored","damage_taken":0,"max_hp_gain":0,"max_hp_loss":0,"event_name":"The Mausoleum","floor":25,"gold_loss":0},{"damage_healed":0,"gold_gain":0,"player_choice":"Memory 1","damage_taken":0,"max_hp_gain":0,"max_hp_loss":0,"event_name":"SensoryStone","floor":36,"gold_loss":0},{"damage_healed":0,"gold_gain":0,"player_choice":"Ignored","damage_taken":0,"max_hp_gain":0,"max_hp_loss":0,"event_name":"Mysterious Sphere","floor":38,"gold_loss":0}],"is_beta":false,"boss_relics":[{"not_picked":["Velvet Choker","Orrery","Black Star"]},{"not_picked":["Lizard Tail","Fusion Hammer","Astrolabe"]}],"items_purged_floors":[4,30,37],"is_endless":false,"potions_floor_spawned":[3,5,13,14,16,18,22,28,35,48],"ascension_level":2}