{"gold_per_floor":[109,121,202,216,291,322,339,339,364,117,117,117,90,100,100,205,205,221,221,221,231,231,231,231,231,258,282,296,296,312,322,322,427,477,492,299,0,51,68,68,143,172,172,17,29,29,29,46,46,46],"floor_reached":50,"playtime":2406,"items_purged":[],"score":543,"play_id":"7ce70035-0bfd-4d57-b0c8-33e4c693b9d0","local_time":"20180721172321","is_ascension_mode":false,"campfire_choices":[{"data":"Sword Boomerang","floor":8.0,"key":"SMITH"},{"data":"Perfected Strike","floor":15.0,"key":"SMITH"},{"floor":24.0,"key":"REST"},{"data":"Perfected Strike","floor":29.0,"key":"SMITH"},{"data":"Warcry","floor":32.0,"key":"SMITH"},{"floor":40.0,"key":"REST"},{"floor":47.0,"key":"DIG"},{"data":"Second Wind","floor":49.0,"key":"SMITH"}],"neow_cost":"TEN_PERCENT_HP_LOSS","seed_source_timestamp":28721623554985,"circlet_count":0,"master_deck":["Strike_R+1","Strike_R+1","Strike_R+1","Strike_R+1","Strike_R+1","Defend_R+1","Defend_R+1","Defend_R+1","Bash","Iron Wave+1","Perfected Strike+1","Warcry+1","Sword Boomerang+1","Perfected Strike+1","Apotheosis+1","Shrug It Off","Dropkick","Feed","Twin Strike+1","Iron Wave","Perfected Strike+1","Burning Pact","Offering","Spot Weakness","Spot Weakness","Flex","Pommel Strike","Pommel Strike+1","Clothesline","Flex","Doubt","Second Wind+1"],"special_seed":0,"relics":["Burning Blood","Ice Cream","Paper Frog","Dodecahedron","Juzu Bracelet","MawBank","Runic Cube","Gremlin Horn","Art of War","Orichalcum","Tiny House","Dream Catcher","Red Mask","Shovel","Letter Opener","Calipers","Meat on the Bone","Strawberry","Bag of Marbles"],"potions_floor_usage":[50],"damage_taken":[{"damage":5.0,"enemies":"Cultist","floor":1.0,"turns":4.0},{"damage":3.0,"enemies":"Jaw Worm","floor":2.0,"turns":4.0},{"damage":5.0,"enemies":"Small Slimes","floor":4.0,"turns":3.0},{"damage":23.0,"enemies":"3 Sentries","floor":6.0,"turns":9.0},{"damage":0.0,"enemies":"Exordium Wildlife","floor":7.0,"turns":2.0},{"damage":0.0,"enemies":"2 Fungi Beasts","floor":14.0,"turns":2.0},{"damage":45.0,"enemies":"The Guardian","floor":16.0,"turns":11.0},{"damage":23.0,"enemies":"Shell Parasite","floor":18.0,"turns":4.0},{"damage":10.0,"enemies":"Chosen","floor":21.0,"turns":3.0},{"damage":17.0,"enemies":"Sentry and Sphere","floor":28.0,"turns":5.0},{"damage":8.0,"enemies":"Snecko","floor":30.0,"turns":3.0},{"damage":4.0,"enemies":"Cultist and Chosen","floor":31.0,"turns":3.0},{"damage":32.0,"enemies":"Champ","floor":33.0,"turns":9.0},{"damage":34.0,"enemies":"Flame Bruiser 1 Orb","floor":35.0,"turns":5.0},{"damage":34.0,"floor":38.0,"turns":5.0},{"damage":5.0,"enemies":"Orb Walker","floor":39.0,"turns":2.0},{"damage":81.0,"enemies":"Giant Head","floor":42.0,"turns":9.0},{"damage":11.0,"enemies":"Sphere and 2 Shapes","floor":45.0,"turns":11.0},{"damage":12.0,"enemies":"Spire Growth","floor":48.0,"turns":2.0},{"damage":114,"enemies":"Awakened One","floor":50,"turns":6}],"seed_played":"4663948392966830437","potions_obtained":[{"floor":6.0,"key":"Fire Potion"},{"floor":14.0,"key":"EssenceOfSteel"},{"floor":16.0,"key":"Weak Potion"},{"floor":28.0,"key":"Block Potion"},{"floor":30.0,"key":"Strength Potion"},{"floor":33.0,"key":"Swift Potion"},{"floor":34.0,"key":"Regen Potion"},{"floor":38.0,"key":"LiquidBronze"}],"is_trial":false,"path_per_floor":["M","M","T","M","T","E","M","R","T","$","?","?","$","M","R","B",null,"M","?","?","M","?","?","R","T","T","T","M","R","M","M","R","B",null,"M","$","?","?","M","R","T","E","T","$","M","?","R","M","R"],"character_chosen":"IRONCLAD","items_purchased":["Apotheosis","Shrug It Off","True Grit","Flex","Dream Catcher","Strawberry"],"campfire_rested":2,"item_purchase_floors":[10,10,13,36,36,44],"current_hp_per_floor":[72,72,72,72,72,55,61,61,61,61,54,54,54,60,60,21,72,59,52,52,52,37,37,62,62,62,62,55,55,53,55,55,29,94,66,66,66,51,55,85,85,10,10,17,28,112,112,106,106,0],"gold":46,"neow_bonus":"ONE_RARE_RELIC","is_prod":false,"is_daily":false,"chose_seed":false,"campfire_upgraded":5,"win_rate":0,"timestamp":1532165001,"path_taken":["M","M","?","?","?","E","M","R","T","$","?","?","$","M","R","BOSS","M","?","?","M","?","?","R","?","T","?","M","R","M","M","R","BOSS","M","$","?","?","M","R","?","E","T","?","M","?","R","M","R","BOSS"],"build_version":"2018-07-19v2","purchased_purges":0,"victory":false,"max_hp_per_floor":[72,72,72,72,72,72,72,72,72,72,72,72,72,72,72,72,72,76,76,76,80,85,85,85,85,85,85,89,89,89,89,89,89,94,94,94,94,98,101,101,101,101,101,108,112,112,112,112,112,115],"card_choices":[{"not_picked":["Flex","Sword Boomerang"],"picked":"Iron Wave","floor":1.0},{"not_picked":["Hemokinesis","Dual Wield"],"picked":"Perfected Strike","floor":2.0},{"not_picked":["Body Slam","Burning Pact"],"picked":"Warcry","floor":4.0},{"not_picked":["Clothesline","Blood for Blood"],"picked":"Sword Boomerang","floor":6.0},{"not_picked":["Anger","Ghostly Armor"],"picked":"Perfected Strike","floor":7.0},{"not_picked":["Power Through","Clothesline"],"picked":"Dropkick","floor":14.0},{"not_picked":["Demon Form","Fiend Fire"],"picked":"Feed","floor":16.0},{"not_picked":["Headbutt","True Grit","Feel No Pain"],"picked":"SKIP","floor":18.0},{"not_picked":["Sword Boomerang","Thunderclap"],"picked":"Twin Strike+1","floor":21.0},{"not_picked":["Rupture","Headbutt"],"picked":"Perfected Strike+1","floor":28.0},{"not_picked":["Armaments+1","Warcry","Iron Wave"],"picked":"SKIP","floor":30.0},{"not_picked":["Entrench","Warcry+1"],"picked":"Burning Pact","floor":31.0},{"not_picked":["Fiend Fire","Barricade"],"picked":"Offering","floor":33.0},{"not_picked":["Clothesline","Clash"],"picked":"Spot Weakness","floor":34.0},{"not_picked":["Dual Wield+1","Second Wind"],"picked":"Spot Weakness","floor":35.0},{"not_picked":["Anger+1","Feel No Pain+1"],"picked":"Pommel Strike","floor":38.0},{"not_picked":["Hemokinesis+1","Sword Boomerang+1"],"picked":"Pommel Strike+1","floor":39.0},{"not_picked":["Dropkick+1","Cleave+1"],"picked":"Clothesline","floor":42.0},{"not_picked":["Warcry+1","Twin Strike+1"],"picked":"Flex","floor":45.0},{"not_picked":["Clothesline","Barricade"],"picked":"Second Wind","floor":48.0}],"player_experience":141141,"relics_obtained":[{"floor":3.0,"key":"Paper Frog"},{"floor":5.0,"key":"Dodecahedron"},{"floor":6.0,"key":"Juzu Bracelet"},{"floor":9.0,"key":"MawBank"},{"floor":25.0,"key":"Gremlin Horn"},{"floor":26.0,"key":"Art of War"},{"floor":27.0,"key":"Orichalcum"},{"floor":38.0,"key":"Shovel"},{"floor":41.0,"key":"Letter Opener"},{"floor":42.0,"key":"Calipers"},{"floor":43.0,"key":"Meat on the Bone"},{"floor":47.0,"key":"Bag of Marbles"}],"event_choices":[{"event_name":"Golden Wing","player_choice":"Card Removal","floor":11.0,"damage_taken":0.0},{"event_name":"Living Wall","player_choice":"Grow","floor":12.0,"damage_taken":0.0},{"event_name":"Knowing Skull","player_choice":"","floor":19.0,"damage_taken":0.0},{"event_name":"Back to Basics","player_choice":"Simplicity","floor":20.0,"damage_taken":0.0},{"event_name":"Forgotten Altar","player_choice":"Shed Blood","floor":22.0,"damage_taken":0.0},{"event_name":"Transmorgrifier","player_choice":"Transform","floor":23.0,"damage_taken":0.0},{"event_name":"Tomb of Lord Red Mask","player_choice":"Paid","floor":37.0,"damage_taken":0.0},{"event_name":"Mysterious Sphere","player_choice":"Fight","floor":38.0,"damage_taken":0.0},{"event_name":"MindBloom","player_choice":"Heal","floor":46.0,"damage_taken":0.0}],"is_beta":false,"boss_relics":[{"not_picked":["Pandora\u0027s Box","Cursed Key"],"picked":"Runic Cube"},{"not_picked":["Snecko Eye","Empty Cage"],"picked":"Tiny House"}],"items_purged_floors":[],"is_endless":false,"potions_floor_spawned":[6,14,16,28,30,33,35,38],"killed_by":"Awakened One","ascension_level":0}