{"gold_per_floor":[117,137,62,62,212,242,167,167,194,31,31,45,64,139,139,213,213,166,216,242,89,89,89,116,129,129,139,139,139,64,64,64,136,136,150,150,150,167,267,299,299,327,327,343,343,363,395,405,405,405,405],"floor_reached":52,"playtime":2576,"items_purged":["Doubt","Strike_G"],"score":2433,"play_id":"fe729525-2540-4beb-9171-55091fa2980f","local_time":"20181231232419","is_ascension_mode":true,"campfire_choices":[{"data":"Deadly Poison","floor":8.0,"key":"SMITH"},{"data":"Catalyst","floor":11.0,"key":"SMITH"},{"data":"Neutralize","floor":15.0,"key":"SMITH"},{"data":"Well Laid Plans","floor":23.0,"key":"SMITH"},{"floor":29.0,"key":"REST"},{"data":"Calculated Gamble","floor":32.0,"key":"SMITH"},{"floor":41.0,"key":"REST"},{"data":"Night Terror","floor":45.0,"key":"SMITH"},{"floor":49.0,"key":"REST"}],"neow_cost":"NONE","seed_source_timestamp":747327319475,"circlet_count":0,"master_deck":["AscendersBane","Defend_G","Defend_G","Defend_G","Defend_G","Survivor","Neutralize+1","Deadly Poison+1","Escape Plan","Catalyst+1","Bouncing Flask","Well Laid Plans+1","PiercingWail+1","Catalyst+1","Calculated Gamble+1","Leg Sweep","Night Terror+1","All Out Attack+1","Catalyst+1","Dodge and Roll+1","Backflip","Backflip+1","Adrenaline"],"special_seed":0,"relics":["Ring of the Snake","NeowsBlessing","Ice Cream","Oddly Smooth Stone","Runic Dome","Thread and Needle","Dodecahedron","Astrolabe","StoneCalendar","Potion Belt","Singing Bowl","The Specimen","Dream Catcher"],"potions_floor_usage":[50,51,51,51],"damage_taken":[{"damage":0.0,"enemies":"Jaw Worm","floor":1.0,"turns":1.0},{"damage":0.0,"enemies":"2 Louse","floor":2.0,"turns":1.0},{"damage":0.0,"enemies":"Lagavulin","floor":6.0,"turns":1.0},{"damage":0.0,"enemies":"Cultist","floor":12.0,"turns":2.0},{"damage":0.0,"enemies":"Blue Slaver","floor":13.0,"turns":3.0},{"damage":0.0,"enemies":"Hexaghost","floor":16.0,"turns":7.0},{"damage":13.0,"enemies":"2 Thieves","floor":18.0,"turns":5.0},{"damage":34.0,"enemies":"Slavers","floor":24.0,"turns":6.0},{"damage":5.0,"enemies":"Shell Parasite","floor":25.0,"turns":2.0},{"damage":0.0,"enemies":"Snecko","floor":27.0,"turns":2.0},{"damage":0.0,"enemies":"Collector","floor":33.0,"turns":3.0},{"damage":0.0,"enemies":"3 Shapes","floor":35.0,"turns":5.0},{"damage":15.0,"enemies":"3 Darklings","floor":38.0,"turns":7.0},{"damage":0.0,"enemies":"Mind Bloom Boss Battle","floor":39.0,"turns":2.0},{"damage":30.0,"enemies":"Reptomancer","floor":40.0,"turns":3.0},{"damage":0.0,"enemies":"Nemesis","floor":42.0,"turns":5.0},{"damage":0.0,"enemies":"Writhing Mass","floor":44.0,"turns":3.0},{"damage":5.0,"enemies":"4 Shapes","floor":46.0,"turns":4.0},{"damage":1.0,"enemies":"Reptomancer","floor":47.0,"turns":2.0},{"damage":0.0,"enemies":"Spire Growth","floor":48.0,"turns":2.0},{"damage":0,"enemies":"Time Eater","floor":50,"turns":3},{"damage":0,"enemies":"Donu and Deca","floor":51,"turns":4}],"seed_played":"2975773751089546723","potions_obtained":[{"floor":13.0,"key":"Weak Potion"},{"floor":16.0,"key":"Dexterity Potion"},{"floor":25.0,"key":"PowerPotion"},{"floor":35.0,"key":"Weak Potion"},{"floor":46.0,"key":"Weak Potion"},{"floor":47.0,"key":"Dexterity Potion"},{"floor":48.0,"key":"GamblersBrew"}],"is_trial":false,"path_per_floor":["M","M","$","?","?","E","$","R","T","$","R","M","M","?","R","B","M","?","T","$","?","R","E","M","T","M","?","R","?","?","R","B",null,"M","?","?","R","T","R","E","M","R","B",null],"character_chosen":"THE_SILENT","items_purchased":["Catalyst","Bouncing Flask","Well Laid Plans","SkillPotion"],"campfire_rested":3,"item_purchase_floors":[3,10,10,21],"current_hp_per_floor":[59,59,59,52,52,52,52,52,52,52,52,52,52,41,41,41,60,47,47,47,47,47,47,13,8,8,8,8,27,27,27,27,27,56,56,56,56,41,41,11,29,29,29,31,31,26,27,29,51,51,51],"gold":405,"neow_bonus":"THREE_ENEMY_KILL","is_prod":false,"is_daily":false,"chose_seed":false,"campfire_upgraded":6,"win_rate":0,"timestamp":1546269859,"path_taken":["M","M","$","?","?","E","$","R","T","?","R","M","?","?","R","BOSS","M","?","?","$","?","R","E","?","T","M","?","R","?","?","R","BOSS","M","?","?","M","?","E","R","E","T","M","R","M","E","M","R","BOSS","BOSS"],"build_version":"2018-12-25","purchased_purges":2,"victory":true,"max_hp_per_floor":[66,66,66,66,66,66,66,66,66,66,66,66,66,66,66,66,66,66,66,66,66,66,66,66,66,66,66,66,66,66,66,66,66,66,66,66,63,63,63,63,63,63,63,65,65,65,67,69,71,71,71],"card_choices":[{"not_picked":["Dagger Spray","Poisoned Stab"],"picked":"Deadly Poison","floor":1.0},{"not_picked":["Finisher","Dodge and Roll"],"picked":"Escape Plan","floor":2.0},{"not_picked":["Prepared","Deflect","Backstab"],"picked":"SKIP","floor":6.0},{"not_picked":["Deadly Poison","Quick Slash","Cloak And Dagger"],"picked":"SKIP","floor":12.0},{"not_picked":["Venomology","Dodge and Roll","Blade Dance"],"picked":"SKIP","floor":13.0},{"not_picked":["Venomology","Dodge and Roll","Blade Dance"],"picked":"SKIP","floor":13.0},{"not_picked":["Caltrops","Distraction"],"picked":"PiercingWail+1","floor":18.0},{"not_picked":["Escape Plan","Outmaneuver"],"picked":"Calculated Gamble","floor":24.0},{"not_picked":["Slice","PiercingWail","Dodge and Roll"],"picked":"SKIP","floor":25.0},{"not_picked":["Dagger Throw","Bane"],"picked":"Leg Sweep","floor":27.0},{"not_picked":["Storm of Steel","Adrenaline"],"picked":"Night Terror","floor":33.0},{"not_picked":["Cloak And Dagger","Poisoned Stab","Caltrops"],"picked":"SKIP","floor":35.0},{"not_picked":["Dodge and Roll","Calculated Gamble+1"],"picked":"Backflip","floor":38.0},{"not_picked":["Flying Knee","Concentrate+1","Outmaneuver"],"picked":"SKIP","floor":40.0},{"not_picked":["Tactician","Dagger Throw"],"picked":"Backflip+1","floor":42.0},{"not_picked":["PiercingWail","Cloak And Dagger","Riddle With Holes"],"picked":"Singing Bowl","floor":44.0},{"not_picked":["Leg Sweep","Slice+1"],"picked":"Adrenaline","floor":46.0},{"not_picked":["Quick Slash+1","Setup","Slice+1"],"picked":"Singing Bowl","floor":47.0},{"not_picked":["Deadly Poison","Acrobatics+1","Quick Slash"],"picked":"Singing Bowl","floor":48.0},{"not_picked":["Acrobatics","Cloak And Dagger","Dagger Throw"],"picked":"Singing Bowl","floor":49.0}],"player_experience":660345,"relics_obtained":[{"floor":6.0,"key":"Ice Cream"},{"floor":9.0,"key":"Oddly Smooth Stone"},{"floor":24.0,"key":"Thread and Needle"},{"floor":26.0,"key":"Dodecahedron"},{"floor":39.0,"key":"StoneCalendar"},{"floor":40.0,"key":"Potion Belt"},{"floor":42.0,"key":"Singing Bowl"},{"floor":43.0,"key":"The Specimen"},{"floor":47.0,"key":"Dream Catcher"}],"event_choices":[{"cards_removed":["Strike_G"],"damage_healed":0.0,"max_hp_gain":0.0,"max_hp_loss":0.0,"gold_gain":0.0,"event_name":"Golden Wing","player_choice":"Card Removal","floor":4.0,"gold_loss":0.0,"damage_taken":7.0},{"damage_healed":0.0,"max_hp_gain":0.0,"max_hp_loss":0.0,"gold_gain":150.0,"event_name":"Liars Game","player_choice":"AGREE","floor":5.0,"gold_loss":0.0,"damage_taken":0.0,"cards_obtained":["Doubt"]},{"damage_healed":0.0,"max_hp_gain":0.0,"max_hp_loss":0.0,"gold_gain":75.0,"event_name":"World of Goop","player_choice":"Gather Gold","floor":14.0,"gold_loss":0.0,"damage_taken":11.0},{"damage_healed":0.0,"max_hp_gain":0.0,"max_hp_loss":0.0,"gold_gain":50.0,"event_name":"Nest","player_choice":"Stole From Cult","floor":19.0,"gold_loss":0.0,"damage_taken":0.0},{"damage_healed":0.0,"max_hp_gain":0.0,"max_hp_loss":0.0,"gold_gain":0.0,"event_name":"Duplicator","player_choice":"Copied","floor":22.0,"gold_loss":0.0,"damage_taken":0.0,"cards_obtained":["Catalyst"]},{"damage_healed":0.0,"max_hp_gain":0.0,"max_hp_loss":0.0,"gold_gain":0.0,"event_name":"The Mausoleum","player_choice":"Ignored","floor":28.0,"gold_loss":0.0,"damage_taken":0.0},{"cards_removed":["Strike_G"],"damage_healed":0.0,"max_hp_gain":0.0,"max_hp_loss":0.0,"gold_gain":0.0,"event_name":"Beggar","player_choice":"Gave Gold","floor":30.0,"gold_loss":75.0,"damage_taken":0.0},{"damage_healed":0.0,"max_hp_gain":0.0,"max_hp_loss":0.0,"gold_gain":0.0,"event_name":"Vampires","player_choice":"Ignored","floor":31.0,"gold_loss":0.0,"damage_taken":0.0},{"damage_healed":0.0,"max_hp_gain":0.0,"max_hp_loss":0.0,"gold_gain":0.0,"event_name":"SensoryStone","player_choice":"Memory 1","floor":36.0,"gold_loss":0.0,"damage_taken":0.0},{"damage_healed":0.0,"max_hp_gain":0.0,"max_hp_loss":3.0,"gold_gain":0.0,"event_name":"Winding Halls","player_choice":"Max HP","floor":37.0,"gold_loss":0.0,"damage_taken":0.0},{"damage_healed":0.0,"max_hp_gain":0.0,"max_hp_loss":0.0,"gold_gain":0.0,"event_name":"MindBloom","player_choice":"Fight","floor":39.0,"gold_loss":0.0,"damage_taken":0.0}],"is_beta":true,"boss_relics":[{"not_picked":["WristBlade","Calling Bell"],"picked":"Runic Dome"},{"not_picked":["Fusion Hammer","Coffee Dripper"],"picked":"Astrolabe"}],"items_purged_floors":[7,21],"is_endless":false,"potions_floor_spawned":[13,16,25,35,46,47,48],"ascension_level":20}