{"gold_per_floor":[114,44,55,71,89,102,132,143,143,143,68,100,100,100,100,197,197,207,225,242,242,142,142,153,172,172,186,186,61,80,100,100,196,196,206,206,259,259,109,122,122,122,146,160,170,170,190,210,210,210],"floor_reached":51,"playtime":6205,"items_purged":["Defend_B","Strike_B","Defend_B","Zap"],"score":665,"play_id":"da51ef6b-315d-4a20-ae4e-78c49c023906","local_time":"20190802115032","is_ascension_mode":false,"campfire_choices":[{"floor":10,"key":"REST"},{"floor":15,"key":"REST"},{"floor":23,"key":"REST"},{"floor":32,"key":"REST"},{"floor":41,"key":"REST"},{"floor":46,"key":"REST"},{"floor":49,"key":"REST"}],"neow_cost":"NONE","seed_source_timestamp":5383315614123,"circlet_count":0,"master_deck":["Strike_B","Strike_B","Defend_B","Defend_B+1","Dualcast","Reinforced Body","Doom and Gloom","Sweeping Beam","Sweeping Beam+1","BootSequence","Lockon","Leap+1","Self Repair+1","Sweeping Beam+1"],"relics":["Fusion Hammer","Torii","Frozen Egg 2","Happy Flower","Runic Pyramid","Shuriken","Velvet Choker","Incense Burner","Pen Nib"],"potions_floor_usage":[33,33,37,37],"damage_taken":[{"damage":1,"enemies":"Cultist","floor":1,"turns":3},{"damage":0,"enemies":"2 Louse","floor":3,"turns":3},{"damage":1,"enemies":"Jaw Worm","floor":4,"turns":4},{"damage":0,"enemies":"Looter","floor":5,"turns":4},{"damage":6,"enemies":"Exordium Wildlife","floor":6,"turns":4},{"damage":14,"enemies":"3 Sentries","floor":7,"turns":5},{"damage":0,"enemies":"Large Slime","floor":8,"turns":3},{"damage":19,"enemies":"Gremlin Nob","floor":12,"turns":4},{"damage":54,"enemies":"Hexaghost","floor":16,"turns":8},{"damage":5,"enemies":"3 Byrds","floor":18,"turns":4},{"damage":1,"enemies":"Chosen","floor":19,"turns":3},{"damage":3,"enemies":"Centurion and Healer","floor":20,"turns":6},{"damage":3,"enemies":"3 Cultists","floor":24,"turns":5},{"damage":9,"enemies":"Snake Plant","floor":25,"turns":5},{"damage":1,"enemies":"Centurion and Healer","floor":27,"turns":6},{"damage":0,"enemies":"Chosen and Byrds","floor":30,"turns":4},{"damage":7,"enemies":"Snake Plant","floor":31,"turns":4},{"damage":69,"enemies":"Collector","floor":33,"turns":10},{"damage":13,"enemies":"Orb Walker","floor":35,"turns":3},{"damage":58,"enemies":"2 Orb Walkers","floor":37,"turns":6},{"damage":0,"enemies":"3 Darklings","floor":40,"turns":3},{"damage":13,"enemies":"4 Shapes","floor":44,"turns":5},{"damage":1,"enemies":"Jaw Worm Horde","floor":45,"turns":3},{"damage":12,"enemies":"Spire Growth","floor":47,"turns":4},{"damage":8,"enemies":"3 Darklings","floor":48,"turns":3},{"damage":20,"enemies":"Donu and Deca","floor":50,"turns":10}],"seed_played":"1821356404327768215","potions_obtained":[{"floor":1,"key":"Fire Potion"},{"floor":8,"key":"Poison Potion"},{"floor":12,"key":"Fire Potion"},{"floor":16,"key":"SteroidPotion"},{"floor":19,"key":"Regen Potion"},{"floor":30,"key":"EssenceOfSteel"},{"floor":35,"key":"Dexterity Potion"},{"floor":45,"key":"Ancient Potion"},{"floor":47,"key":"LiquidBronze"},{"floor":48,"key":"PowerPotion"}],"is_trial":false,"path_per_floor":["M","$","M","M","M","M","E","M","T","R","$","E","?","?","R","B",null,"M","M","M","?","$","R","M","M","T","M","?","$","M","M","R","B",null,"M","?","?","?","$","M","R","$","T","M","M","R","M","M","R","B",null],"character_chosen":"DEFECT","items_purchased":["Doom and Gloom"],"campfire_rested":7,"item_purchase_floors":[2],"current_hp_per_floor":[74,74,74,73,73,67,53,53,53,75,75,56,56,41,63,9,75,70,69,66,66,66,75,72,63,63,62,62,62,62,55,75,11,75,62,62,4,4,4,4,26,26,26,13,22,44,32,34,56,36],"gold":210,"neow_bonus":"BOSS_RELIC","is_prod":false,"is_daily":false,"chose_seed":false,"campfire_upgraded":0,"win_rate":0.0,"timestamp":1564735832,"path_taken":["M","$","M","M","M","M","E","M","T","R","$","E","?","?","R","BOSS","M","M","M","?","$","R","M","M","T","M","?","$","M","M","R","BOSS","M","?","?","?","$","M","R","$","T","M","M","R","M","M","R","BOSS"],"build_version":"2019-07-17","purchased_purges":4,"victory":true,"max_hp_per_floor":[75,75,75,75,75,75,75,75,75,75,75,75,75,75,75,75,75,75,75,75,75,75,75,75,75,75,75,75,75,75,75,75,75,75,75,75,75,75,75,75,75,75,75,75,75,75,75,75,75,75],"card_choices":[{"not_picked":["Redo","Beam Cell"],"picked":"Reinforced Body","floor":1},{"not_picked":["Compile Driver","BootSequence"],"picked":"Sweeping Beam","floor":3},{"not_picked":["Leap","Ball Lightning"],"picked":"Consume","floor":4},{"not_picked":["Redo","Skim","Stack"],"picked":"SKIP","floor":5},{"not_picked":["Fusion","Conserve Battery","Ball Lightning"],"picked":"SKIP","floor":6},{"not_picked":["Rainbow","Double Energy","Gash"],"picked":"SKIP","floor":7},{"not_picked":["Hologram","Coolheaded"],"picked":"Sweeping Beam","floor":8},{"not_picked":["Force Field","Consume","White Noise"],"picked":"SKIP","floor":12},{"not_picked":["Beam Cell","Hello World+1","Steam"],"picked":"SKIP","floor":18},{"not_picked":["Gash+1","Cold Snap"],"picked":"BootSequence","floor":19},{"not_picked":["Streamline","Conserve Battery+1","Heatsinks+1"],"picked":"SKIP","floor":20},{"not_picked":["Gash+1","Conserve Battery","Coolheaded"],"picked":"SKIP","floor":24},{"not_picked":["Heatsinks+1","Leap","Rip and Tear+1"],"picked":"SKIP","floor":25},{"not_picked":["Leap+1","Electrodynamics+1"],"picked":"Lockon","floor":27},{"not_picked":["Compile Driver","Streamline","Self Repair+1"],"picked":"SKIP","floor":30},{"not_picked":["Conserve Battery","Go for the Eyes","Cold Snap"],"picked":"SKIP","floor":31},{"not_picked":["Leap","Streamline","Beam Cell+1"],"picked":"SKIP","floor":35},{"not_picked":["Steam+1","Gash+1"],"picked":"Leap+1","floor":40},{"not_picked":["Chaos+1","Steam+1"],"picked":"Self Repair+1","floor":44},{"not_picked":["Redo","Leap"],"picked":"Sweeping Beam+1","floor":45},{"not_picked":["Genetic Algorithm","Rainbow","Chaos+1"],"picked":"SKIP","floor":47},{"not_picked":["Hologram+1","Beam Cell","Compile Driver"],"picked":"SKIP","floor":48}],"player_experience":15816,"relics_obtained":[{"floor":7,"key":"Torii"},{"floor":9,"key":"Frozen Egg 2"},{"floor":12,"key":"Happy Flower"},{"floor":26,"key":"Shuriken"},{"floor":37,"key":"Incense Burner"},{"floor":43,"key":"Pen Nib"}],"event_choices":[{"damage_healed":0,"gold_gain":0,"player_choice":"Ignored","damage_taken":0,"max_hp_gain":0,"max_hp_loss":0,"event_name":"Liars Game","floor":13,"gold_loss":0},{"damage_healed":0,"gold_gain":0,"player_choice":"Entered Light","damage_taken":15,"max_hp_gain":0,"max_hp_loss":0,"event_name":"Shining Light","floor":14,"gold_loss":0,"cards_upgraded":["Defend_B","Consume"]},{"cards_removed":["Consume"],"damage_healed":0,"gold_gain":0,"player_choice":"Elegance","damage_taken":0,"max_hp_gain":0,"max_hp_loss":0,"event_name":"Back to Basics","floor":21,"gold_loss":0},{"cards_removed":["Strike_B"],"damage_healed":0,"gold_gain":0,"player_choice":"Removed Attack","damage_taken":0,"max_hp_gain":0,"max_hp_loss":0,"event_name":"Falling","floor":36,"gold_loss":0},{"damage_healed":0,"gold_gain":0,"player_choice":"Fight","damage_taken":0,"max_hp_gain":0,"max_hp_loss":0,"event_name":"Mysterious Sphere","floor":37,"gold_loss":0},{"damage_healed":0,"gold_gain":0,"player_choice":"Forge","damage_taken":0,"max_hp_gain":0,"max_hp_loss":0,"event_name":"Accursed Blacksmith","floor":38,"gold_loss":0,"cards_upgraded":["Sweeping Beam"]}],"is_beta":false,"boss_relics":[{"not_picked":["Sozu","Inserter"],"picked":"Runic Pyramid"},{"not_picked":["White Beast Statue","Astrolabe"],"picked":"Velvet Choker"}],"items_purged_floors":[11,22,29,39],"is_endless":false,"potions_floor_spawned":[1,8,12,16,19,20,27,30,35,45,47,48],"ascension_level":0}