{"gold_per_floor":[117,117,292,13,23,23,37,70,120,146,192,192,221,171,171,171],"floor_reached":16,"playtime":866,"items_purged":[],"score":151,"play_id":"3c958a33-229e-499e-8807-da332793bc5e","local_time":"20180727154604","is_ascension_mode":true,"campfire_choices":[{"data":"White Noise","floor":6.0,"key":"SMITH"},{"floor":12.0,"key":"REST"},{"floor":15,"key":"REST"}],"neow_cost":"","seed_source_timestamp":0,"circlet_count":0,"master_deck":["Strike_B","Strike_B","Strike_B","Strike_B","Defend_B+1","Defend_B","Defend_B+1","Defend_B","Zap","Dualcast","Gash","FTL","White Noise+1","Steam Power","Beam Cell","Leap"],"special_seed":0,"relics":["Cracked Core","OrangePellets","Bronze Scales","Potion Belt","The Courier","Blood Vial","Kunai"],"potions_floor_usage":[],"damage_taken":[{"damage":4.0,"enemies":"Jaw Worm","floor":1.0,"turns":4.0},{"damage":0.0,"enemies":"Cultist","floor":5.0,"turns":3.0},{"damage":0.0,"enemies":"2 Louse","floor":7.0,"turns":2.0},{"damage":21.0,"enemies":"3 Sentries","floor":8.0,"turns":6.0},{"damage":17.0,"enemies":"Lagavulin","floor":10.0,"turns":5.0},{"damage":34.0,"enemies":"Gremlin Nob","floor":13.0,"turns":4.0},{"damage":37,"enemies":"The Guardian","floor":16,"turns":12}],"seed_played":"172369400685634473","potions_obtained":[{"floor":7.0,"key":"Regen Potion"},{"floor":8.0,"key":"GamblersBrew"},{"floor":10.0,"key":"Explosive Potion"}],"is_trial":false,"path_per_floor":["M","?","?","$","M","R","M","E","T","E","T","R","E","?","R"],"character_chosen":"DEFECT","items_purchased":["OrangePellets","FTL"],"campfire_rested":2,"item_purchase_floors":[4,4],"current_hp_per_floor":[64,49,49,49,49,49,49,28,28,23,23,45,13,13,35,0],"gold":171,"neow_bonus":"","is_prod":false,"is_daily":false,"chose_seed":false,"campfire_upgraded":1,"win_rate":0,"timestamp":1532677564,"path_taken":["M","?","?","$","M","R","M","E","T","E","?","R","E","?","R","BOSS"],"build_version":"2018-07-26","purchased_purges":0,"victory":false,"max_hp_per_floor":[75,75,75,75,75,75,75,75,75,75,75,75,75,75,75,75],"card_choices":[{"not_picked":["Barrage","Rebound"],"picked":"Gash","floor":1.0},{"not_picked":["Ball Lightning","Steam"],"picked":"White Noise","floor":5.0},{"not_picked":["Hologram","Steam"],"picked":"Steam Power","floor":7.0},{"not_picked":["Undo","Double Energy"],"picked":"Beam Cell","floor":8.0},{"not_picked":["Ball Lightning","Turbo"],"picked":"Leap","floor":10.0},{"not_picked":["Barrage","Undo","Redo"],"picked":"SKIP","floor":13.0}],"player_experience":179364,"relics_obtained":[{"floor":8.0,"key":"Bronze Scales"},{"floor":9.0,"key":"Potion Belt"},{"floor":10.0,"key":"The Courier"},{"floor":11.0,"key":"Blood Vial"},{"floor":13.0,"key":"Kunai"}],"event_choices":[{"event_name":"Shining Light","player_choice":"Entered Light","floor":2.0,"damage_taken":0.0},{"event_name":"Liars Game","player_choice":"agreed","floor":3.0,"damage_taken":0.0},{"event_name":"The Cleric","player_choice":"Card Removal","floor":14,"damage_taken":0}],"is_beta":false,"boss_relics":[],"items_purged_floors":[],"is_endless":false,"potions_floor_spawned":[7,8,10],"killed_by":"The Guardian","ascension_level":6}