{"gold_per_floor":[13,27,41,41,41,73,73,91,91,91,102,118,130,157,157,232,232,248,0,15,34,46,46,60,60,60,15,25,25,25,25],"floor_reached":31,"playtime":953,"items_purged":[],"score":439,"play_id":"551d4be7-bb06-4fe4-a296-8e046d4fc479","local_time":"20190405203836","is_ascension_mode":true,"campfire_choices":[{"data":"Coolheaded","floor":7.0,"key":"SMITH"},{"data":"Electrodynamics","floor":10.0,"key":"SMITH"},{"floor":15.0,"key":"REST"},{"data":"Creative AI","floor":23,"key":"SMITH"},{"data":"Double Energy","floor":25,"key":"SMITH"}],"neow_cost":"NO_GOLD","seed_source_timestamp":0,"circlet_count":0,"master_deck":["AscendersBane","Strike_B","Strike_B","Strike_B","Strike_B","Defend_B","Defend_B","Defend_B","Defend_B","Zap","Dualcast","Electrodynamics+1","Doom and Gloom","Coolheaded+1","Conserve Battery","Reinforced Body","Turbo","Multi-Cast","Compile Driver","Seek","Thunder Strike","Capacitor","Coolheaded+1","Creative AI+1","Double Energy+1","Redo","Ball Lightning","Decay"],"special_seed":0,"relics":["Cracked Core","Regal Pillow","Sundial","Blood Vial","Calipers","Ice Cream","Coffee Dripper","Ornamental Fan"],"potions_floor_usage":[28,31],"damage_taken":[{"damage":2.0,"enemies":"Jaw Worm","floor":1.0,"turns":3.0},{"damage":0.0,"enemies":"Cultist","floor":2.0,"turns":3.0},{"damage":0.0,"enemies":"Small Slimes","floor":3.0,"turns":2.0},{"damage":20.0,"enemies":"Lagavulin","floor":6.0,"turns":7.0},{"damage":9.0,"enemies":"Exordium Thugs","floor":8.0,"turns":2.0},{"damage":0.0,"enemies":"Exordium Wildlife","floor":11.0,"turns":2.0},{"damage":0.0,"enemies":"3 Louse","floor":12.0,"turns":1.0},{"damage":7.0,"enemies":"2 Fungi Beasts","floor":13.0,"turns":2.0},{"damage":15.0,"enemies":"3 Sentries","floor":14.0,"turns":4.0},{"damage":33.0,"enemies":"Slime Boss","floor":16.0,"turns":7.0},{"damage":9.0,"enemies":"Shell Parasite","floor":18.0,"turns":4.0},{"damage":17,"enemies":"2 Thieves","floor":20,"turns":3},{"damage":2,"enemies":"Chosen and Byrds","floor":21,"turns":4},{"damage":9,"enemies":"Centurion and Healer","floor":22,"turns":6},{"damage":17,"enemies":"Snecko","floor":24,"turns":7},{"damage":9,"enemies":"Shelled Parasite and Fungi","floor":28,"turns":6},{"damage":12,"enemies":"Cultist and Chosen","floor":31,"turns":1}],"seed_played":"8032568212113965186","potions_obtained":[{"floor":1.0,"key":"Explosive Potion"},{"floor":3.0,"key":"SpeedPotion"},{"floor":11.0,"key":"Fire Potion"},{"floor":12.0,"key":"Strength Potion"},{"floor":22,"key":"Poison Potion"},{"floor":24,"key":"GamblersBrew"},{"floor":28,"key":"Fire Potion"}],"is_trial":false,"path_per_floor":["M","M","M","?","T","E","R","M","T","R","M","M","M","E","R","B",null,"M","?","M","M","M","R","M","R","T","$","M","$","?","M"],"character_chosen":"DEFECT","items_purchased":["Redo"],"campfire_rested":1,"item_purchase_floors":[27],"current_hp_per_floor":[62,62,62,51,51,31,31,24,24,24,26,28,23,10,46,15,57,50,50,35,35,28,28,13,13,13,13,6,6,6,0],"gold":25,"neow_bonus":"THREE_RARE_CARDS","is_prod":false,"is_daily":false,"chose_seed":true,"campfire_upgraded":4,"win_rate":0,"timestamp":1554467916,"path_taken":["M","M","M","?","?","E","R","?","T","R","?","M","M","E","R","BOSS","M","?","M","M","M","R","M","R","T","?","M","?","?","M"],"build_version":"2019-01-23","purchased_purges":0,"victory":false,"max_hp_per_floor":[71,71,71,71,71,71,71,71,71,71,71,71,71,71,71,71,71,71,71,71,71,71,71,71,71,71,71,71,71,71,71],"card_choices":[{"not_picked":["Meteor Strike","Echo Form"],"picked":"Electrodynamics","floor":0.0},{"not_picked":["Steam Power","Go for the Eyes"],"picked":"Doom and Gloom","floor":1.0},{"not_picked":["Beam Cell","Lockon"],"picked":"Coolheaded","floor":2.0},{"not_picked":["Steam","Hello World"],"picked":"Conserve Battery","floor":3.0},{"not_picked":["Barrage","Storm","Go for the Eyes"],"picked":"SKIP","floor":6.0},{"not_picked":["Stack","Compile Driver"],"picked":"Reinforced Body","floor":8.0},{"not_picked":["Reinforced Body","Go for the Eyes"],"picked":"Turbo","floor":11.0},{"not_picked":["Capacitor","Streamline"],"picked":"Multi-Cast","floor":12.0},{"not_picked":["Compile Driver","Barrage","Go for the Eyes"],"picked":"SKIP","floor":13.0},{"not_picked":["Compile Driver","Barrage","Go for the Eyes"],"picked":"SKIP","floor":13.0},{"not_picked":["Barrage","Go for the Eyes"],"picked":"Compile Driver","floor":13.0},{"not_picked":["Blizzard","Static Discharge"],"picked":"Seek","floor":14.0},{"not_picked":["Creative AI","Buffer"],"picked":"Thunder Strike","floor":16.0},{"not_picked":["Redo","Compile Driver"],"picked":"Capacitor","floor":18.0},{"not_picked":["Stack+1","Sweeping Beam"],"picked":"Coolheaded+1","floor":20},{"not_picked":["Streamline","Leap","Aggregate"],"picked":"SKIP","floor":21},{"not_picked":["Gash+1","Conserve Battery"],"picked":"Creative AI","floor":22},{"not_picked":["Stack","Barrage"],"picked":"Double Energy","floor":24},{"not_picked":["Cold Snap","Barrage"],"picked":"Ball Lightning","floor":28}],"player_experience":919572,"relics_obtained":[{"floor":5.0,"key":"Sundial"},{"floor":6.0,"key":"Blood Vial"},{"floor":9.0,"key":"Calipers"},{"floor":14.0,"key":"Ice Cream"},{"floor":26,"key":"Ornamental Fan"}],"event_choices":[{"damage_healed":0.0,"max_hp_gain":0.0,"max_hp_loss":0.0,"gold_gain":0.0,"event_name":"Scrap Ooze","player_choice":"Success","floor":4.0,"gold_loss":0.0,"damage_taken":11.0,"relics_obtained":["Regal Pillow"]},{"damage_healed":0,"gold_gain":0,"player_choice":"Paid Fearfully","damage_taken":0,"max_hp_gain":0,"max_hp_loss":0,"event_name":"Masked Bandits","floor":19,"gold_loss":248},{"damage_healed":0,"gold_gain":0,"player_choice":"Smashed Altar","damage_taken":0,"max_hp_gain":0,"max_hp_loss":0,"event_name":"Forgotten Altar","floor":30,"gold_loss":0,"cards_obtained":["Decay"]}],"is_beta":false,"boss_relics":[{"not_picked":["FrozenCore","Velvet Choker"],"picked":"Coffee Dripper"}],"items_purged_floors":[],"is_endless":false,"potions_floor_spawned":[1,3,11,12,22,24,28],"killed_by":"Cultist and Chosen","ascension_level":15}