{"gold_per_floor":[115,145,161,161,161,161,161,190,215,234,250,250,425,460,460,460],"floor_reached":16,"playtime":766,"items_purged":[],"score":108,"play_id":"58c7ba1f-a9a6-4761-a391-5157c57b0bf9","local_time":"20180707120243","is_ascension_mode":false,"campfire_choices":[{"data":"Shrug It Off","floor":6,"key":"SMITH"},{"floor":12,"key":"REST"},{"data":"Shrug It Off","floor":15,"key":"SMITH"}],"neow_cost":"","seed_source_timestamp":12131381149678,"circlet_count":0,"master_deck":["Strike_R","Strike_R","Strike_R","Strike_R","Strike_R","Defend_R","Defend_R","Defend_R","Defend_R","Bash","Searing Blow","Shrug It Off+1","Heavy Blade","Spot Weakness","Shrug It Off+1","Pummel"],"special_seed":17719,"relics":["Burning Blood","Tiny Chest","Omamori","Vajra","Oddly Smooth Stone","Charon\u0027s Ashes"],"potions_floor_usage":[8,16,16],"damage_taken":[{"damage":3,"enemies":"Jaw Worm","floor":1,"turns":4},{"damage":0,"enemies":"2 Louse","floor":3,"turns":2},{"damage":50,"enemies":"Lagavulin","floor":8,"turns":12},{"damage":0,"enemies":"Cultist","floor":10,"turns":3},{"damage":3,"enemies":"Large Slime","floor":11,"turns":5},{"damage":30,"enemies":"3 Sentries","floor":14,"turns":8},{"damage":58,"enemies":"Hexaghost","floor":16,"turns":9}],"seed_played":"-8728677216387126915","potions_obtained":[{"floor":1,"key":"Poison Potion"},{"floor":10,"key":"Regen Potion"},{"floor":14,"key":"FearPotion"}],"is_trial":false,"path_per_floor":["M","?","M","?","?","R","T","E","T","M","M","R","?","E","R"],"character_chosen":"IRONCLAD","items_purchased":[],"campfire_rested":1,"item_purchase_floors":[],"current_hp_per_floor":[80,68,74,74,74,74,74,30,30,36,39,63,63,39,39,0],"gold":460,"neow_bonus":"","is_prod":false,"is_daily":false,"chose_seed":false,"campfire_upgraded":2,"win_rate":0,"timestamp":1530936163,"path_taken":["M","?","M","?","?","R","?","E","T","?","M","R","?","E","R","BOSS"],"build_version":"2018-07-05","purchased_purges":0,"victory":false,"max_hp_per_floor":[80,80,80,80,80,80,80,80,80,80,80,80,80,80,80,80],"card_choices":[{"not_picked":["Intimidate","Headbutt"],"picked":"Searing Blow","floor":1},{"not_picked":["Power Through","Clothesline"],"picked":"Shrug It Off","floor":3},{"not_picked":["Anger","Fiend Fire"],"picked":"Heavy Blade","floor":8},{"not_picked":["Armaments","Second Wind"],"picked":"Spot Weakness","floor":10},{"not_picked":["Headbutt","Double Tap"],"picked":"Shrug It Off","floor":11},{"not_picked":["Pommel Strike","True Grit"],"picked":"Pummel","floor":14}],"player_experience":55116,"relics_obtained":[{"floor":7,"key":"Omamori"},{"floor":8,"key":"Vajra"},{"floor":9,"key":"Oddly Smooth Stone"},{"floor":14,"key":"Charon\u0027s Ashes"}],"event_choices":[{"event_name":"Scrap Ooze","player_choice":"success","floor":2,"damage_taken":12},{"event_name":"Purifier","player_choice":"Skipped","floor":4,"damage_taken":0},{"event_name":"The Cleric","player_choice":"Leave","floor":5,"damage_taken":0},{"event_name":"Liars Game","player_choice":"agreed","floor":13,"damage_taken":0}],"boss_relics":[],"items_purged_floors":[],"is_endless":false,"potions_floor_spawned":[1,10,14],"killed_by":"Hexaghost","ascension_level":0}