{"gold_per_floor":[110,128,93,93,168,196,210,135,188,200,216,216],"floor_reached":12,"playtime":700,"items_purged":["Strike_B"],"score":136,"play_id":"a47d1e1b-3524-4941-a866-2f30ff059b43","local_time":"20180902172237","is_ascension_mode":true,"campfire_choices":[],"neow_cost":"NONE","seed_source_timestamp":0,"circlet_count":0,"master_deck":["Strike_B","Strike_B","Strike_B","Defend_B","Defend_B","Defend_B","Defend_B","Zap","Dualcast","AscendersBane","Tempest","Ball Lightning","Coolheaded","Compile Driver","Defragment","Sunder","Reboot","Chill","Stack","Cold Snap","Leap"],"special_seed":0,"relics":["Orrery","Juzu Bracelet","Matryoshka","Pantograph","Art of War"],"potions_floor_usage":[],"damage_taken":[{"damage":2.0,"enemies":"Small Slimes","floor":1.0,"turns":4.0},{"damage":16.0,"enemies":"Jaw Worm","floor":2.0,"turns":4.0},{"damage":36.0,"enemies":"Gremlin Nob","floor":6.0,"turns":5.0},{"damage":0.0,"enemies":"2 Louse","floor":7.0,"turns":2.0},{"damage":0.0,"enemies":"Looter","floor":10.0,"turns":3.0},{"damage":8,"enemies":"3 Louse","floor":11,"turns":3},{"damage":8,"enemies":"2 Fungi Beasts","floor":12,"turns":2}],"seed_played":"-8930202822128613527","potions_obtained":[{"floor":1.0,"key":"PowerPotion"},{"floor":2.0,"key":"AttackPotion"}],"is_trial":false,"path_per_floor":["M","M","?","?","?","E","M","$","T","M","M"],"character_chosen":"DEFECT","items_purchased":[],"campfire_rested":0,"item_purchase_floors":[],"current_hp_per_floor":[62,46,63,56,45,9,9,9,9,9,1,0],"gold":216,"neow_bonus":"BOSS_RELIC","is_prod":false,"is_daily":false,"chose_seed":false,"campfire_upgraded":0,"win_rate":0,"timestamp":1535880157,"path_taken":["M","M","?","?","?","E","M","?","T","M","M","M"],"build_version":"2018-08-30","purchased_purges":1,"victory":false,"max_hp_per_floor":[71,71,71,71,71,71,71,71,71,71,71,71],"card_choices":[{"not_picked":["Steam","Hello World"],"picked":"Tempest","floor":0.0},{"not_picked":["Skim","Force Field"],"picked":"Ball Lightning","floor":0.0},{"not_picked":["Hologram","Barrage"],"picked":"Coolheaded","floor":0.0},{"not_picked":["Beam Cell","Reprogram"],"picked":"Compile Driver","floor":0.0},{"not_picked":["Self Repair","Beam Cell"],"picked":"Defragment","floor":0.0},{"not_picked":["Hologram","Skim"],"picked":"Sunder","floor":1.0},{"not_picked":["Go for the Eyes","Cold Snap"],"picked":"Reboot","floor":2.0},{"not_picked":["Steam Power","Steam"],"picked":"Chill","floor":6.0},{"not_picked":["Storm","Gash"],"picked":"Stack","floor":7.0},{"not_picked":["Lockon","Double Energy"],"picked":"Cold Snap","floor":10.0},{"not_picked":["Coolheaded","Rip and Tear"],"picked":"Leap","floor":11}],"player_experience":299177,"relics_obtained":[{"floor":6.0,"key":"Matryoshka"},{"floor":9.0,"key":"Pantograph"},{"floor":9.0,"key":"Art of War"}],"event_choices":[{"event_name":"The Cleric","player_choice":"Healed","floor":3.0,"damage_taken":0.0},{"event_name":"Scrap Ooze","player_choice":"success","floor":4.0,"damage_taken":7.0},{"event_name":"World of Goop","player_choice":"Gather Gold","floor":5.0,"damage_taken":0.0}],"is_beta":true,"boss_relics":[],"items_purged_floors":[8],"is_endless":false,"potions_floor_spawned":[1,2],"killed_by":"2 Fungi Beasts","ascension_level":14}