{"gold_per_floor":[111,111,61,31,41,70,70,101,101,128,13,33,52,80,80,178,178,196,196,183,4,14,14,42,42,65,65,93,18,32,32,32,32],"floor_reached":33,"playtime":972,"items_purged":["Strike_B"],"score":562,"play_id":"4fbe3838-34ae-4574-965d-06be90016e99","local_time":"20181007132416","is_ascension_mode":true,"campfire_choices":[{"data":"Loop","floor":7.0,"key":"SMITH"},{"data":"Zap","floor":15.0,"key":"SMITH"},{"floor":23,"key":"REST"},{"floor":25,"key":"REST"},{"data":"Darkness","floor":27,"key":"SMITH"},{"floor":32,"key":"REST"}],"neow_cost":"NONE","seed_source_timestamp":6890232909639,"circlet_count":0,"master_deck":["Strike_B","Strike_B","Defend_B","Defend_B","Defend_B","Zap+1","Dualcast","AscendersBane","Loop+1","Go for the Eyes","Core Surge","Genetic Algorithm","Darkness+1","Ball Lightning","Chill","Leap","Coolheaded","All For One","Glacier","BootSequence","Electrodynamics","Gash","Compile Driver","Beam Cell","Shame","Skim","Defragment"],"special_seed":0,"relics":["Cracked Core","NeowsBlessing","Calipers","Pen Nib","Gremlin Horn","Regal Pillow","Smiling Mask","Cursed Key","Nilry\u0027s Codex","Bronze Scales","Strawberry","Ornamental Fan"],"potions_floor_usage":[16,16,22,24],"damage_taken":[{"damage":0.0,"enemies":"Jaw Worm","floor":1.0,"turns":1.0},{"damage":0.0,"enemies":"Cultist","floor":5.0,"turns":1.0},{"damage":0.0,"enemies":"Gremlin Nob","floor":6.0,"turns":1.0},{"damage":20.0,"enemies":"Lagavulin","floor":8.0,"turns":5.0},{"damage":11.0,"enemies":"Small Slimes","floor":12.0,"turns":2.0},{"damage":7.0,"enemies":"Blue Slaver","floor":13.0,"turns":3.0},{"damage":0.0,"enemies":"3 Sentries","floor":14.0,"turns":7.0},{"damage":19,"enemies":"The Guardian","floor":16,"turns":10},{"damage":16,"enemies":"3 Byrds","floor":18,"turns":3},{"damage":0,"enemies":"2 Thieves","floor":20,"turns":4},{"damage":8,"enemies":"3 Cultists","floor":22,"turns":4},{"damage":26,"enemies":"Slavers","floor":24,"turns":4},{"damage":40,"enemies":"Gremlin Leader","floor":28,"turns":5},{"damage":10,"enemies":"Snake Plant","floor":30,"turns":4},{"damage":28,"enemies":"Collector","floor":33,"turns":3}],"seed_played":"-1937920635744976436","potions_obtained":[{"floor":4.0,"key":"Weak Potion"},{"floor":4.0,"key":"EntropicBrew"},{"floor":8.0,"key":"GamblersBrew"},{"floor":13.0,"key":"Block Potion"},{"floor":14.0,"key":"Energy Potion"},{"floor":16,"key":"SpeedPotion"},{"floor":18,"key":"Weak Potion"}],"is_trial":false,"path_per_floor":["M","?","?","?","M","E","R","E","T","T","$","M","M","E","R","B",null,"M","?","M","$","M","R","E","R","T","R","E","$","M","$","R"],"character_chosen":"DEFECT","items_purchased":["Darkness","Ball Lightning","Electrodynamics","Gash","Defragment"],"campfire_rested":3,"item_purchase_floors":[11,11,21,21,29],"current_hp_per_floor":[68,68,68,68,68,68,68,48,48,48,48,37,30,30,30,11,59,43,27,27,27,19,56,30,67,74,74,34,34,24,24,63,35],"gold":32,"neow_bonus":"THREE_ENEMY_KILL","is_prod":false,"is_daily":false,"chose_seed":false,"campfire_upgraded":3,"win_rate":0,"timestamp":1538889856,"path_taken":["M","?","?","?","M","E","R","E","T","?","$","M","?","E","R","BOSS","M","?","?","$","M","R","E","R","T","R","E","$","M","?","R","BOSS"],"build_version":"2018-10-04","purchased_purges":1,"victory":false,"max_hp_per_floor":[75,75,75,75,75,75,75,75,75,75,75,75,75,75,75,75,75,75,75,75,75,75,75,75,75,82,82,82,82,82,82,82,82],"card_choices":[{"not_picked":["Rebound","Turbo"],"picked":"Loop","floor":1.0},{"not_picked":["Double Energy","Barrage"],"picked":"Go for the Eyes","floor":5.0},{"not_picked":["Doom and Gloom","Stack"],"picked":"Core Surge","floor":6.0},{"not_picked":["Barrage","Ball Lightning"],"picked":"Genetic Algorithm","floor":8.0},{"not_picked":["Heatsinks","Turbo"],"picked":"Chill","floor":12.0},{"not_picked":["Cold Snap","Steam Power"],"picked":"Leap","floor":13.0},{"not_picked":["Tempest","Chill"],"picked":"Coolheaded","floor":14.0},{"not_picked":["Core Surge","Thunder Strike"],"picked":"All For One","floor":16},{"not_picked":["Streamline","Conserve Battery"],"picked":"Glacier","floor":18},{"not_picked":["Leap","Steam"],"picked":"BootSequence","floor":20},{"not_picked":["Leap","Rebound"],"picked":"Compile Driver","floor":22},{"not_picked":["Steam","Barrage"],"picked":"Beam Cell","floor":24},{"not_picked":["Beam Cell","Recycle"],"picked":"Skim","floor":28},{"not_picked":["Storm","Lockon","Sweeping Beam"],"picked":"SKIP","floor":30}],"player_experience":424418,"relics_obtained":[{"floor":6.0,"key":"Calipers"},{"floor":8.0,"key":"Pen Nib"},{"floor":9.0,"key":"Gremlin Horn"},{"floor":10.0,"key":"Regal Pillow"},{"floor":14.0,"key":"Smiling Mask"},{"floor":19,"key":"Nilry\u0027s Codex"},{"floor":24,"key":"Bronze Scales"},{"floor":26,"key":"Strawberry"},{"floor":28,"key":"Ornamental Fan"}],"event_choices":[{"event_name":"Purifier","player_choice":"One Purge","floor":2.0,"damage_taken":0.0},{"event_name":"The Cleric","player_choice":"Card Removal","floor":3.0,"damage_taken":0.0},{"event_name":"The Woman in Blue","player_choice":"Bought 2 Potions","floor":4.0,"damage_taken":0.0},{"event_name":"Cursed Tome","player_choice":"Obtained Book","floor":19,"damage_taken":0}],"is_beta":true,"boss_relics":[{"not_picked":["Runic Pyramid","Empty Cage"],"picked":"Cursed Key"}],"items_purged_floors":[21],"is_endless":false,"potions_floor_spawned":[8,12,13,14,16,18],"killed_by":"Collector","ascension_level":12}