{"gold_per_floor":[117,14,29,46,63,63,73,86,86,86,117,135,135,135,135,211,211,222,222,222,238,238,238],"floor_reached":23,"playtime":708,"items_purged":["Normality"],"score":386,"play_id":"f4e73980-eec5-4bed-99f1-3199d1776ba9","local_time":"20181102223903","is_ascension_mode":true,"campfire_choices":[{"data":"Sunder","floor":6.0,"key":"SMITH"},{"data":"Barrage","floor":10.0,"key":"SMITH"},{"data":"Redo","floor":13.0,"key":"SMITH"},{"data":"Coolheaded","floor":15.0,"key":"SMITH"}],"neow_cost":"CURSE","seed_source_timestamp":13754475558279,"circlet_count":0,"master_deck":["AscendersBane","Strike_B+1","Strike_B+1","Strike_B+1","Defend_B+1","Defend_B+1","Defend_B+1","Zap","Dualcast","Electrodynamics","Sunder+1","Redo+1","Leap","Streamline","Barrage+1","Coolheaded+1","Rainbow+1","Cold Snap","Reboot","Steam","Compile Driver","Multi-Cast","Go for the Eyes"],"special_seed":0,"relics":["Cracked Core","Calipers","Darkstone Periapt","Inserter"],"potions_floor_usage":[16,21,23],"damage_taken":[{"damage":9.0,"enemies":"2 Louse","floor":1.0,"turns":2.0},{"damage":5.0,"enemies":"Small Slimes","floor":3.0,"turns":3.0},{"damage":0.0,"enemies":"Jaw Worm","floor":4.0,"turns":3.0},{"damage":7.0,"enemies":"Large Slime","floor":5.0,"turns":4.0},{"damage":7.0,"enemies":"Blue Slaver","floor":7.0,"turns":3.0},{"damage":4.0,"enemies":"2 Fungi Beasts","floor":8.0,"turns":3.0},{"damage":10.0,"enemies":"3 Sentries","floor":11.0,"turns":3.0},{"damage":6.0,"enemies":"3 Louse","floor":12.0,"turns":2.0},{"damage":12,"enemies":"Hexaghost","floor":16,"turns":8},{"damage":26,"enemies":"2 Thieves","floor":18,"turns":4},{"damage":6,"enemies":"Chosen","floor":21,"turns":4},{"damage":23,"enemies":"Book of Stabbing","floor":23,"turns":3}],"seed_played":"6782880148615378500","potions_obtained":[{"floor":1.0,"key":"Dexterity Potion"},{"floor":4.0,"key":"GamblersBrew"},{"floor":8.0,"key":"Swift Potion"},{"floor":12.0,"key":"Energy Potion"},{"floor":21,"key":"Swift Potion"}],"is_trial":false,"path_per_floor":["M","$","M","M","M","R","M","M","T","R","E","M","R","?","R","B",null,"M","?","?","M","?","E"],"character_chosen":"DEFECT","items_purchased":["Redo"],"campfire_rested":0,"item_purchase_floors":[2],"current_hp_per_floor":[55,55,50,50,43,43,36,32,32,32,22,16,16,16,16,4,54,28,28,28,22,22,0],"gold":238,"neow_bonus":"THREE_RARE_CARDS","is_prod":false,"is_daily":false,"chose_seed":false,"campfire_upgraded":4,"win_rate":0,"timestamp":1541169543,"path_taken":["M","$","M","M","M","R","M","M","T","R","E","M","R","?","R","BOSS","M","?","?","M","?","E"],"build_version":"2018-11-01v2","purchased_purges":1,"victory":false,"max_hp_per_floor":[71,71,71,71,71,71,71,71,71,71,71,71,71,71,71,71,71,71,71,71,71,71,71],"card_choices":[{"not_picked":["Creative AI","Core Surge"],"picked":"Electrodynamics","floor":0.0},{"not_picked":["Rip and Tear","Beam Cell"],"picked":"Sunder","floor":1.0},{"not_picked":["Coolheaded","Hologram"],"picked":"Leap","floor":3.0},{"not_picked":["Barrage","BootSequence"],"picked":"Streamline","floor":4.0},{"not_picked":["Gash","Static Discharge"],"picked":"Barrage","floor":5.0},{"not_picked":["Leap","Cold Snap"],"picked":"Coolheaded","floor":7.0},{"not_picked":["Redo","Leap","Gash"],"picked":"SKIP","floor":8.0},{"not_picked":["Go for the Eyes","Streamline"],"picked":"Rainbow","floor":11.0},{"not_picked":["Turbo","Lockon"],"picked":"Cold Snap","floor":12.0},{"not_picked":["Meteor Strike","Rainbow"],"picked":"Reboot","floor":16},{"not_picked":["Gash","Rebound"],"picked":"Steam","floor":18},{"not_picked":["Storm","Sweeping Beam+1"],"picked":"Go for the Eyes","floor":21}],"player_experience":490049,"relics_obtained":[{"floor":9.0,"key":"Calipers"},{"floor":11.0,"key":"Darkstone Periapt"}],"event_choices":[{"damage_healed":0.0,"max_hp_gain":0.0,"max_hp_loss":0.0,"gold_gain":0.0,"event_name":"Living Wall","player_choice":"Grow","floor":14.0,"gold_loss":0.0,"damage_taken":0.0,"cards_upgraded":["Rainbow"]},{"damage_healed":0,"gold_gain":0,"player_choice":"Simplicity","damage_taken":0,"max_hp_gain":0,"max_hp_loss":0,"event_name":"Back to Basics","floor":19,"gold_loss":0,"cards_upgraded":["Strike_B","Strike_B","Strike_B","Strike_B","Defend_B","Defend_B","Defend_B","Defend_B"]},{"damage_healed":0,"gold_gain":0,"cards_transformed":["Strike_B","Defend_B"],"player_choice":"Became Test Subject","damage_taken":0,"max_hp_gain":0,"max_hp_loss":0,"event_name":"Drug Dealer","floor":20,"gold_loss":0,"cards_obtained":["Compile Driver","Multi-Cast"]},{"damage_healed":0,"gold_gain":0,"player_choice":"Ignored","damage_taken":0,"max_hp_gain":0,"max_hp_loss":0,"event_name":"Cursed Tome","floor":22,"gold_loss":0}],"is_beta":true,"boss_relics":[{"not_picked":["Orrery","Runic Dome"],"picked":"Inserter"}],"items_purged_floors":[2],"is_endless":false,"potions_floor_spawned":[1,4,8,12,21],"killed_by":"Book of Stabbing","ascension_level":20}