{"gold_per_floor":[114,189,189,189,204,204,204,96,146,9,9,9,27,47,47,148,148,165,176,152,152,167,167,180,180],"floor_reached":25,"playtime":996,"items_purged":[],"score":265,"play_id":"f2938c7d-7f13-4192-9f49-03d12899ed4c","local_time":"20180805185612","is_ascension_mode":true,"campfire_choices":[{"data":"Inflame","floor":6.0,"key":"SMITH"},{"data":"Whirlwind","floor":11,"key":"SMITH"},{"data":"Shockwave","floor":15,"key":"SMITH"},{"data":"Whirlwind","floor":23,"key":"SMITH"}],"neow_cost":"NONE","seed_source_timestamp":0,"circlet_count":0,"master_deck":["Strike_R","Strike_R","Strike_R","Strike_R","Defend_R+1","Defend_R","Defend_R+1","Bash","Inflame+1","Iron Wave","Spot Weakness","Offering","Dark Shackles","Sword Boomerang","Whirlwind+1","Shockwave+1","Ghostly Armor","Flash of Steel","Dual Wield","Exhume","Immolate","Heavy Blade+1","Flex","Whirlwind+1","Entrench+1"],"special_seed":0,"relics":["Burning Blood","Pear","War Paint","White Beast Statue","Nilry\u0027s Codex"],"potions_floor_usage":[25],"damage_taken":[{"damage":8.0,"enemies":"Jaw Worm","floor":1.0,"turns":4.0},{"damage":5.0,"enemies":"Cultist","floor":5.0,"turns":2.0},{"damage":0,"enemies":"2 Louse","floor":13,"turns":1},{"damage":28,"enemies":"Red Slaver","floor":14,"turns":4},{"damage":10,"enemies":"Slime Boss","floor":16,"turns":5},{"damage":2,"enemies":"Chosen","floor":18,"turns":4},{"damage":10,"enemies":"Shell Parasite","floor":19,"turns":5},{"damage":15,"enemies":"Snake Plant","floor":22,"turns":4},{"damage":32,"enemies":"Centurion and Healer","floor":24,"turns":4},{"damage":54,"enemies":"Slavers","floor":25,"turns":4}],"seed_played":"7895738815934860051","potions_obtained":[{"floor":16,"key":"SkillPotion"},{"floor":18,"key":"Ancient Potion"},{"floor":19,"key":"FearPotion"}],"is_trial":false,"path_per_floor":["M","?","T","?","M","R","?","$","T","$","R","?","M","M","R","B",null,"M","M","$","?","M","R","M"],"character_chosen":"IRONCLAD","items_purchased":["Whirlwind","Shockwave","Ghostly Armor","Flash of Steel","Flex"],"campfire_rested":0,"item_purchase_floors":[8,8,10,10,20],"current_hp_per_floor":[78,67,77,77,78,78,78,78,78,78,78,71,77,55,55,51,90,90,86,86,70,61,61,49,0],"gold":180,"neow_bonus":"TRANSFORM_CARD","is_prod":false,"is_daily":false,"chose_seed":false,"campfire_upgraded":4,"win_rate":0,"timestamp":1533466572,"path_taken":["M","?","?","?","?","R","?","$","T","$","R","?","M","?","R","BOSS","M","M","?","?","M","R","?","E"],"build_version":"2018-08-02","purchased_purges":0,"victory":false,"max_hp_per_floor":[80,80,90,90,90,90,90,90,90,90,90,90,90,90,90,90,90,90,90,90,90,90,90,90,90],"card_choices":[{"not_picked":["True Grit","Wild Strike"],"picked":"Iron Wave","floor":1.0},{"not_picked":["Combust","Thunderclap"],"picked":"Sword Boomerang","floor":5.0},{"not_picked":["Wild Strike","Disarm"],"picked":"Dual Wield","floor":13},{"not_picked":["Headbutt","Twin Strike"],"picked":"Exhume","floor":14},{"not_picked":["Fiend Fire","Dark Embrace"],"picked":"Immolate","floor":16},{"not_picked":["Clothesline","Thunderclap"],"picked":"Heavy Blade+1","floor":18},{"not_picked":["Iron Wave+1","Anger","Rampage"],"picked":"SKIP","floor":19},{"not_picked":["Rampage","Pommel Strike"],"picked":"Whirlwind","floor":22},{"not_picked":["Perfected Strike","Body Slam+1"],"picked":"Entrench+1","floor":24}],"player_experience":210694,"relics_obtained":[{"floor":3.0,"key":"Pear"},{"floor":9,"key":"War Paint"},{"floor":21,"key":"Nilry\u0027s Codex"}],"event_choices":[{"event_name":"World of Goop","player_choice":"Gather Gold","floor":2.0,"damage_taken":0.0},{"event_name":"Match and Keep!","player_choice":"3 cards matched","floor":4.0,"damage_taken":0.0},{"event_name":"Transmorgrifier","player_choice":"Transform","floor":7.0,"damage_taken":0.0},{"event_name":"Golden Wing","player_choice":"Card Removal","floor":12,"damage_taken":0},{"event_name":"Cursed Tome","player_choice":"Obtained Book","floor":21,"damage_taken":0}],"is_beta":false,"boss_relics":[{"not_picked":["Coffee Dripper","Velvet Choker"],"picked":"White Beast Statue"}],"items_purged_floors":[],"is_endless":false,"potions_floor_spawned":[16,18,19,22,24],"killed_by":"Slavers","ascension_level":2}