{"gold_per_floor":[119,134,134,134,309,309,319,59,59,85,95,95,95,107,107,210,210,223,322,322,103,119,153,153,172,195,208,208],"floor_reached":28,"playtime":1207,"items_purged":["Doubt"],"score":323,"play_id":"b3bb0420-540a-4aa0-a85d-5edcaa2264d7","local_time":"20180721110847","is_ascension_mode":true,"campfire_choices":[{"floor":6.0,"key":"REST"},{"floor":13.0,"key":"REST"},{"data":"Chaos","floor":15.0,"key":"SMITH"},{"data":"Capacitor","floor":24,"key":"SMITH"}],"neow_cost":"CURSE","seed_source_timestamp":8240780135680,"circlet_count":0,"master_deck":["Strike_B","Strike_B+1","Strike_B","Strike_B","Defend_B","Defend_B","Defend_B+1","Defend_B","Zap","Dualcast","Decay","Coolheaded","Turbo","Chaos+1","Conserve Battery+1","Glacier+1","Auto Shields+1","Darkness+1","Seek+1","Cold Snap+1","Capacitor+1","Turbo+1","Hologram+1","Glacier+1","Coolheaded+1","Steam+1","Sunder"],"special_seed":0,"relics":["Cracked Core","Question Card","Toxic Egg 2","Dream Catcher","Anchor","Mercury Hourglass","Eternal Feather","Meat on the Bone","Pear","Lantern"],"potions_floor_usage":[27],"damage_taken":[{"damage":3.0,"enemies":"Cultist","floor":1.0,"turns":3.0},{"damage":12.0,"enemies":"Jaw Worm","floor":2.0,"turns":7.0},{"damage":3.0,"enemies":"Small Slimes","floor":7.0,"turns":2.0},{"damage":38.0,"enemies":"Gremlin Nob","floor":10.0,"turns":5.0},{"damage":2.0,"enemies":"2 Fungi Beasts","floor":11.0,"turns":4.0},{"damage":0.0,"enemies":"Exordium Wildlife","floor":14.0,"turns":3.0},{"damage":17,"enemies":"The Guardian","floor":16,"turns":13},{"damage":18,"enemies":"Chosen","floor":18,"turns":6},{"damage":3,"enemies":"3 Byrds","floor":22,"turns":6},{"damage":46,"enemies":"Slavers","floor":23,"turns":7},{"damage":36,"enemies":"Centurion and Healer","floor":25,"turns":11},{"damage":6,"enemies":"Snecko","floor":27,"turns":6},{"damage":37,"enemies":"Gremlin Leader","floor":28,"turns":3}],"seed_played":"-1427868799100171908","potions_obtained":[{"floor":1.0,"key":"GamblersBrew"},{"floor":7.0,"key":"Swift Potion"},{"floor":16,"key":"FearPotion"},{"floor":23,"key":"AttackPotion"}],"is_trial":false,"path_per_floor":["M","M","?","T","?","R","M","$","T","E","M","T","R","M","R","B",null,"M","?","T","$","M","E","R","M","T","M"],"character_chosen":"DEFECT","items_purchased":["Toxic Egg 2","Capacitor","Turbo+1","Hologram+1"],"campfire_rested":2,"item_purchase_floors":[8,21,21,21],"current_hp_per_floor":[86,74,56,56,56,82,79,79,79,41,39,39,65,65,65,48,79,61,61,61,61,58,34,49,25,25,31,0],"gold":208,"neow_bonus":"TWENTY_PERCENT_HP_BONUS","is_prod":false,"is_daily":false,"chose_seed":false,"campfire_upgraded":2,"win_rate":0,"timestamp":1532142527,"path_taken":["M","?","?","?","?","R","M","$","T","E","?","?","R","M","R","BOSS","M","?","?","$","?","E","R","M","T","M","E"],"build_version":"2018-07-19v2","purchased_purges":1,"victory":false,"max_hp_per_floor":[89,89,89,89,89,89,89,89,89,89,89,89,89,89,89,89,89,89,89,89,89,89,99,99,99,99,99,99],"card_choices":[{"not_picked":["Steam","Ball Lightning"],"picked":"Coolheaded","floor":1.0},{"not_picked":["Aggregate","Barrage"],"picked":"Turbo","floor":2.0},{"not_picked":["Cold Snap","Reinforced Body","Conserve Battery"],"picked":"Chaos","floor":7.0},{"not_picked":["Go for the Eyes","Gash","Ball Lightning"],"picked":"Conserve Battery+1","floor":10.0},{"not_picked":["Steam+1","Barrage","Turbo+1"],"picked":"Glacier+1","floor":11.0},{"not_picked":["Streamline","All For One","Doom and Gloom"],"picked":"Auto Shields+1","floor":13.0},{"not_picked":["Skim+1","Redo+1","Rebound"],"picked":"Darkness+1","floor":14.0},{"not_picked":["Machine Learning","Echo Form","Multi-Cast+1"],"picked":"Seek+1","floor":16},{"not_picked":["Sunder+1","Gash+1","Genetic Algorithm+1"],"picked":"Cold Snap+1","floor":18},{"not_picked":["Beam Cell","Gash","Cold Snap"],"picked":"Glacier+1","floor":22},{"not_picked":["Barrage","Streamline","Redo+1"],"picked":"Coolheaded+1","floor":23},{"not_picked":["Rip and Tear","Ball Lightning","Melter"],"picked":"Steam+1","floor":25},{"not_picked":["Compile Driver+1","Hologram+1","Gash+1"],"picked":"Sunder","floor":27}],"player_experience":135290,"relics_obtained":[{"floor":4.0,"key":"Question Card"},{"floor":9.0,"key":"Dream Catcher"},{"floor":10.0,"key":"Anchor"},{"floor":12.0,"key":"Mercury Hourglass"},{"floor":20,"key":"Meat on the Bone"},{"floor":23,"key":"Pear"},{"floor":26,"key":"Lantern"}],"event_choices":[{"event_name":"Shining Light","player_choice":"Entered Light","floor":3.0,"damage_taken":0.0},{"event_name":"Liars Game","player_choice":"agreed","floor":5.0,"damage_taken":0.0},{"event_name":"Nest","player_choice":"Stole From Cult","floor":19,"damage_taken":0}],"is_beta":false,"boss_relics":[{"not_picked":["Busted Crown","Black Star"],"picked":"Eternal Feather"}],"items_purged_floors":[21],"is_endless":false,"potions_floor_spawned":[1,7,16,23],"killed_by":"Gremlin Leader","ascension_level":5}