{"gold_per_floor":[119,119,131,143,158,158,188,70,70,80,80,2,16,28,28,105,105,125,143,143,58,69,69,69],"floor_reached":24,"playtime":1176,"items_purged":[],"score":400,"play_id":"44eeeeba-67cb-4910-9eb3-440ce13d2d15","local_time":"20180921224613","is_ascension_mode":true,"campfire_choices":[{"floor":6.0,"key":"REST"},{"floor":15.0,"key":"REST"},{"floor":23,"key":"REST"}],"neow_cost":"NONE","seed_source_timestamp":10462629526404,"circlet_count":0,"master_deck":["Strike_B","Strike_B","Strike_B","Defend_B","Defend_B","Defend_B","Defend_B","Zap","Dualcast","AscendersBane","Compile Driver","Doom and Gloom","Double Energy","BootSequence","Cold Snap","Chill","Capacitor","Glacier","Leap","Decay","Consume","Undo","Streamline","Machine Learning","Redo","Conserve Battery"],"special_seed":0,"relics":["Fusion Hammer","Meat on the Bone","Matryoshka","Cursed Key","Sundial"],"potions_floor_usage":[24],"damage_taken":[{"damage":3.0,"enemies":"Small Slimes","floor":1.0,"turns":3.0},{"damage":0.0,"enemies":"Cultist","floor":3.0,"turns":2.0},{"damage":9.0,"enemies":"Jaw Worm","floor":4.0,"turns":4.0},{"damage":18.0,"enemies":"Lots of Slimes","floor":5.0,"turns":4.0},{"damage":24.0,"enemies":"3 Sentries","floor":7.0,"turns":7.0},{"damage":0.0,"enemies":"Looter","floor":10.0,"turns":4.0},{"damage":6.0,"enemies":"Large Slime","floor":13.0,"turns":8.0},{"damage":8.0,"enemies":"3 Louse","floor":14.0,"turns":6.0},{"damage":42.0,"enemies":"Hexaghost","floor":16.0,"turns":12.0},{"damage":13.0,"enemies":"Spheric Guardian","floor":18.0,"turns":6.0},{"damage":13.0,"enemies":"Chosen","floor":19.0,"turns":7.0},{"damage":17,"enemies":"Snake Plant","floor":22,"turns":6},{"damage":66,"enemies":"Book of Stabbing","floor":24,"turns":6}],"seed_played":"-5940229465900339826","potions_obtained":[{"floor":1.0,"key":"EssenceOfSteel"},{"floor":5.0,"key":"Poison Potion"},{"floor":10.0,"key":"GamblersBrew"},{"floor":14.0,"key":"Weak Potion"},{"floor":22,"key":"Weak Potion"}],"is_trial":false,"path_per_floor":["M","?","M","M","M","R","E","$","T","M","?","$","M","M","R","B",null,"M","M","?","?","M","R"],"character_chosen":"DEFECT","items_purchased":["Capacitor","Glacier","Consume"],"campfire_rested":3,"item_purchase_floors":[8,8,12],"current_hp_per_floor":[61,61,61,52,34,55,31,31,31,43,43,43,37,41,62,32,61,48,47,47,47,42,63,0],"gold":69,"neow_bonus":"BOSS_RELIC","is_prod":false,"is_daily":false,"chose_seed":false,"campfire_upgraded":0,"win_rate":0,"timestamp":1537541173,"path_taken":["M","?","M","M","M","R","E","$","T","M","?","$","M","M","R","BOSS","M","M","?","?","M","R","E"],"build_version":"2018-09-20","purchased_purges":0,"victory":false,"max_hp_per_floor":[71,71,71,71,71,71,71,71,71,71,71,71,71,71,71,71,71,71,71,71,71,71,71,71],"card_choices":[{"not_picked":["Lockon","Stack"],"picked":"Compile Driver","floor":1.0},{"not_picked":["Gash","Rebound"],"picked":"Double Energy","floor":3.0},{"not_picked":["Hologram","Doom and Gloom"],"picked":"BootSequence","floor":4.0},{"not_picked":["Hologram","Conserve Battery"],"picked":"Cold Snap","floor":5.0},{"not_picked":["Scrape","Rip and Tear"],"picked":"Chill","floor":7.0},{"not_picked":["Capacitor","Force Field"],"picked":"Leap","floor":10.0},{"not_picked":["Tempest","Double Energy"],"picked":"Undo","floor":13.0},{"not_picked":["Beam Cell","Coolheaded"],"picked":"Streamline","floor":14.0},{"not_picked":["Thunder Strike","Meteor Strike"],"picked":"Machine Learning","floor":16.0},{"not_picked":["Steam","Recycle","Turbo"],"picked":"SKIP","floor":18.0},{"not_picked":["Sweeping Beam","Stack"],"picked":"Redo","floor":19.0},{"not_picked":["Genetic Algorithm","Consume"],"picked":"Conserve Battery","floor":22}],"player_experience":371980,"relics_obtained":[{"floor":7.0,"key":"Meat on the Bone"},{"floor":9.0,"key":"Matryoshka"}],"event_choices":[{"event_name":"Transmorgrifier","player_choice":"Transform","floor":2.0,"damage_taken":0.0},{"event_name":"Wheel of Change","player_choice":"Curse","floor":11.0,"damage_taken":0.0},{"event_name":"The Mausoleum","player_choice":"No","floor":20,"damage_taken":0},{"event_name":"Addict","player_choice":"Obtained Relic","floor":21,"damage_taken":0}],"is_beta":true,"boss_relics":[{"not_picked":["Tiny House","Snecko Eye"],"picked":"Cursed Key"}],"items_purged_floors":[],"is_endless":false,"potions_floor_spawned":[1,5,10,14,22],"killed_by":"Book of Stabbing","ascension_level":20}