{"gold_per_floor":[116,133,181,199,210,240,87,98,98,98,116,116,129,139,139,139],"floor_reached":16,"playtime":665,"items_purged":["Strike_B"],"score":212,"play_id":"9692bb8b-68ee-415e-87a6-4c65e3efdf83","local_time":"20180921202036","is_ascension_mode":true,"campfire_choices":[{"data":"Go for the Eyes","floor":10,"key":"SMITH"},{"data":"Tempest","floor":15,"key":"SMITH"}],"neow_cost":"NONE","seed_source_timestamp":2309539972921,"circlet_count":0,"master_deck":["Strike_B","Strike_B","Strike_B","Defend_B","Defend_B","Defend_B","Defend_B","Zap+1","Dualcast","AscendersBane","Go for the Eyes+1","Beam Cell","Consume","Cold Snap","Auto Shields","Coolheaded","Turbo","Ball Lightning","Steam","Leap","Tempest+1"],"special_seed":0,"relics":["Cracked Core","Blood Vial","Bottled Flame","Symbiotic Virus","Matryoshka"],"potions_floor_usage":[],"damage_taken":[{"damage":1.0,"enemies":"Cultist","floor":1.0,"turns":3.0},{"damage":7.0,"enemies":"Jaw Worm","floor":2.0,"turns":3.0},{"damage":4.0,"enemies":"Small Slimes","floor":4.0,"turns":3.0},{"damage":8.0,"enemies":"3 Louse","floor":5.0,"turns":4.0},{"damage":4.0,"enemies":"Gremlin Nob","floor":6.0,"turns":3.0},{"damage":7,"enemies":"Blue Slaver","floor":8,"turns":4},{"damage":0,"enemies":"Large Slime","floor":11,"turns":3},{"damage":0,"enemies":"2 Fungi Beasts","floor":13,"turns":2},{"damage":0,"enemies":"Blue Slaver","floor":14,"turns":3},{"damage":50,"enemies":"Hexaghost","floor":16,"turns":9}],"seed_played":"-7556141157983566343","potions_obtained":[{"floor":1.0,"key":"SteroidPotion"},{"floor":5.0,"key":"SteroidPotion"},{"floor":6,"key":"EntropicBrew"},{"floor":8,"key":"Explosive Potion"},{"floor":13,"key":"SmokeBomb"}],"is_trial":false,"path_per_floor":["M","M","T","M","M","E","$","M","T","R","M","T","M","M","R"],"character_chosen":"DEFECT","items_purchased":["Coolheaded","Turbo"],"campfire_rested":0,"item_purchase_floors":[7,7],"current_hp_per_floor":[63,56,56,54,48,46,46,41,41,41,43,43,45,47,47,0],"gold":139,"neow_bonus":"UPGRADE_CARD","is_prod":false,"is_daily":false,"chose_seed":false,"campfire_upgraded":2,"win_rate":0,"timestamp":1537532436,"path_taken":["M","M","?","?","?","E","?","M","T","R","M","?","M","M","R","BOSS"],"build_version":"2018-09-20","purchased_purges":1,"victory":false,"max_hp_per_floor":[71,71,71,71,71,71,71,71,71,71,71,71,71,71,71,71],"card_choices":[{"not_picked":["Rip and Tear","Hologram"],"picked":"Go for the Eyes","floor":1.0},{"not_picked":["Heatsinks","Rebound"],"picked":"Beam Cell","floor":2.0},{"not_picked":["Reprogram","Storm"],"picked":"Consume","floor":4.0},{"not_picked":["Steam","Conserve Battery"],"picked":"Cold Snap","floor":5.0},{"not_picked":["Turbo","Doom and Gloom"],"picked":"Auto Shields","floor":6},{"not_picked":["Rebound","Go for the Eyes"],"picked":"Ball Lightning","floor":8},{"not_picked":["Cold Snap","Coolheaded"],"picked":"Steam","floor":11},{"not_picked":["Static Discharge","Gash"],"picked":"Leap","floor":13},{"not_picked":["Hello World","Consume"],"picked":"Tempest","floor":14}],"player_experience":365692,"relics_obtained":[{"floor":3.0,"key":"Blood Vial"},{"floor":6,"key":"Bottled Flame"},{"floor":9,"key":"Symbiotic Virus"},{"floor":12,"key":"Matryoshka"}],"event_choices":[],"is_beta":true,"boss_relics":[],"items_purged_floors":[7],"is_endless":false,"potions_floor_spawned":[1,5,6,8,13],"killed_by":"Hexaghost","ascension_level":20}