{"gold_per_floor":[118,128,128,53,53,67,67,142,165,165,184,184,184,194,194,290,290,305,32,32,32,47,47,47,67,67,95,20,20,20,200,200,304,304,316,329,329,329],"floor_reached":38,"playtime":1610,"items_purged":["Normality"],"score":380,"play_id":"2b65a3b9-322b-4e9e-ab0f-9df1a0b18087","local_time":"20190805110932","is_ascension_mode":false,"campfire_choices":[{"floor":10,"key":"DIG"},{"floor":12,"key":"DIG"},{"floor":15,"key":"REST"},{"floor":23,"key":"DIG"},{"floor":30,"key":"DIG"},{"floor":32,"key":"REST"}],"neow_cost":"CURSE","seed_source_timestamp":1130798559420705,"circlet_count":0,"master_deck":["Strike_R+1","Strike_R+1","Strike_R+1","Strike_R+1","Strike_R+1","Defend_R+1","Defend_R+1","Defend_R+1","Bash+1","Clothesline","Anger","Shrug It Off","Double Tap+1","Disarm","Impervious","Double Tap","Flex+1","Dramatic Entrance","Deep Breath"],"relics":["Burning Blood","Shovel","Bag of Preparation","Lantern","Juzu Bracelet","Ancient Tea Set","Mark of Pain","Membership Card","Blood Vial","Happy Flower","Oddly Smooth Stone","Regal Pillow","Bag of Marbles","Mummified Hand","Black Star"],"potions_floor_usage":[16,27,33,33,38],"damage_taken":[{"damage":10,"enemies":"Cultist","floor":1,"turns":4},{"damage":7,"enemies":"Jaw Worm","floor":2,"turns":5},{"damage":10,"enemies":"Small Slimes","floor":6,"turns":4},{"damage":14,"enemies":"Gremlin Gang","floor":11,"turns":7},{"damage":8,"enemies":"Lots of Slimes","floor":14,"turns":6},{"damage":41,"enemies":"Hexaghost","floor":16,"turns":10},{"damage":4,"enemies":"3 Byrds","floor":18,"turns":7},{"damage":25,"enemies":"Spheric Guardian","floor":22,"turns":4},{"damage":6,"enemies":"Snake Plant","floor":25,"turns":4},{"damage":20,"enemies":"Book of Stabbing","floor":27,"turns":4},{"damage":80,"enemies":"Collector","floor":33,"turns":13},{"damage":0,"enemies":"3 Shapes","floor":35,"turns":3},{"damage":22,"enemies":"Orb Walker","floor":36,"turns":5},{"damage":58,"enemies":"2 Orb Walkers","floor":38,"turns":5}],"seed_played":"-4372111328808163409","potions_obtained":[{"floor":11,"key":"LiquidBronze"},{"floor":16,"key":"Poison Potion"},{"floor":21,"key":"FairyPotion"},{"floor":21,"key":"Strength Potion"},{"floor":21,"key":"SpeedPotion"},{"floor":27,"key":"Strength Potion"},{"floor":35,"key":"FearPotion"}],"is_trial":false,"path_per_floor":["M","M","T","$","?","M","$","?","T","R","M","R","$","M","R","B",null,"M","$","?","?","M","R","?","M","T","E","$","?","R","?","R","B",null,"M","M","?","?"],"character_chosen":"IRONCLAD","items_purchased":["Membership Card","Blood Vial","Bag of Marbles"],"campfire_rested":2,"item_purchase_floors":[19,19,28],"current_hp_per_floor":[76,75,75,75,75,71,71,60,60,60,52,52,52,50,74,39,80,80,80,80,80,61,61,61,63,63,51,51,51,51,27,66,14,80,80,64,54,0],"gold":329,"neow_bonus":"ONE_RARE_RELIC","is_prod":false,"is_daily":false,"chose_seed":false,"campfire_upgraded":0,"win_rate":0,"timestamp":1565017772,"path_taken":["M","M","?","$","?","M","$","?","T","R","M","R","?","M","R","BOSS","M","$","?","?","M","R","?","M","T","E","?","?","R","?","R","BOSS","M","M","?","?"],"build_version":"2019-06-28","purchased_purges":1,"victory":false,"max_hp_per_floor":[80,80,80,80,80,80,80,80,80,80,80,80,80,80,80,80,80,80,80,80,80,80,80,80,80,80,80,80,80,80,80,80,80,80,80,80,80,80],"card_choices":[{"not_picked":["Sword Boomerang","Headbutt"],"picked":"Clothesline","floor":1},{"not_picked":["Evolve","Armaments","Cleave"],"picked":"SKIP","floor":2},{"not_picked":["Hemokinesis","Iron Wave"],"picked":"Anger","floor":6},{"not_picked":["Spot Weakness","Burning Pact"],"picked":"Shrug It Off","floor":11},{"not_picked":["Clash","Searing Blow","Corruption"],"picked":"SKIP","floor":14},{"not_picked":["Bludgeon","Juggernaut"],"picked":"Double Tap","floor":16},{"not_picked":["Warcry","Twin Strike","Body Slam"],"picked":"SKIP","floor":18},{"not_picked":["Thunderclap","Warcry","Twin Strike"],"picked":"SKIP","floor":22},{"not_picked":["Burning Pact","Evolve","Metallicize"],"picked":"SKIP","floor":25},{"not_picked":["Shockwave+1","True Grit"],"picked":"Impervious","floor":27},{"not_picked":["Dark Embrace","Immolate"],"picked":"Double Tap","floor":33},{"not_picked":["Twin Strike","Pommel Strike"],"picked":"Flex+1","floor":35},{"not_picked":["Shrug It Off","Flex","Demon Form"],"picked":"SKIP","floor":36},{"not_picked":["Forethought","Swift Strike"],"picked":"Dramatic Entrance","floor":37},{"not_picked":["HandOfGreed","Discovery"],"picked":"Deep Breath","floor":37}],"player_experience":21799,"relics_obtained":[{"floor":3,"key":"Bag of Preparation"},{"floor":9,"key":"Lantern"},{"floor":10,"key":"Juzu Bracelet"},{"floor":12,"key":"Ancient Tea Set"},{"floor":23,"key":"Happy Flower"},{"floor":26,"key":"Oddly Smooth Stone"},{"floor":27,"key":"Regal Pillow"},{"floor":30,"key":"Mummified Hand"}],"event_choices":[{"damage_healed":0,"gold_gain":0,"player_choice":"Grow","damage_taken":0,"max_hp_gain":0,"max_hp_loss":0,"event_name":"Living Wall","floor":5,"gold_loss":0,"cards_upgraded":["Bash"]},{"damage_healed":0,"gold_gain":75,"player_choice":"Gather Gold","damage_taken":11,"max_hp_gain":0,"max_hp_loss":0,"event_name":"World of Goop","floor":8,"gold_loss":0},{"damage_healed":0,"gold_gain":0,"player_choice":"Upgraded","damage_taken":0,"max_hp_gain":0,"max_hp_loss":0,"event_name":"Upgrade Shrine","floor":20,"gold_loss":0,"cards_upgraded":["Double Tap"]},{"damage_healed":0,"gold_gain":0,"player_choice":"Got Potions","damage_taken":0,"max_hp_gain":0,"max_hp_loss":0,"event_name":"Lab","floor":21,"gold_loss":0},{"damage_healed":0,"gold_gain":0,"cards_transformed":["Defend_R"],"player_choice":"Transformed","damage_taken":0,"max_hp_gain":0,"max_hp_loss":0,"event_name":"Transmorgrifier","floor":24,"gold_loss":0,"cards_obtained":["Disarm"]},{"damage_healed":0,"gold_gain":0,"player_choice":"Simplicity","damage_taken":0,"max_hp_gain":0,"max_hp_loss":0,"event_name":"Back to Basics","floor":29,"gold_loss":0,"cards_upgraded":["Strike_R","Strike_R","Strike_R","Strike_R","Strike_R","Defend_R","Defend_R","Defend_R"]},{"damage_healed":0,"gold_gain":180,"player_choice":"GOLD GOLD ","damage_taken":24,"max_hp_gain":0,"max_hp_loss":0,"event_name":"Knowing Skull","floor":31,"potions_obtained":[],"gold_loss":0,"cards_obtained":[]},{"damage_healed":0,"gold_gain":0,"player_choice":"Memory 3","damage_taken":10,"max_hp_gain":0,"max_hp_loss":0,"event_name":"SensoryStone","floor":37,"gold_loss":0},{"damage_healed":0,"gold_gain":0,"player_choice":"Fight","damage_taken":0,"max_hp_gain":0,"max_hp_loss":0,"event_name":"Mysterious Sphere","floor":38,"gold_loss":0}],"is_beta":true,"boss_relics":[{"not_picked":["Lizard Tail","Eternal Feather"],"picked":"Mark of Pain"},{"not_picked":["Runic Cube","Velvet Choker"],"picked":"Black Star"}],"items_purged_floors":[4],"is_endless":false,"potions_floor_spawned":[11,16,27,35],"killed_by":"2 Orb Walkers","ascension_level":0}