{"gold_per_floor":[11,29,29,39,51,78,78,105,105,105,122,122,151,164,164,164],"floor_reached":16,"playtime":792,"items_purged":[],"score":165,"play_id":"5a6a8ff8-eba8-4330-9d05-692d3d9a1016","local_time":"20180830084551","is_ascension_mode":true,"campfire_choices":[{"data":"Barricade","floor":7,"key":"SMITH"},{"data":"Trip","floor":10,"key":"SMITH"},{"data":"True Grit","floor":12,"key":"SMITH"},{"data":"Double Tap","floor":15,"key":"SMITH"}],"neow_cost":"NO_GOLD","seed_source_timestamp":0,"circlet_count":0,"master_deck":["Strike_R","Strike_R","Strike_R","Strike_R","Strike_R","Defend_R","Defend_R","Defend_R","Defend_R","Bash","Thunderclap","Heavy Blade","Barricade+1","Trip+1","Flex","True Grit+1","Flame Barrier","Battle Trance","Rage","Double Tap+1","Power Through"],"special_seed":0,"relics":["Burning Blood","StoneCalendar","Question Card","Pantograph","The Courier"],"potions_floor_usage":[],"damage_taken":[{"damage":14.0,"enemies":"2 Louse","floor":1.0,"turns":4.0},{"damage":1.0,"enemies":"Cultist","floor":2.0,"turns":3.0},{"damage":7,"enemies":"Jaw Worm","floor":4,"turns":3},{"damage":13,"enemies":"Red Slaver","floor":5,"turns":3},{"damage":19,"enemies":"Gremlin Nob","floor":6,"turns":4},{"damage":28,"enemies":"Lagavulin","floor":8,"turns":7},{"damage":8,"enemies":"Blue Slaver","floor":11,"turns":4},{"damage":31,"enemies":"3 Sentries","floor":13,"turns":7},{"damage":0,"enemies":"2 Fungi Beasts","floor":14,"turns":3},{"damage":54,"enemies":"The Guardian","floor":16,"turns":10}],"seed_played":"8166116372299696057","potions_obtained":[{"floor":2.0,"key":"Dexterity Potion"},{"floor":4,"key":"SneckoOil"}],"is_trial":false,"path_per_floor":["M","M","?","M","M","E","R","E","T","R","M","R","E","M","R"],"character_chosen":"IRONCLAD","items_purchased":[],"campfire_rested":0,"item_purchase_floors":[],"current_hp_per_floor":[88,93,93,92,85,72,72,50,50,50,48,48,23,29,29,0],"gold":164,"neow_bonus":"TWENTY_PERCENT_HP_BONUS","is_prod":false,"is_daily":false,"chose_seed":false,"campfire_upgraded":4,"win_rate":0,"timestamp":1535589951,"path_taken":["M","M","?","M","M","E","R","E","T","R","M","R","E","M","R","BOSS"],"build_version":"2018-08-28","purchased_purges":0,"victory":false,"max_hp_per_floor":[96,96,96,96,96,96,96,96,96,96,96,96,96,96,96,96],"card_choices":[{"not_picked":["Iron Wave","Heavy Blade"],"picked":"Thunderclap","floor":1.0},{"not_picked":["Thunderclap","Wild Strike"],"picked":"Heavy Blade","floor":2.0},{"not_picked":["Evolve","Rampage"],"picked":"Flex","floor":4},{"not_picked":["Wild Strike","Anger"],"picked":"True Grit","floor":5},{"not_picked":["Clash","Perfected Strike"],"picked":"Flame Barrier","floor":6},{"not_picked":["Bloodletting","Sever Soul"],"picked":"Battle Trance","floor":8},{"not_picked":["Sentinel","Evolve","Barricade"],"picked":"Rage","floor":11},{"not_picked":["Thunderclap","Dropkick","Cleave"],"picked":"Double Tap","floor":13},{"not_picked":["Clash","Anger","Clothesline"],"picked":"Power Through","floor":14}],"player_experience":266973,"relics_obtained":[{"floor":6,"key":"StoneCalendar"},{"floor":8,"key":"Question Card"},{"floor":9,"key":"Pantograph"},{"floor":13,"key":"The Courier"}],"event_choices":[{"event_name":"Match and Keep!","player_choice":"2 cards matched","floor":3,"damage_taken":0}],"is_beta":true,"boss_relics":[],"items_purged_floors":[],"is_endless":false,"potions_floor_spawned":[2,4],"killed_by":"The Guardian","ascension_level":3}