{"gold_per_floor":[115,133,144,154,154,186,186,213,236,249,214,242,258,277,277,378,378,362,375,387,387],"floor_reached":21,"playtime":798,"items_purged":[],"score":226,"play_id":"3b06b50a-c73c-4289-a5dc-4ba7d8d18eda","local_time":"20190807140401","is_ascension_mode":true,"campfire_choices":[{"floor":7,"key":"REST"},{"data":"Fire Breathing","floor":15,"key":"SMITH"}],"neow_cost":"NONE","seed_source_timestamp":1314880983196986,"circlet_count":0,"master_deck":["Strike_R","Strike_R","Strike_R","Strike_R","Strike_R","Defend_R","Defend_R","Defend_R","Defend_R","Bash","Flame Barrier","Clothesline","Metallicize","Carnage+1","Cleave","Rampage","Fire Breathing+1","Impervious","Flex+1","Metallicize+1"],"relics":["Black Blood","NeowsBlessing","Bag of Preparation","Juzu Bracelet","Anchor","Vajra"],"potions_floor_usage":[8,13,16,16,16],"damage_taken":[{"damage":0,"enemies":"2 Louse","floor":1,"turns":1},{"damage":0,"enemies":"Jaw Worm","floor":2,"turns":1},{"damage":0,"enemies":"Small Slimes","floor":3,"turns":1},{"damage":14,"enemies":"Blue Slaver","floor":4,"turns":7},{"damage":27,"enemies":"Gremlin Nob","floor":6,"turns":5},{"damage":23,"enemies":"Lagavulin","floor":8,"turns":5},{"damage":8,"enemies":"2 Fungi Beasts","floor":10,"turns":3},{"damage":8,"enemies":"3 Sentries","floor":12,"turns":8},{"damage":0,"enemies":"Red Slaver","floor":13,"turns":4},{"damage":1,"enemies":"Looter","floor":14,"turns":2},{"damage":49,"enemies":"Hexaghost","floor":16,"turns":13},{"damage":7,"enemies":"2 Thieves","floor":18,"turns":4},{"damage":32,"enemies":"Shell Parasite","floor":19,"turns":11},{"damage":35,"enemies":"Cultist and Chosen","floor":20,"turns":8},{"damage":34,"enemies":"Shelled Parasite and Fungi","floor":21,"turns":4}],"seed_played":"1636536874091190679","potions_obtained":[{"floor":3,"key":"Strength Potion"},{"floor":4,"key":"Poison Potion"},{"floor":10,"key":"Dexterity Potion"},{"floor":12,"key":"SteroidPotion"},{"floor":14,"key":"SpeedPotion"},{"floor":18,"key":"Ancient Potion"}],"is_trial":false,"path_per_floor":["M","M","M","M","?","E","R","E","T","M","?","E","M","M","R","B",null,"M","M","M","M"],"character_chosen":"IRONCLAD","items_purchased":[],"campfire_rested":1,"item_purchase_floors":[],"current_hp_per_floor":[80,80,80,72,72,51,75,58,58,56,76,74,80,80,80,37,80,80,58,33,0],"gold":387,"neow_bonus":"THREE_ENEMY_KILL","is_prod":false,"is_daily":false,"chose_seed":false,"campfire_upgraded":1,"win_rate":0,"timestamp":1565201041,"path_taken":["M","M","M","M","?","E","R","E","T","M","?","E","M","M","R","BOSS","M","M","M","M"],"build_version":"2019-06-28","purchased_purges":0,"victory":false,"max_hp_per_floor":[80,80,80,80,80,80,80,80,80,80,80,80,80,80,80,80,80,80,80,80,80],"card_choices":[{"not_picked":["Clash","Anger"],"picked":"Flame Barrier","floor":1},{"not_picked":["Thunderclap","Iron Wave"],"picked":"Clothesline","floor":2},{"not_picked":["Pummel","Perfected Strike"],"picked":"Metallicize","floor":3},{"not_picked":["Flame Barrier","Evolve"],"picked":"Carnage","floor":4},{"not_picked":["Burning Pact","Perfected Strike"],"picked":"Cleave","floor":6},{"not_picked":["Berserk","Burning Pact","Disarm"],"picked":"SKIP","floor":8},{"not_picked":["Armaments","Burning Pact","Metallicize"],"picked":"SKIP","floor":10},{"not_picked":["Burning Pact","Hemokinesis","Warcry"],"picked":"SKIP","floor":12},{"not_picked":["Sword Boomerang","Bloodletting"],"picked":"Rampage","floor":13},{"not_picked":["Perfected Strike","Thunderclap"],"picked":"Fire Breathing","floor":14},{"not_picked":["Reaper","Double Tap"],"picked":"Impervious","floor":16},{"not_picked":["Disarm","Pommel Strike"],"picked":"Flex+1","floor":18},{"not_picked":["Combust+1","Reckless Charge","Metallicize"],"picked":"SKIP","floor":19},{"not_picked":["Feel No Pain+1","Shockwave"],"picked":"Metallicize+1","floor":20}],"player_experience":46537,"relics_obtained":[{"floor":6,"key":"Bag of Preparation"},{"floor":8,"key":"Juzu Bracelet"},{"floor":9,"key":"Anchor"},{"floor":12,"key":"Vajra"}],"event_choices":[{"damage_healed":0,"gold_gain":0,"player_choice":"Grow","damage_taken":0,"max_hp_gain":0,"max_hp_loss":0,"event_name":"Living Wall","floor":5,"gold_loss":0,"cards_upgraded":["Carnage"]},{"damage_healed":20,"gold_gain":0,"player_choice":"Healed","damage_taken":0,"max_hp_gain":0,"max_hp_loss":0,"event_name":"The Cleric","floor":11,"gold_loss":35}],"is_beta":true,"boss_relics":[{"not_picked":["Philosopher\u0027s Stone","Lizard Tail"],"picked":"Black Blood"}],"items_purged_floors":[],"is_endless":false,"potions_floor_spawned":[3,4,10,12,14,18],"killed_by":"Shelled Parasite and Fungi","ascension_level":2}