{"gold_per_floor":[113,130,144,154,154,188,201,228,228,228],"floor_reached":10,"playtime":835,"items_purged":[],"score":156,"play_id":"361258b3-f10b-4f8a-8279-94ddf4d68cf2","local_time":"20180915204949","is_ascension_mode":true,"campfire_choices":[],"neow_cost":"NONE","seed_source_timestamp":36810082292810,"circlet_count":0,"master_deck":["Strike_B","Strike_B","Strike_B","Strike_B","Defend_B","Defend_B","Defend_B","Defend_B","Zap","Dualcast","AscendersBane","White Noise","Rebound","FTL","Self Repair+1","Go for the Eyes"],"special_seed":0,"relics":["Lizard Tail","Frozen Egg 2","Boot","Centennial Puzzle"],"potions_floor_usage":[6,7],"damage_taken":[{"damage":6.0,"enemies":"2 Louse","floor":1.0,"turns":3.0},{"damage":2.0,"enemies":"Cultist","floor":2.0,"turns":4.0},{"damage":7.0,"enemies":"Small Slimes","floor":3.0,"turns":4.0},{"damage":4.0,"enemies":"Exordium Wildlife","floor":4.0,"turns":5.0},{"damage":31,"enemies":"Gremlin Nob","floor":6,"turns":4},{"damage":8,"enemies":"Large Slime","floor":7,"turns":6},{"damage":30,"enemies":"Lagavulin","floor":8,"turns":7},{"damage":50,"enemies":"3 Sentries","floor":10,"turns":5}],"seed_played":"-6163213436416759102","potions_obtained":[{"floor":1.0,"key":"SteroidPotion"},{"floor":2.0,"key":"SkillPotion"},{"floor":6,"key":"SkillPotion"}],"is_trial":false,"path_per_floor":["M","M","M","M","?","E","M","E","T"],"character_chosen":"DEFECT","items_purchased":[],"campfire_rested":0,"item_purchase_floors":[],"current_hp_per_floor":[58,56,49,52,57,26,18,48,48,0],"gold":228,"neow_bonus":"BOSS_RELIC","is_prod":false,"is_daily":false,"chose_seed":false,"campfire_upgraded":0,"win_rate":0,"timestamp":1537015789,"path_taken":["M","M","M","M","?","E","?","E","T","E"],"build_version":"2018-09-12","purchased_purges":0,"victory":false,"max_hp_per_floor":[71,71,71,71,76,76,76,76,76,76],"card_choices":[{"not_picked":["Aggregate","Melter"],"picked":"White Noise","floor":1.0},{"not_picked":["Hello World","Force Field"],"picked":"Rebound","floor":2.0},{"not_picked":["Stack","Conserve Battery"],"picked":"FTL","floor":3.0},{"not_picked":["Barrage","Heatsinks","Scrape"],"picked":"SKIP","floor":4},{"not_picked":["Barrage","Heatsinks","Scrape"],"picked":"SKIP","floor":4},{"not_picked":["Barrage","Gash","Reprogram"],"picked":"SKIP","floor":6},{"not_picked":["Heatsinks+1","Storm+1"],"picked":"Self Repair+1","floor":7},{"not_picked":["Hyperbeam","Turbo"],"picked":"Go for the Eyes","floor":8}],"player_experience":341770,"relics_obtained":[{"floor":6,"key":"Frozen Egg 2"},{"floor":8,"key":"Boot"},{"floor":9,"key":"Centennial Puzzle"}],"event_choices":[{"event_name":"Big Fish","player_choice":"Donut","floor":5,"damage_taken":0}],"is_beta":true,"boss_relics":[],"items_purged_floors":[],"is_endless":false,"potions_floor_spawned":[1,2,6],"killed_by":"3 Sentries","ascension_level":19}