{"gold_per_floor":[110,35,48,65,78,111,111,139,139,139,172,172,207,227,227,324,324,334,344,91,91,91],"floor_reached":22,"playtime":863,"items_purged":["Writhe","Normality"],"score":235,"play_id":"4b31b5a4-5134-44c4-8946-c69f99d04eda","local_time":"20190809120820","is_ascension_mode":true,"campfire_choices":[{"floor":12,"key":"REST"},{"floor":15,"key":"REST"}],"neow_cost":"CURSE","seed_source_timestamp":1480674750663332,"circlet_count":0,"master_deck":["Strike_R","Strike_R","Strike_R","Strike_R","Strike_R","Defend_R","Defend_R","Defend_R","Defend_R","Bash","Panache","Clothesline","Perfected Strike","Twin Strike","Double Tap","Pommel Strike","Anger","Metamorphosis","Shrug It Off","Seeing Red","Feed","Parasite","Clumsy","Flex","Cleave"],"relics":["Burning Blood","Bottled Tornado","Meat on the Bone","StoneCalendar","Charon\u0027s Ashes","Incense Burner","Calling Bell","Bag of Preparation","Mercury Hourglass","Champion Belt","PreservedInsect","Nilry\u0027s Codex"],"potions_floor_usage":[6,8,11,19,22],"damage_taken":[{"damage":4,"enemies":"Cultist","floor":1,"turns":5},{"damage":7,"enemies":"2 Louse","floor":3,"turns":3},{"damage":5,"enemies":"Jaw Worm","floor":4,"turns":4},{"damage":0,"enemies":"Exordium Wildlife","floor":5,"turns":2},{"damage":34,"enemies":"Lagavulin","floor":6,"turns":6},{"damage":22,"enemies":"Gremlin Nob","floor":8,"turns":4},{"damage":26,"enemies":"Lagavulin","floor":11,"turns":4},{"damage":26,"enemies":"Gremlin Nob","floor":13,"turns":4},{"damage":6,"enemies":"2 Fungi Beasts","floor":14,"turns":3},{"damage":53,"enemies":"The Guardian","floor":16,"turns":7},{"damage":22,"enemies":"2 Thieves","floor":18,"turns":2},{"damage":30,"enemies":"Chosen","floor":19,"turns":5},{"damage":42,"enemies":"3 Cultists","floor":22,"turns":4}],"seed_played":"1658112153964859003","potions_obtained":[{"floor":1,"key":"AttackPotion"},{"floor":4,"key":"SpeedPotion"},{"floor":8,"key":"AttackPotion"},{"floor":16,"key":"FearPotion"},{"floor":18,"key":"Regen Potion"},{"floor":19,"key":"Energy Potion"}],"is_trial":false,"path_per_floor":["M","$","M","M","M","E","$","E","T","?","E","R","E","M","R","B",null,"M","M","$","?","M"],"character_chosen":"IRONCLAD","items_purchased":["PreservedInsect"],"campfire_rested":2,"item_purchase_floors":[20],"current_hp_per_floor":[80,80,79,80,80,52,52,36,36,36,28,52,44,56,80,45,80,64,57,57,41,0],"gold":91,"neow_bonus":"RANDOM_COLORLESS_2","is_prod":false,"is_daily":false,"chose_seed":false,"campfire_upgraded":0,"win_rate":0,"timestamp":1565366900,"path_taken":["M","$","?","M","M","E","$","E","T","?","E","R","E","?","R","BOSS","M","M","$","?","M"],"build_version":"2019-06-28","purchased_purges":2,"victory":false,"max_hp_per_floor":[80,80,80,80,80,80,80,80,80,80,80,80,80,80,80,80,80,80,80,80,80,80],"card_choices":[{"not_picked":["Havoc","Heavy Blade"],"picked":"Clothesline","floor":1},{"not_picked":["Spot Weakness","Inflame"],"picked":"Perfected Strike","floor":3},{"not_picked":["Spot Weakness","Shrug It Off"],"picked":"Twin Strike","floor":4},{"not_picked":["Thunderclap","Wild Strike"],"picked":"Double Tap","floor":5},{"not_picked":["Dual Wield","Sever Soul"],"picked":"Pommel Strike","floor":6},{"not_picked":["Warcry","Exhume"],"picked":"Anger","floor":8},{"not_picked":["Headbutt","Pommel Strike"],"picked":"Shrug It Off","floor":11},{"not_picked":["Twin Strike","Body Slam","Rage"],"picked":"SKIP","floor":13},{"not_picked":["Metallicize","Clash"],"picked":"Seeing Red","floor":14},{"not_picked":["Double Tap","Reaper"],"picked":"Feed","floor":16},{"not_picked":["Disarm","Double Tap"],"picked":"Flex","floor":18},{"not_picked":["Sword Boomerang","Wild Strike+1"],"picked":"Cleave","floor":19}],"player_experience":60272,"relics_obtained":[{"floor":6,"key":"Bottled Tornado"},{"floor":8,"key":"Meat on the Bone"},{"floor":9,"key":"StoneCalendar"},{"floor":11,"key":"Charon\u0027s Ashes"},{"floor":13,"key":"Incense Burner"},{"floor":17,"key":"Bag of Preparation"},{"floor":17,"key":"Mercury Hourglass"},{"floor":17,"key":"Champion Belt"},{"floor":21,"key":"Nilry\u0027s Codex"}],"event_choices":[{"damage_healed":0,"gold_gain":0,"cards_transformed":["Violence"],"player_choice":"Transformed","damage_taken":0,"max_hp_gain":0,"max_hp_loss":0,"event_name":"Transmorgrifier","floor":10,"gold_loss":0,"cards_obtained":["Metamorphosis"]},{"damage_healed":0,"gold_gain":0,"player_choice":"Obtained Book","damage_taken":16,"max_hp_gain":0,"max_hp_loss":0,"event_name":"Cursed Tome","floor":21,"gold_loss":0}],"is_beta":true,"boss_relics":[{"not_picked":["Eternal Feather","Philosopher\u0027s Stone"],"picked":"Calling Bell"}],"items_purged_floors":[2,20],"is_endless":false,"potions_floor_spawned":[1,4,8,16,18,19],"killed_by":"3 Cultists","ascension_level":2}