{"gold_per_floor":[117,117,117,127,127,127,147,174,201,212,212,225,255,305,305,383,383,403,417,417,428,428,428],"floor_reached":23,"playtime":967,"items_purged":[],"score":439,"play_id":"4a090813-ba1e-472f-b181-60fe4ae89723","local_time":"20181030194300","is_ascension_mode":true,"campfire_choices":[{"data":"Well Laid Plans","floor":6.0,"key":"SMITH"},{"floor":11.0,"key":"REST"},{"data":"Concentrate","floor":15.0,"key":"SMITH"}],"neow_cost":"NONE","seed_source_timestamp":580767383985,"circlet_count":0,"master_deck":["Defend_G","Defend_G","Defend_G","Defend_G","Defend_G","Strike_G","Strike_G","Strike_G+1","Strike_G","Survivor","Neutralize+1","AscendersBane","Backstab","Well Laid Plans+1","Concentrate+1","Leg Sweep","Predator","A Thousand Cuts","Bouncing Flask","Calculated Gamble+1","After Image","Flechettes","Dodge and Roll+1"],"special_seed":0,"relics":["Ring of the Snake","Orichalcum","Dream Catcher","Toxic Egg 2","Cursed Key"],"potions_floor_usage":[23],"damage_taken":[{"damage":6.0,"enemies":"Small Slimes","floor":1.0,"turns":5.0},{"damage":4.0,"enemies":"Jaw Worm","floor":4.0,"turns":5.0},{"damage":2.0,"enemies":"Cultist","floor":7.0,"turns":4.0},{"damage":15.0,"enemies":"Gremlin Nob","floor":8.0,"turns":5.0},{"damage":0.0,"enemies":"Blue Slaver","floor":10.0,"turns":5.0},{"damage":3.0,"enemies":"2 Fungi Beasts","floor":12.0,"turns":3.0},{"damage":25.0,"enemies":"3 Sentries","floor":13.0,"turns":9.0},{"damage":0.0,"enemies":"Hexaghost","floor":16.0,"turns":9.0},{"damage":12.0,"enemies":"2 Thieves","floor":18.0,"turns":5.0},{"damage":15.0,"enemies":"Shell Parasite","floor":19.0,"turns":5.0},{"damage":19.0,"enemies":"3 Cultists","floor":21.0,"turns":6.0},{"damage":4,"enemies":"Slavers","floor":23,"turns":1}],"seed_played":"8528655766478274917","potions_obtained":[{"floor":0.0,"key":"PowerPotion"},{"floor":0.0,"key":"SpeedPotion"},{"floor":10.0,"key":"FearPotion"},{"floor":16.0,"key":"Poison Potion"}],"is_trial":false,"path_per_floor":["M","?","?","M","?","R","M","E","T","M","R","M","E","?","R","B",null,"M","M","T","M","T"],"character_chosen":"THE_SILENT","items_purchased":[],"campfire_rested":1,"item_purchase_floors":[],"current_hp_per_floor":[53,33,33,29,29,29,27,12,12,12,31,28,3,3,3,3,50,38,23,23,4,4,0],"gold":428,"neow_bonus":"THREE_SMALL_POTIONS","is_prod":false,"is_daily":false,"chose_seed":false,"campfire_upgraded":2,"win_rate":0,"timestamp":1540899780,"path_taken":["M","?","?","M","?","R","?","E","T","M","R","M","E","?","R","BOSS","M","?","?","M","?","E"],"build_version":"2018-10-29v2","purchased_purges":0,"victory":false,"max_hp_per_floor":[66,66,66,66,66,66,66,66,66,66,66,66,66,66,66,66,66,66,66,66,66,66,66],"card_choices":[{"not_picked":["Dagger Throw","Blade Dance"],"picked":"Backstab","floor":1.0},{"not_picked":["Quick Slash","Acrobatics"],"picked":"Well Laid Plans","floor":4.0},{"not_picked":["Distraction","Cloak And Dagger"],"picked":"Concentrate","floor":7.0},{"not_picked":["Sucker Punch","Flying Knee"],"picked":"Leg Sweep","floor":8.0},{"not_picked":["Quick Slash","Infinite Blades"],"picked":"Predator","floor":10.0},{"not_picked":["Slice","Dagger Spray"],"picked":"A Thousand Cuts","floor":11.0},{"not_picked":["Flying Knee","PiercingWail"],"picked":"Bouncing Flask","floor":12.0},{"not_picked":["Escape Plan","Skewer"],"picked":"Calculated Gamble","floor":13.0},{"not_picked":["Bullet Time+1","Unload"],"picked":"After Image","floor":16.0},{"not_picked":["Outmaneuver+1","Flying Knee"],"picked":"Flechettes","floor":18.0},{"not_picked":["Sucker Punch","A Thousand Cuts","Flying Knee"],"picked":"SKIP","floor":19.0},{"not_picked":["Blade Dance+1","Bullet Time+1"],"picked":"Dodge and Roll+1","floor":21.0}],"player_experience":479585,"relics_obtained":[{"floor":8.0,"key":"Orichalcum"},{"floor":9.0,"key":"Dream Catcher"},{"floor":13.0,"key":"Toxic Egg 2"}],"event_choices":[{"damage_healed":0.0,"max_hp_gain":0.0,"max_hp_loss":0.0,"gold_gain":0.0,"event_name":"Shining Light","player_choice":"Entered Light","floor":2.0,"gold_loss":0.0,"damage_taken":20.0,"cards_upgraded":["Strike_G","Neutralize"]},{"damage_healed":0.0,"max_hp_gain":0.0,"max_hp_loss":0.0,"gold_gain":0.0,"event_name":"FaceTrader","player_choice":"Leave","floor":3.0,"gold_loss":0.0,"damage_taken":0.0},{"cards_removed":["Strike_G"],"damage_healed":0.0,"max_hp_gain":0.0,"max_hp_loss":0.0,"gold_gain":0.0,"event_name":"Purifier","player_choice":"Purged","floor":5.0,"gold_loss":0.0,"damage_taken":0.0},{"damage_healed":0.0,"max_hp_gain":0.0,"max_hp_loss":0.0,"gold_gain":100.0,"event_name":"Golden Shrine","player_choice":"Pray","floor":14.0,"gold_loss":0.0,"damage_taken":0.0}],"is_beta":true,"boss_relics":[{"not_picked":["Calling Bell","Empty Cage"],"picked":"Cursed Key"}],"items_purged_floors":[],"is_endless":false,"potions_floor_spawned":[4,7,10,16],"killed_by":"Slavers","ascension_level":15}