{"gold_per_floor":[115,40,52,52,71,71,71,90,90,100,175,175,175],"floor_reached":13,"playtime":387,"items_purged":[],"score":146,"play_id":"79b1c08a-bc3c-4ea4-879c-5142e4f60233","local_time":"20181124131037","is_ascension_mode":true,"campfire_choices":[{"data":"Bouncing Flask","floor":6.0,"key":"SMITH"},{"data":"Catalyst","floor":12,"key":"SMITH"}],"neow_cost":"NONE","seed_source_timestamp":4728885958070,"circlet_count":0,"master_deck":["AscendersBane","Defend_G","Defend_G","Defend_G","Defend_G","Defend_G","Strike_G","Strike_G","Strike_G","Strike_G","Strike_G","Survivor","Neutralize","Escape Plan","All Out Attack","Bouncing Flask+1","Catalyst+1"],"special_seed":0,"relics":["Snecko Eye","Darkstone Periapt"],"potions_floor_usage":[13],"damage_taken":[{"damage":0.0,"enemies":"Cultist","floor":1.0,"turns":4.0},{"damage":2.0,"enemies":"Small Slimes","floor":3.0,"turns":5.0},{"damage":0.0,"enemies":"2 Louse","floor":5.0,"turns":3.0},{"damage":1,"enemies":"Exordium Thugs","floor":8,"turns":3},{"damage":0,"enemies":"Lots of Slimes","floor":10,"turns":2},{"damage":52,"enemies":"3 Sentries","floor":13,"turns":8}],"seed_played":"8308183427949656183","potions_obtained":[{"floor":1.0,"key":"Weak Potion"},{"floor":8,"key":"Regen Potion"}],"is_trial":false,"path_per_floor":["M","$","M","$","M","R","?","M","T","M","?","R","E"],"character_chosen":"THE_SILENT","items_purchased":["All Out Attack"],"campfire_rested":0,"item_purchase_floors":[2],"current_hp_per_floor":[59,59,57,57,57,57,57,56,56,56,45,45,5],"gold":175,"neow_bonus":"BOSS_RELIC","is_prod":false,"is_daily":false,"chose_seed":false,"campfire_upgraded":2,"win_rate":0,"timestamp":1543036237,"path_taken":["M","$","?","$","M","R","?","M","T","M","?","R","E"],"build_version":"2018-11-15","purchased_purges":0,"victory":false,"max_hp_per_floor":[66,66,66,66,66,66,66,66,66,66,66,66,66],"card_choices":[{"not_picked":["Slice","Flying Knee"],"picked":"Escape Plan","floor":1.0},{"not_picked":["Deadly Poison","Deflect"],"picked":"Bouncing Flask","floor":3.0},{"not_picked":["Deadly Poison","Tactician"],"picked":"Catalyst","floor":5.0},{"not_picked":["Backflip","Blade Dance","Backstab"],"picked":"SKIP","floor":8},{"not_picked":["Endless Agony","Acrobatics","Infinite Blades"],"picked":"SKIP","floor":10}],"player_experience":557114,"relics_obtained":[{"floor":9,"key":"Darkstone Periapt"}],"event_choices":[{"damage_healed":0,"gold_gain":0,"player_choice":"Fled","damage_taken":0,"max_hp_gain":0,"max_hp_loss":0,"event_name":"Scrap Ooze","floor":7,"gold_loss":0},{"damage_healed":0,"gold_gain":75,"player_choice":"Gather Gold","damage_taken":11,"max_hp_gain":0,"max_hp_loss":0,"event_name":"World of Goop","floor":11,"gold_loss":0}],"is_beta":true,"boss_relics":[],"items_purged_floors":[],"is_endless":false,"potions_floor_spawned":[1,8],"killed_by":"3 Sentries","ascension_level":19}