{"gold_per_floor":[118,27,27,40,70,96,175,208,208,13,13,38,51,65,65,160,160,177,177,187,205,57,90,90,90],"floor_reached":25,"playtime":1130,"items_purged":[],"score":312,"play_id":"201f4503-5cc8-4519-9f86-6fa0bbfcdd1f","local_time":"20180719155155","is_ascension_mode":true,"campfire_choices":[{"floor":11.0,"key":"REST"},{"data":"Defragment","floor":15,"key":"SMITH"},{"floor":24,"key":"REST"}],"neow_cost":"NONE","seed_source_timestamp":0,"circlet_count":0,"master_deck":["Strike_B","Strike_B","Strike_B+1","Strike_B","Defend_B","Defend_B","Defend_B","Defend_B+1","Zap","Dualcast","Glacier","Storm","Hologram","Cold Snap","Conserve Battery","Defragment+1","Defragment","Beam Cell","BootSequence","Hello World","Capacitor","All For One","Echo Form","Sweeping Beam","Ghostly","Ghostly","Ghostly","Ghostly","Ghostly","Gash","Stack","Electrodynamics","Cold Snap+1"],"special_seed":17731,"relics":["Cracked Core","Boot","Tiny Chest","Ginger","Shuriken","Ancient Tea Set","Omamori","Symbiotic Virus","Philosopher\u0027s Stone","Orichalcum"],"potions_floor_usage":[23,25,25],"damage_taken":[{"damage":2.0,"enemies":"2 Louse","floor":1.0,"turns":3.0},{"damage":0.0,"enemies":"Jaw Worm","floor":4.0,"turns":4.0},{"damage":9.0,"enemies":"3 Sentries","floor":6.0,"turns":14.0},{"damage":27.0,"enemies":"Gremlin Nob","floor":8.0,"turns":5.0},{"damage":1.0,"enemies":"Lagavulin","floor":12.0,"turns":8.0},{"damage":2,"enemies":"Cultist","floor":13,"turns":4},{"damage":4,"enemies":"2 Fungi Beasts","floor":14,"turns":4},{"damage":14,"enemies":"The Guardian","floor":16,"turns":11},{"damage":32,"enemies":"2 Thieves","floor":18,"turns":4},{"damage":1,"enemies":"Shell Parasite","floor":20,"turns":7},{"damage":13,"enemies":"Snecko","floor":21,"turns":6},{"damage":19,"enemies":"Slavers","floor":23,"turns":6},{"damage":24,"enemies":"Gremlin Leader","floor":25,"turns":2}],"seed_played":"-3692985004623791933","potions_obtained":[{"floor":1.0,"key":"Regen Potion"},{"floor":8.0,"key":"Weak Potion"},{"floor":14,"key":"Weak Potion"},{"floor":18,"key":"EssenceOfSteel"}],"is_trial":false,"path_per_floor":["M","$","?","M","?","E","T","E","T","$","R","E","M","M","R","B",null,"M","?","M","M","$","E","R"],"character_chosen":"DEFECT","items_purchased":["Storm","Hologram","Defragment","Beam Cell","BootSequence","Electrodynamics"],"campfire_rested":2,"item_purchase_floors":[2,2,10,10,10,22],"current_hp_per_floor":[73,73,58,58,55,46,46,19,19,19,41,40,38,34,34,20,75,43,37,36,23,23,13,24,0],"gold":90,"neow_bonus":"RANDOM_COMMON_RELIC","is_prod":false,"is_daily":false,"chose_seed":false,"campfire_upgraded":1,"win_rate":0,"timestamp":1531986715,"path_taken":["M","$","?","?","?","E","?","E","T","$","R","E","M","M","R","BOSS","M","?","?","M","$","E","R","E"],"build_version":"2018-07-12","purchased_purges":0,"victory":false,"max_hp_per_floor":[75,75,75,75,75,75,75,75,75,75,75,75,75,75,75,75,75,75,37,37,37,37,37,37,37],"card_choices":[{"not_picked":["Streamline","Auto Shields"],"picked":"Glacier","floor":1.0},{"not_picked":["Coolheaded","Doom and Gloom"],"picked":"Cold Snap","floor":4.0},{"not_picked":["Coolheaded","Rebound"],"picked":"Conserve Battery","floor":6.0},{"not_picked":["Leap","Compile Driver"],"picked":"Defragment","floor":8.0},{"not_picked":["Heatsinks","Stack"],"picked":"Hello World","floor":12.0},{"not_picked":["Stack","White Noise"],"picked":"Capacitor","floor":13},{"not_picked":["Hologram","Scrape"],"picked":"All For One","floor":14},{"not_picked":["Hyperbeam","Rainbow"],"picked":"Echo Form","floor":16},{"not_picked":["Leap","BootSequence+1"],"picked":"Sweeping Beam","floor":18},{"not_picked":["Glacier","Recycle"],"picked":"Gash","floor":20},{"not_picked":["Conserve Battery","Compile Driver"],"picked":"Stack","floor":21},{"not_picked":["Echo Form","Hello World"],"picked":"Cold Snap+1","floor":23}],"player_experience":118251,"relics_obtained":[{"floor":6.0,"key":"Ginger"},{"floor":7.0,"key":"Shuriken"},{"floor":8.0,"key":"Ancient Tea Set"},{"floor":9.0,"key":"Omamori"},{"floor":12.0,"key":"Symbiotic Virus"},{"floor":23,"key":"Orichalcum"}],"event_choices":[{"event_name":"Shining Light","player_choice":"Entered Light","floor":3.0,"damage_taken":0.0},{"event_name":"Scrap Ooze","player_choice":"success","floor":5.0,"damage_taken":3.0},{"event_name":"Ghosts","player_choice":"Became a Ghost","floor":19,"damage_taken":0}],"boss_relics":[{"not_picked":["Snecko Eye","Cursed Key"],"picked":"Philosopher\u0027s Stone"}],"items_purged_floors":[],"is_endless":false,"potions_floor_spawned":[1,8,14,18,20],"killed_by":"Gremlin Leader","ascension_level":4}