{"gold_per_floor":[119,119,134,146,158,158,158,158,182,196,214,139,166,236,236,313,313,332,392,442,492,517,517,517],"floor_reached":24,"playtime":875,"items_purged":["Strike_B"],"score":396,"play_id":"f67be590-e61e-47d2-b89b-be38b2cb279c","local_time":"20181102210256","is_ascension_mode":true,"campfire_choices":[{"data":"Loop","floor":6.0,"key":"SMITH"},{"data":"Zap","floor":8.0,"key":"SMITH"},{"floor":15.0,"key":"REST"},{"floor":23.0,"key":"REST"}],"neow_cost":"NONE","seed_source_timestamp":7752642598391,"circlet_count":0,"master_deck":["AscendersBane","Strike_B+1","Strike_B+1","Defend_B+1","Defend_B+1","Zap+1","Dualcast","Barrage","Cold Snap","Loop+1","Ball Lightning","BootSequence","Glacier","Electrodynamics","Stack","Echo Form","Capacitor+1","Loop+1","Leap+1","Stack"],"special_seed":0,"relics":["Sozu","SsserpentHead","Bag of Preparation","Blood Vial","Astrolabe"],"potions_floor_usage":[],"damage_taken":[{"damage":5.0,"enemies":"Small Slimes","floor":1.0,"turns":3.0},{"damage":1.0,"enemies":"Cultist","floor":3.0,"turns":3.0},{"damage":2.0,"enemies":"Jaw Worm","floor":4.0,"turns":4.0},{"damage":4.0,"enemies":"Exordium Thugs","floor":5.0,"turns":5.0},{"damage":18.0,"enemies":"Gremlin Gang","floor":10.0,"turns":3.0},{"damage":0.0,"enemies":"Exordium Wildlife","floor":11.0,"turns":3.0},{"damage":12.0,"enemies":"Lagavulin","floor":13.0,"turns":7.0},{"damage":0.0,"enemies":"3 Louse","floor":14.0,"turns":3.0},{"damage":29.0,"enemies":"Slime Boss","floor":16.0,"turns":6.0},{"damage":12.0,"enemies":"Chosen","floor":18.0,"turns":4.0},{"damage":4.0,"enemies":"3 Byrds","floor":19.0,"turns":4.0},{"damage":28.0,"enemies":"Colosseum Slavers","floor":20.0,"turns":4.0},{"damage":45,"enemies":"Book of Stabbing","floor":24,"turns":4}],"seed_played":"-8029591449273355853","potions_obtained":[],"is_trial":false,"path_per_floor":["M","?","M","M","M","R","?","R","T","M","M","$","E","M","R","B",null,"M","M","?","?","$","R","E"],"character_chosen":"DEFECT","items_purchased":["Stack"],"campfire_rested":2,"item_purchase_floors":[22],"current_hp_per_floor":[59,59,58,56,52,52,52,52,52,34,34,34,22,24,45,18,58,48,46,20,20,20,41,0],"gold":517,"neow_bonus":"BOSS_RELIC","is_prod":false,"is_daily":false,"chose_seed":false,"campfire_upgraded":2,"win_rate":0,"timestamp":1541163776,"path_taken":["M","?","?","M","M","R","?","R","T","M","M","$","E","?","R","BOSS","M","?","?","?","?","R","E"],"build_version":"2018-11-01v2","purchased_purges":1,"victory":false,"max_hp_per_floor":[71,71,71,71,71,71,71,71,71,71,71,71,71,71,71,71,71,71,71,71,71,71,71,71],"card_choices":[{"not_picked":["Chill","Coolheaded"],"picked":"Barrage","floor":1.0},{"not_picked":["Barrage","Stack"],"picked":"Cold Snap","floor":3.0},{"not_picked":["Barrage","Capacitor"],"picked":"Loop","floor":4.0},{"not_picked":["Coolheaded","Hello World"],"picked":"Ball Lightning","floor":5.0},{"not_picked":["Ball Lightning","Cold Snap"],"picked":"BootSequence","floor":10.0},{"not_picked":["Stack","Scrape"],"picked":"Glacier","floor":11.0},{"not_picked":["Hologram","Stack"],"picked":"Electrodynamics","floor":13.0},{"not_picked":["Ball Lightning","Force Field"],"picked":"Stack","floor":14.0},{"not_picked":["Buffer","Fission"],"picked":"Echo Form","floor":16.0},{"not_picked":["Turbo","Force Field","Aggregate"],"picked":"SKIP","floor":18.0},{"not_picked":["Hologram","Go for the Eyes","Steam"],"picked":"SKIP","floor":19.0},{"not_picked":["Hologram","Go for the Eyes","Steam"],"picked":"SKIP","floor":19.0}],"player_experience":487344,"relics_obtained":[{"floor":9.0,"key":"Bag of Preparation"},{"floor":13.0,"key":"Blood Vial"}],"event_choices":[{"damage_healed":0.0,"max_hp_gain":0.0,"max_hp_loss":0.0,"gold_gain":0.0,"event_name":"Lab","player_choice":"Got Potions","floor":2.0,"gold_loss":0.0,"damage_taken":0.0},{"damage_healed":0.0,"max_hp_gain":0.0,"max_hp_loss":0.0,"gold_gain":0.0,"event_name":"FaceTrader","player_choice":"Trade","floor":7.0,"gold_loss":0.0,"damage_taken":0.0,"relics_obtained":["SsserpentHead"]},{"damage_healed":0.0,"max_hp_gain":0.0,"max_hp_loss":0.0,"gold_gain":0.0,"event_name":"Colosseum","player_choice":"Fight","floor":20.0,"gold_loss":0.0,"damage_taken":0.0},{"damage_healed":0.0,"max_hp_gain":0.0,"max_hp_loss":0.0,"gold_gain":0.0,"event_name":"Colosseum","player_choice":"Fled From Nobs","floor":20.0,"gold_loss":0.0,"damage_taken":0.0},{"damage_healed":0.0,"max_hp_gain":0.0,"max_hp_loss":0.0,"gold_gain":0.0,"event_name":"Back to Basics","player_choice":"Simplicity","floor":21.0,"gold_loss":0.0,"damage_taken":0.0,"cards_upgraded":["Strike_B","Strike_B","Defend_B","Defend_B"]}],"is_beta":true,"boss_relics":[{"not_picked":["Eternal Feather","Tiny House"],"picked":"Astrolabe"}],"items_purged_floors":[12],"is_endless":false,"potions_floor_spawned":[1,3,14,16,19,20],"killed_by":"Book of Stabbing","ascension_level":20}