{"gold_per_floor":[112,112,129,129,149,184,256,256,256,256,331,357,357,386,386,483,483,497,497,497,511,511],"floor_reached":22,"playtime":982,"items_purged":[],"score":295,"play_id":"809fd399-8b43-42bb-a4d9-e842719d200f","local_time":"20180727175622","is_ascension_mode":true,"campfire_choices":[{"data":"Aggregate","floor":8.0,"key":"SMITH"},{"floor":10.0,"key":"REST"},{"floor":13.0,"key":"REST"},{"data":"Darkness","floor":15.0,"key":"SMITH"}],"neow_cost":"NONE","seed_source_timestamp":0,"circlet_count":0,"master_deck":["Defend_B","Defend_B","Defend_B","Defend_B","Zap","Dualcast","Core Surge","Ball Lightning","Compile Driver","Aggregate+1","Gash","Turbo","Darkness+1","Darkness","Seek","Leap+1","Seek","Bite","Bite","Bite","Bite","Bite","Coolheaded"],"special_seed":0,"relics":["Cracked Core","Pantograph","Orichalcum","Bronze Scales","Happy Flower","Potion Belt","Inserter"],"potions_floor_usage":[],"damage_taken":[{"damage":0.0,"enemies":"Small Slimes","floor":1.0,"turns":2.0},{"damage":2.0,"enemies":"Jaw Worm","floor":3.0,"turns":3.0},{"damage":1.0,"enemies":"Cultist","floor":5.0,"turns":3.0},{"damage":25.0,"enemies":"Lagavulin","floor":6.0,"turns":6.0},{"damage":20.0,"enemies":"3 Sentries","floor":12.0,"turns":4.0},{"damage":18.0,"enemies":"Gremlin Nob","floor":14.0,"turns":4.0},{"damage":34.0,"enemies":"The Guardian","floor":16.0,"turns":7.0},{"damage":1,"enemies":"Spheric Guardian","floor":18,"turns":3},{"damage":14,"enemies":"Shell Parasite","floor":21,"turns":5},{"damage":64,"enemies":"3 Cultists","floor":22,"turns":5}],"seed_played":"7243303078196491794","potions_obtained":[{"floor":3.0,"key":"LiquidBronze"},{"floor":6.0,"key":"Strength Potion"},{"floor":14.0,"key":"Strength Potion"},{"floor":21,"key":"Strength Potion"}],"is_trial":false,"path_per_floor":["M","?","M","?","M","E","?","R","T","R","?","E","R","E","R","B",null,"M","?","?","M"],"character_chosen":"DEFECT","items_purchased":[],"campfire_rested":2,"item_purchase_floors":[],"current_hp_per_floor":[68,61,59,59,58,33,33,33,33,55,48,28,50,32,32,23,62,61,61,52,42,0],"gold":511,"neow_bonus":"ONE_RANDOM_RARE_CARD","is_prod":false,"is_daily":false,"chose_seed":false,"campfire_upgraded":2,"win_rate":0,"timestamp":1532685382,"path_taken":["M","?","?","?","M","E","?","R","T","R","?","E","R","E","R","BOSS","M","?","?","M","M"],"build_version":"2018-07-26","purchased_purges":0,"victory":false,"max_hp_per_floor":[75,75,75,75,75,75,75,75,75,75,75,75,75,75,75,75,75,75,75,52,52,52],"card_choices":[{"not_picked":["Sweeping Beam","Self Repair"],"picked":"Ball Lightning","floor":1.0},{"not_picked":["Skim","Streamline"],"picked":"Compile Driver","floor":3.0},{"not_picked":["Sweeping Beam","Rebound"],"picked":"Gash","floor":5.0},{"not_picked":["Rebound","Ball Lightning"],"picked":"Turbo","floor":6.0},{"not_picked":["Blizzard","Self Repair"],"picked":"Darkness","floor":12.0},{"not_picked":["Heatsinks","Genetic Algorithm"],"picked":"Darkness","floor":14.0},{"not_picked":["Core Surge","Multi-Cast"],"picked":"Seek","floor":16.0},{"not_picked":["Beam Cell+1","Reprogram"],"picked":"Leap+1","floor":18},{"not_picked":["Recycle","Storm"],"picked":"Coolheaded","floor":21}],"player_experience":182286,"relics_obtained":[{"floor":6.0,"key":"Orichalcum"},{"floor":9.0,"key":"Bronze Scales"},{"floor":12.0,"key":"Happy Flower"},{"floor":14.0,"key":"Potion Belt"}],"event_choices":[{"event_name":"Scrap Ooze","player_choice":"success","floor":2.0,"damage_taken":7.0},{"event_name":"Living Wall","player_choice":"Change","floor":4.0,"damage_taken":0.0},{"event_name":"Golden Wing","player_choice":"Gained Gold","floor":7.0,"damage_taken":0.0},{"event_name":"FaceTrader","player_choice":"Touch","floor":11.0,"damage_taken":0.0},{"event_name":"Duplicator","player_choice":"One dupe","floor":19,"damage_taken":0},{"event_name":"Vampires","player_choice":"Became a vampire","floor":20,"damage_taken":0}],"is_beta":false,"boss_relics":[{"not_picked":["Tiny House","Calling Bell"],"picked":"Inserter"}],"items_purged_floors":[],"is_endless":false,"potions_floor_spawned":[3,6,14,21],"killed_by":"3 Cultists","ascension_level":7}