{"gold_per_floor":[116,116,131,145,157,157,176,55,123,123,123,142,142,154,154,257,257,277,265,265,8,19,19,34,34,34,34],"floor_reached":27,"playtime":3248,"items_purged":["Strike_R"],"score":207,"play_id":"88a8c8df-30a5-4a22-bfef-fd6b67999b92","local_time":"20190807193529","is_ascension_mode":false,"campfire_choices":[{"floor":6,"key":"REST"},{"data":"True Grit","floor":10,"key":"SMITH"},{"data":"Whirlwind","floor":13,"key":"SMITH"},{"data":"Seeing Red","floor":15,"key":"SMITH"},{"data":"Exhume","floor":23,"key":"SMITH"},{"floor":25,"key":"REST"}],"neow_cost":"NONE","seed_source_timestamp":340486046769,"circlet_count":0,"master_deck":["Strike_R+1","Strike_R","Strike_R","Defend_R","Defend_R+1","Defend_R","Defend_R","Bash","Shrug It Off","Pommel Strike","Seeing Red+1","Exhume+1","Impervious","True Grit+1","Whirlwind+1","Feed","True Grit","Dual Wield","Metallicize","Impervious"],"relics":["Lizard Tail"],"potions_floor_usage":[5,16,22,24],"damage_taken":[{"damage":3,"enemies":"2 Louse","floor":1,"turns":3},{"damage":11,"enemies":"Jaw Worm","floor":3,"turns":3},{"damage":0,"enemies":"Small Slimes","floor":4,"turns":3},{"damage":18,"enemies":"Gremlin Gang","floor":5,"turns":9},{"damage":0,"enemies":"Red Slaver","floor":7,"turns":3},{"damage":11,"enemies":"Looter","floor":12,"turns":3},{"damage":3,"enemies":"Gremlin Gang","floor":14,"turns":3},{"damage":57,"enemies":"Slime Boss","floor":16,"turns":13},{"damage":12,"enemies":"Chosen","floor":18,"turns":8},{"damage":17,"enemies":"2 Thieves","floor":19,"turns":4},{"damage":19,"enemies":"Snake Plant","floor":22,"turns":7},{"damage":31,"enemies":"Chosen and Byrds","floor":24,"turns":15},{"damage":35,"enemies":"Sentry and Sphere","floor":27,"turns":9}],"seed_played":"-864086628215334203","potions_obtained":[{"floor":1,"key":"SteroidPotion"},{"floor":4,"key":"PowerPotion"},{"floor":12,"key":"Swift Potion"},{"floor":18,"key":"Dexterity Potion"},{"floor":22,"key":"Strength Potion"},{"floor":24,"key":"Fire Potion"}],"is_trial":false,"path_per_floor":["M","?","M","M","M","R","M","$","T","R","?","M","R","M","R","B",null,"M","M","?","$","M","R","M","R","T","M"],"character_chosen":"IRONCLAD","items_purchased":["Impervious","True Grit","Metallicize","Impervious"],"campfire_rested":2,"item_purchase_floors":[8,8,21,21],"current_hp_per_floor":[77,61,50,50,32,56,56,56,56,56,56,45,45,42,42,29,80,68,51,51,51,35,35,4,28,28,0],"gold":34,"neow_bonus":"BOSS_RELIC","is_prod":false,"is_daily":false,"chose_seed":false,"campfire_upgraded":4,"win_rate":0,"timestamp":1565195729,"path_taken":["M","?","M","M","M","R","M","$","T","R","?","M","R","M","R","BOSS","M","M","?","$","M","R","M","R","T","M"],"build_version":"2019-07-17","purchased_purges":1,"victory":false,"max_hp_per_floor":[80,80,80,80,80,80,80,80,80,80,80,80,80,80,80,80,80,80,80,80,80,83,83,83,83,83,86],"card_choices":[{"not_picked":["Hemokinesis","Thunderclap","Havoc"],"picked":"SKIP","floor":1},{"not_picked":["Cleave","Rage"],"picked":"Shrug It Off","floor":3},{"not_picked":["Flex","Sword Boomerang"],"picked":"Pommel Strike","floor":4},{"not_picked":["Cleave","Twin Strike"],"picked":"Seeing Red","floor":5},{"not_picked":["Pummel","Cleave"],"picked":"Exhume","floor":7},{"not_picked":["Heavy Blade","Rampage"],"picked":"Whirlwind","floor":12},{"not_picked":["Cleave","Anger","Twin Strike"],"picked":"SKIP","floor":14},{"not_picked":["Bludgeon","Exhume"],"picked":"Feed","floor":16},{"not_picked":["Havoc","Clash"],"picked":"True Grit","floor":18},{"not_picked":["Iron Wave+1","Cleave"],"picked":"Dual Wield","floor":19},{"not_picked":["Cleave","Fire Breathing","Evolve"],"picked":"SKIP","floor":22},{"not_picked":["Perfected Strike","Shockwave","Bloodletting"],"picked":"SKIP","floor":24}],"player_experience":101525,"relics_obtained":[],"event_choices":[{"damage_healed":0,"gold_gain":0,"player_choice":"Entered Light","damage_taken":16,"max_hp_gain":0,"max_hp_loss":0,"event_name":"Shining Light","floor":2,"gold_loss":0,"cards_upgraded":["Strike_R","Defend_R"]},{"damage_healed":0,"gold_gain":0,"player_choice":"Fled","damage_taken":0,"max_hp_gain":0,"max_hp_loss":0,"event_name":"Scrap Ooze","floor":11,"gold_loss":0},{"cards_removed":["Strike_R"],"damage_healed":0,"gold_gain":0,"player_choice":"Offered Basic","damage_taken":0,"max_hp_gain":0,"max_hp_loss":0,"event_name":"Bonfire Elementals","floor":20,"gold_loss":0}],"is_beta":false,"boss_relics":[{"not_picked":["Cursed Key","Runic Cube","Fusion Hammer"]}],"items_purged_floors":[21],"is_endless":false,"potions_floor_spawned":[1,4,12,18,22,24],"killed_by":"Sentry and Sphere","ascension_level":0}