{"gold_per_floor":[19,31,48,48,48,79,91,113,125,154,166,211,234,264,276,359,371,402,242,242,137,152,152,152],"floor_reached":24,"playtime":970,"items_purged":[],"score":395,"play_id":"04e9c1ab-8d5f-4c96-bc3f-640901173f53","local_time":"20180915091729","is_ascension_mode":true,"campfire_choices":[{"data":"Dualcast","floor":7.0,"key":"SMITH"},{"data":"Defragment","floor":15.0,"key":"SMITH"},{"floor":23.0,"key":"REST"}],"neow_cost":"NO_GOLD","seed_source_timestamp":3732955856555,"circlet_count":0,"master_deck":["Strike_B","Strike_B","Strike_B","Strike_B","Defend_B","Defend_B","Defend_B","Defend_B","Zap+1","Dualcast+1","AscendersBane","Gash","Glacier","Reinforced Body","Gash","Gash","Recycle","Defragment+1","BootSequence","Streamline","Multi-Cast","Barrage+1","Rainbow","White Noise","Defragment","Turbo","Redo"],"special_seed":0,"relics":["Cracked Core","Calipers","MawBank","Bronze Scales","Blue Candle","Black Star"],"potions_floor_usage":[24,24],"damage_taken":[{"damage":2.0,"enemies":"2 Louse","floor":1.0,"turns":2.0},{"damage":4.0,"enemies":"Jaw Worm","floor":2.0,"turns":4.0},{"damage":2.0,"enemies":"Cultist","floor":3.0,"turns":4.0},{"damage":10.0,"enemies":"Lagavulin","floor":6.0,"turns":10.0},{"damage":4.0,"enemies":"Blue Slaver","floor":8.0,"turns":4.0},{"damage":0.0,"enemies":"Looter","floor":10.0,"turns":3.0},{"damage":18.0,"enemies":"3 Sentries","floor":12.0,"turns":6.0},{"damage":0.0,"enemies":"Large Slime","floor":13.0,"turns":6.0},{"damage":3.0,"enemies":"Blue Slaver","floor":14.0,"turns":4.0},{"damage":25.0,"enemies":"Slime Boss","floor":16.0,"turns":12.0},{"damage":29.0,"enemies":"Shell Parasite","floor":18.0,"turns":6.0},{"damage":6.0,"enemies":"Spheric Guardian","floor":22.0,"turns":5.0},{"damage":49,"enemies":"Slavers","floor":24,"turns":4}],"seed_played":"5942449945161655127","potions_obtained":[{"floor":2.0,"key":"Swift Potion"},{"floor":6.0,"key":"EssenceOfSteel"},{"floor":10.0,"key":"FearPotion"}],"is_trial":false,"path_per_floor":["M","M","M","?","?","E","R","M","T","M","?","E","M","M","R","B",null,"M","$","?","$","M","R"],"character_chosen":"DEFECT","items_purchased":["Rainbow","White Noise","Defragment","Turbo"],"campfire_rested":1,"item_purchase_floors":[19,19,21,21],"current_hp_per_floor":[62,58,56,61,61,51,51,47,47,47,47,29,29,26,26,1,57,28,28,28,28,22,44,0],"gold":152,"neow_bonus":"ONE_RARE_RELIC","is_prod":false,"is_daily":false,"chose_seed":false,"campfire_upgraded":2,"win_rate":0,"timestamp":1536974249,"path_taken":["M","M","M","?","?","E","R","M","T","M","?","E","M","M","R","BOSS","M","$","?","$","M","R","E"],"build_version":"2018-09-12","purchased_purges":0,"victory":false,"max_hp_per_floor":[71,71,71,76,76,76,76,76,76,76,76,76,76,76,76,76,76,76,76,76,76,76,76,76],"card_choices":[{"not_picked":["Steam","Loop"],"picked":"Gash","floor":1.0},{"not_picked":["Cold Snap","White Noise"],"picked":"Glacier","floor":2.0},{"not_picked":["Hologram","Redo"],"picked":"Reinforced Body","floor":3.0},{"not_picked":["Doom and Gloom","Creative AI"],"picked":"Gash","floor":6.0},{"not_picked":["Cold Snap","Ball Lightning"],"picked":"Gash","floor":8.0},{"not_picked":["Steam","Static Discharge"],"picked":"Recycle","floor":10.0},{"not_picked":["Fusion","Darkness"],"picked":"Defragment","floor":12.0},{"not_picked":["Loop","Rebound"],"picked":"BootSequence","floor":13.0},{"not_picked":["Heatsinks","Loop"],"picked":"Streamline","floor":14.0},{"not_picked":["Buffer","Seek"],"picked":"Multi-Cast","floor":16.0},{"not_picked":["Compile Driver","Rebound"],"picked":"Barrage+1","floor":18.0},{"not_picked":["Loop","Consume"],"picked":"Redo","floor":22.0}],"player_experience":332604,"relics_obtained":[{"floor":6.0,"key":"MawBank"},{"floor":9.0,"key":"Bronze Scales"},{"floor":12.0,"key":"Blue Candle"}],"event_choices":[{"event_name":"Big Fish","player_choice":"Donut","floor":4.0,"damage_taken":0.0},{"event_name":"Upgrade Shrine","player_choice":"Upgraded","floor":5.0,"damage_taken":0.0},{"event_name":"Dead Adventurer","player_choice":"Searched \u00270\u0027 times","floor":11.0,"damage_taken":0.0},{"event_name":"Cursed Tome","player_choice":"Ignored","floor":20.0,"damage_taken":0.0}],"is_beta":true,"boss_relics":[{"not_picked":["Empty Cage","Runic Pyramid"],"picked":"Black Star"}],"items_purged_floors":[],"is_endless":false,"potions_floor_spawned":[2,6,10,13,14,22],"killed_by":"Slavers","ascension_level":18}