{"gold_per_floor":[116,116,131,0,0,0,0,0,46,4,39,57,90,101,101,175,175,191,141,161,180,193,193,203,203],"floor_reached":25,"playtime":638,"items_purged":[],"score":476,"play_id":"b3e73218-eb32-4264-83a4-666049952e3c","local_time":"20181104184642","is_ascension_mode":true,"campfire_choices":[{"data":"Zap","floor":6.0,"key":"SMITH"},{"data":"Sweeping Beam","floor":8.0,"key":"SMITH"},{"data":"Beam Cell","floor":15.0,"key":"SMITH"},{"floor":23,"key":"REST"}],"neow_cost":"NONE","seed_source_timestamp":27095859506222,"circlet_count":0,"master_deck":["AscendersBane","Strike_B","Strike_B","Strike_B","Defend_B","Defend_B","Defend_B","Defend_B","Zap+1","Dualcast","Sweeping Beam+1","Conserve Battery","Defragment+1","Cold Snap","Doom and Gloom","Beam Cell+1","Machine Learning","Streamline","Ball Lightning","Biased Cognition","Sunder+1","Leap","Loop","Reinforced Body","Defragment"],"special_seed":0,"relics":["Cracked Core","NeowsBlessing","Smiling Mask","Bag of Marbles","Pen Nib","Black Star"],"potions_floor_usage":[22],"damage_taken":[{"damage":0.0,"enemies":"2 Louse","floor":1.0,"turns":1.0},{"damage":0.0,"enemies":"Small Slimes","floor":3.0,"turns":1.0},{"damage":0.0,"enemies":"3 Sentries","floor":11.0,"turns":1.0},{"damage":0.0,"enemies":"Cultist","floor":12.0,"turns":3.0},{"damage":11.0,"enemies":"Lagavulin","floor":13.0,"turns":4.0},{"damage":6.0,"enemies":"Lots of Slimes","floor":14.0,"turns":2.0},{"damage":51.0,"enemies":"Hexaghost","floor":16.0,"turns":8.0},{"damage":10.0,"enemies":"Chosen","floor":18.0,"turns":4.0},{"damage":7.0,"enemies":"Spheric Guardian","floor":20.0,"turns":3.0},{"damage":10.0,"enemies":"Centurion and Healer","floor":21.0,"turns":5.0},{"damage":13,"enemies":"Snake Plant","floor":22,"turns":3},{"damage":21,"enemies":"3 Cultists","floor":24,"turns":6},{"damage":27,"enemies":"Snecko","floor":25,"turns":3}],"seed_played":"679994214052527207","potions_obtained":[{"floor":13.0,"key":"FearPotion"},{"floor":16.0,"key":"Strength Potion"}],"is_trial":false,"path_per_floor":["M","?","M","$","?","R","?","R","T","$","E","M","E","M","R","B",null,"M","?","M","M","M","R","M","M"],"character_chosen":"DEFECT","items_purchased":["Defragment","Cold Snap","Doom and Gloom"],"campfire_rested":1,"item_purchase_floors":[4,4,10],"current_hp_per_floor":[64,69,69,69,69,69,69,69,69,69,69,69,58,52,52,1,57,47,47,40,30,17,39,18,0],"gold":203,"neow_bonus":"THREE_ENEMY_KILL","is_prod":false,"is_daily":false,"chose_seed":false,"campfire_upgraded":3,"win_rate":0,"timestamp":1541328402,"path_taken":["M","?","M","$","?","R","?","R","T","$","E","M","E","M","R","BOSS","M","?","M","M","?","R","M","?"],"build_version":"2018-11-02","purchased_purges":0,"victory":false,"max_hp_per_floor":[71,76,76,76,76,76,76,76,76,76,76,76,76,76,76,76,76,76,76,76,76,76,76,76,76],"card_choices":[{"not_picked":["Stack","Blizzard"],"picked":"Sweeping Beam","floor":1.0},{"not_picked":["Double Energy","Heatsinks"],"picked":"Conserve Battery","floor":3.0},{"not_picked":["Genetic Algorithm","Rebound"],"picked":"Beam Cell","floor":11.0},{"not_picked":["Steam","Genetic Algorithm"],"picked":"Machine Learning","floor":12.0},{"not_picked":["Cold Snap","Turbo"],"picked":"Streamline","floor":13.0},{"not_picked":["Turbo","Redo"],"picked":"Ball Lightning","floor":14.0},{"not_picked":["Core Surge","Thunder Strike"],"picked":"Biased Cognition","floor":16.0},{"not_picked":["Turbo","Cold Snap+1"],"picked":"Sunder","floor":18.0},{"not_picked":["Ball Lightning+1","Genetic Algorithm"],"picked":"Leap","floor":20.0},{"not_picked":["Melter","Cold Snap"],"picked":"Loop","floor":21.0},{"not_picked":["Redo","Aggregate+1"],"picked":"Reinforced Body","floor":22},{"not_picked":["Consume","Cold Snap"],"picked":"Defragment","floor":24}],"player_experience":500932,"relics_obtained":[{"floor":9.0,"key":"Smiling Mask"},{"floor":11.0,"key":"Bag of Marbles"},{"floor":13.0,"key":"Pen Nib"}],"event_choices":[{"damage_healed":0.0,"max_hp_gain":5.0,"max_hp_loss":0.0,"gold_gain":0.0,"event_name":"Big Fish","player_choice":"Donut","floor":2.0,"gold_loss":0.0,"damage_taken":0.0},{"damage_healed":0.0,"max_hp_gain":0.0,"max_hp_loss":0.0,"gold_gain":0.0,"event_name":"Living Wall","player_choice":"Grow","floor":5.0,"gold_loss":0.0,"damage_taken":0.0,"cards_upgraded":["Defragment"]},{"cards_removed":["Strike_B"],"damage_healed":0.0,"max_hp_gain":0.0,"max_hp_loss":0.0,"gold_gain":0.0,"event_name":"Wheel of Change","player_choice":"Card Removal","floor":7.0,"gold_loss":0.0,"damage_taken":0.0},{"damage_healed":0.0,"max_hp_gain":0.0,"max_hp_loss":0.0,"gold_gain":0.0,"event_name":"Designer","player_choice":"Upgrade","floor":19.0,"gold_loss":50.0,"damage_taken":0.0,"cards_upgraded":["Sunder"]}],"is_beta":true,"boss_relics":[{"not_picked":["Tiny House","Orrery"],"picked":"Black Star"}],"items_purged_floors":[],"is_endless":false,"potions_floor_spawned":[13,16,18,20],"killed_by":"Snecko","ascension_level":20}