{"gold_per_floor":[119,60,76,91,109,138,138,170,197,46,74,120,120,138,138,210,210,223,223,242,242,292,292,302,315,315,53,72,72,86,86],"floor_reached":31,"playtime":1012,"items_purged":["Strike_G","Strike_G"],"score":450,"play_id":"6eff0fbb-7fea-46ab-b238-f687f95f988e","local_time":"20190329204115","is_ascension_mode":true,"campfire_choices":[{"floor":7,"key":"REST"},{"data":"Deadly Poison","floor":13,"key":"SMITH"},{"data":"Skewer","floor":15,"key":"SMITH"},{"data":"Envenom","floor":23,"key":"SMITH"},{"data":"Cloak And Dagger","floor":29,"key":"SMITH"}],"neow_cost":"NONE","seed_source_timestamp":0,"circlet_count":0,"master_deck":["AscendersBane","Defend_G","Defend_G","Defend_G","Defend_G","Defend_G","Strike_G","Strike_G","Strike_G","Survivor","Neutralize","Noxious Fumes","Backstab","Backflip","All Out Attack","Skewer+1","Deadly Poison+1","Finisher","Envenom+1","Storm of Steel","PiercingWail+1","Acrobatics","Footwork","Venomology","Cloak And Dagger+1","Cloak And Dagger"],"relics":["Ring of the Snake","NeowsBlessing","Potion Belt","Boot","Lantern","Orichalcum","Smiling Mask","Coffee Dripper","Nloth\u0027s Gift","Peace Pipe"],"potions_floor_usage":[6,8,11,11,16,28,30,30,31,31],"damage_taken":[{"damage":0,"enemies":"Jaw Worm","floor":1,"turns":1},{"damage":0,"enemies":"Cultist","floor":3,"turns":1},{"damage":0,"enemies":"2 Louse","floor":4,"turns":1},{"damage":7,"enemies":"Looter","floor":5,"turns":4},{"damage":31,"enemies":"Gremlin Nob","floor":6,"turns":5},{"damage":16,"enemies":"3 Sentries","floor":8,"turns":7},{"damage":6,"enemies":"Gremlin Nob","floor":11,"turns":3},{"damage":4,"enemies":"Exordium Wildlife","floor":14,"turns":4},{"damage":10,"enemies":"Slime Boss","floor":16,"turns":10},{"damage":0,"enemies":"3 Byrds","floor":18,"turns":3},{"damage":6,"enemies":"Chosen","floor":20,"turns":4},{"damage":20,"enemies":"Snecko","floor":24,"turns":5},{"damage":15,"enemies":"Centurion and Healer","floor":25,"turns":5},{"damage":5,"enemies":"Snake Plant","floor":28,"turns":5},{"damage":0,"enemies":"3 Cultists","floor":30,"turns":7},{"damage":18,"enemies":"Snecko","floor":31,"turns":5}],"seed_played":"-651414452457414924","potions_obtained":[{"floor":3,"key":"EssenceOfSteel"},{"floor":4,"key":"AttackPotion"},{"floor":6,"key":"Energy Potion"},{"floor":14,"key":"SteroidPotion"},{"floor":25,"key":"Block Potion"},{"floor":28,"key":"Dexterity Potion"},{"floor":30,"key":"SkillPotion"}],"is_trial":false,"path_per_floor":["M","?","M","M","M","E","R","E","T","$","E","T","R","M","R","B",null,"M","?","M","?","?","R","M","M","T","$","M","R","M","M"],"character_chosen":"THE_SILENT","items_purchased":["GamblersBrew","Footwork","Venomology"],"campfire_rested":1,"item_purchase_floors":[10,27,27],"current_hp_per_floor":[59,59,59,59,52,21,40,24,24,24,18,18,18,16,16,8,52,54,54,48,48,48,48,28,13,13,13,8,8,8,0],"gold":86,"neow_bonus":"THREE_ENEMY_KILL","is_prod":false,"is_daily":false,"chose_seed":true,"campfire_upgraded":4,"win_rate":0,"timestamp":1553863275,"path_taken":["M","?","?","M","M","E","R","E","T","$","E","?","R","M","R","BOSS","M","?","?","?","?","R","M","?","T","$","M","R","M","M"],"build_version":"2019-01-23","purchased_purges":2,"victory":false,"max_hp_per_floor":[66,66,66,66,66,66,66,66,66,66,66,66,66,66,66,66,66,66,66,66,66,66,66,66,66,66,66,66,66,66,66],"card_choices":[{"not_picked":["Acrobatics","Deflect"],"picked":"Noxious Fumes","floor":1},{"not_picked":["Skewer","Sucker Punch"],"picked":"Backstab","floor":3},{"not_picked":["Underhanded Strike","Slice"],"picked":"Backflip","floor":4},{"not_picked":["Slice","Sucker Punch"],"picked":"All Out Attack","floor":5},{"not_picked":["Slice","Tools of the Trade","Blade Dance"],"picked":"SKIP","floor":6},{"not_picked":["Poisoned Stab","Leg Sweep"],"picked":"Skewer","floor":8},{"not_picked":["Poisoned Stab","Bane"],"picked":"Deadly Poison","floor":11},{"not_picked":["Underhanded Strike","All Out Attack"],"picked":"Finisher","floor":14},{"not_picked":["Doppelganger","Glass Knife"],"picked":"Envenom","floor":16},{"not_picked":["Setup","Dagger Spray","Dodge and Roll"],"picked":"SKIP","floor":18},{"not_picked":["Choke","Backflip"],"picked":"Storm of Steel","floor":20},{"not_picked":["Flying Knee","Backflip"],"picked":"PiercingWail+1","floor":24},{"not_picked":["Sucker Punch","Acrobatics","Tools of the Trade"],"picked":"SKIP","floor":25},{"not_picked":["Sucker Punch","Tools of the Trade"],"picked":"Acrobatics","floor":25},{"not_picked":["Poisoned Stab","Deadly Poison"],"picked":"Cloak And Dagger","floor":28},{"not_picked":["Calculated Gamble","Outmaneuver"],"picked":"Cloak And Dagger","floor":30}],"player_experience":892419,"relics_obtained":[{"floor":6,"key":"Boot"},{"floor":8,"key":"Lantern"},{"floor":9,"key":"Orichalcum"},{"floor":11,"key":"Blood Vial"},{"floor":12,"key":"Smiling Mask"},{"floor":26,"key":"Peace Pipe"}],"event_choices":[{"damage_healed":0,"gold_gain":0,"player_choice":"Paid Gold","damage_taken":0,"relics_obtained":["Potion Belt"],"max_hp_gain":0,"max_hp_loss":0,"event_name":"WeMeetAgain","floor":2,"gold_loss":59},{"damage_healed":0,"gold_gain":0,"player_choice":"Traded Relic","damage_taken":0,"relics_obtained":["Nloth\u0027s Gift"],"max_hp_gain":0,"max_hp_loss":0,"event_name":"N\u0027loth","floor":19,"relics_lost":["Blood Vial"],"gold_loss":0},{"damage_healed":0,"gold_gain":0,"player_choice":"Ignored","damage_taken":0,"max_hp_gain":0,"max_hp_loss":0,"event_name":"Vampires","floor":21,"gold_loss":0},{"damage_healed":0,"gold_gain":50,"player_choice":"Stole From Cult","damage_taken":0,"max_hp_gain":0,"max_hp_loss":0,"event_name":"Nest","floor":22,"gold_loss":0}],"is_beta":false,"boss_relics":[{"not_picked":["White Beast Statue","Velvet Choker"],"picked":"Coffee Dripper"}],"items_purged_floors":[10,27],"is_endless":false,"potions_floor_spawned":[3,4,6,14,25,28,30],"killed_by":"Snecko","ascension_level":15}