{"gold_per_floor":[360,376,259,259,272,304,304,363,416,68,80,80,34,62,62,139,139,149,166,166,181,181],"floor_reached":22,"playtime":1005,"items_purged":["Strike_G","Strike_G"],"score":349,"play_id":"1438348e-a28a-4b20-9262-265321d50f8f","local_time":"20181107163137","is_ascension_mode":true,"campfire_choices":[{"data":"Deadly Poison","floor":7,"key":"SMITH"},{"data":"Neutralize","floor":12,"key":"SMITH"},{"data":"Footwork","floor":15,"key":"SMITH"}],"neow_cost":"TEN_PERCENT_HP_LOSS","seed_source_timestamp":338628477757,"circlet_count":0,"master_deck":["AscendersBane","Defend_G","Defend_G","Defend_G","Defend_G","Defend_G","Strike_G","Strike_G","Strike_G","Survivor","Neutralize+1","Backstab","Deadly Poison+1","Terror","Footwork","Footwork+1","Bane","Glass Knife","Burst"],"special_seed":0,"relics":["Ring of the Snake","The Courier","Oddly Smooth Stone","Paper Crane","Runic Dome","Centennial Puzzle"],"potions_floor_usage":[],"damage_taken":[{"damage":0.0,"enemies":"Cultist","floor":1.0,"turns":4.0},{"damage":2.0,"enemies":"2 Louse","floor":2.0,"turns":3.0},{"damage":4.0,"enemies":"Jaw Worm","floor":5.0,"turns":3.0},{"damage":28.0,"enemies":"Lagavulin","floor":6.0,"turns":8.0},{"damage":13,"enemies":"Lots of Slimes","floor":11,"turns":7},{"damage":10,"enemies":"3 Sentries","floor":14,"turns":12},{"damage":5,"enemies":"Hexaghost","floor":16,"turns":11},{"damage":6,"enemies":"Shell Parasite","floor":18,"turns":4},{"damage":13,"enemies":"Spheric Guardian","floor":19,"turns":6},{"damage":16,"enemies":"Snake Plant","floor":21,"turns":5},{"damage":14,"enemies":"Cultist and Chosen","floor":22,"turns":4}],"seed_played":"5799287097166991287","potions_obtained":[{"floor":2.0,"key":"Fruit Juice"},{"floor":5.0,"key":"FearPotion"}],"is_trial":false,"path_per_floor":["M","M","$","T","M","E","E","R","?","T","$","M","R","$","E","R","B",null,"M","M","?","M","M"],"character_chosen":"THE_SILENT","items_purchased":["Backstab","Footwork","GhostInAJar","Oddly Smooth Stone","Bane"],"campfire_rested":0,"item_purchase_floors":[3,10,10,10,13],"current_hp_per_floor":[59,62,62,62,58,30,30,30,30,30,17,17,17,7,7,2,49,43,30,30,14,0],"gold":181,"neow_bonus":"TWO_FIFTY_GOLD","is_prod":false,"is_daily":false,"chose_seed":false,"campfire_upgraded":3,"win_rate":0,"timestamp":1541579497,"path_taken":["M","M","$","?","M","E","R","?","T","?","M","R","$","E","R","BOSS","M","?","?","M","?"],"build_version":"2018-11-05","purchased_purges":2,"victory":false,"max_hp_per_floor":[60,65,65,65,65,65,65,65,65,65,65,65,65,65,65,65,65,65,65,65,65,65],"card_choices":[{"not_picked":["Deflect","Cloak And Dagger","Prepared"],"picked":"SKIP","floor":1.0},{"not_picked":["Underhanded Strike","Acrobatics","Slice"],"picked":"SKIP","floor":2.0},{"not_picked":["A Thousand Cuts","Noxious Fumes"],"picked":"Deadly Poison","floor":5.0},{"not_picked":["Escape Plan","Heel Hook"],"picked":"Terror","floor":6},{"not_picked":["Crippling Poison","Poisoned Stab"],"picked":"Footwork","floor":11},{"not_picked":["Acrobatics","Quick Slash"],"picked":"Backflip","floor":14},{"not_picked":["Night Terror","Phantasmal Killer"],"picked":"Glass Knife","floor":16},{"not_picked":["Dodge and Roll","Heel Hook","Setup"],"picked":"SKIP","floor":18},{"not_picked":["Prepared+1","Underhanded Strike","Expertise"],"picked":"SKIP","floor":19},{"not_picked":["Bane","Flechettes"],"picked":"Burst","floor":21}],"player_experience":508000,"relics_obtained":[{"floor":4.0,"key":"The Courier"},{"floor":14,"key":"Paper Crane"}],"event_choices":[{"damage_healed":0,"gold_gain":59,"player_choice":"Gained Gold","damage_taken":0,"max_hp_gain":0,"max_hp_loss":0,"event_name":"Golden Wing","floor":8,"gold_loss":0},{"cards_removed":["Backflip"],"damage_healed":0,"gold_gain":0,"player_choice":"Gave Card","damage_taken":0,"relics_obtained":["Centennial Puzzle"],"max_hp_gain":0,"max_hp_loss":0,"event_name":"WeMeetAgain","floor":20,"gold_loss":0}],"is_beta":true,"boss_relics":[{"not_picked":["Fusion Hammer","Lizard Tail"],"picked":"Runic Dome"}],"items_purged_floors":[3,10],"is_endless":false,"potions_floor_spawned":[2,5,14,18,19],"killed_by":"Cultist and Chosen","ascension_level":16}