{"gold_per_floor":[11,23,23,35,52,52,79,79,79,110,90,107,138,154,154,254,254,265,278,76,89,89,89,124,124,174,174,191,191,191,191,203,311,323,347,379,410,432,457,469,516,540,552,564,593,605,617,639,651,663],"floor_reached":50,"playtime":3201,"items_purged":[],"score":592,"play_id":"1a399318-5a52-42c7-a5bb-5d44779e442e","local_time":"20190810124425","is_ascension_mode":true,"campfire_choices":[{"data":"Cleave","floor":6,"key":"SMITH"},{"floor":8,"key":"REST"},{"data":"Demon Form","floor":15,"key":"SMITH"},{"floor":23,"key":"REST"},{"floor":27,"key":"REST"},{"data":"True Grit","floor":29,"key":"SMITH"},{"data":"Clothesline","floor":32,"key":"SMITH"},{"floor":40,"key":"REST"},{"floor":44,"key":"REST"},{"data":"Apotheosis","floor":47,"key":"SMITH"},{"floor":49,"key":"REST"}],"neow_cost":"NO_GOLD","seed_source_timestamp":42198855075379,"circlet_count":0,"master_deck":["Strike_R","Strike_R","Strike_R","Strike_R","Strike_R","Defend_R","Defend_R","Defend_R","Defend_R","Perfected Strike+1","Shrug It Off","Reaper","Cleave+1","Twin Strike","Fiend Fire","Anger","Clothesline+1","Demon Form+1","Offering+1","Heavy Blade","Reaper","Wild Strike","Shockwave+1","True Grit+1","Injury","Clash","Immolate","Dual Wield","Dual Wield+1","Uppercut+1","Heavy Blade+1","Spot Weakness+1","Corruption+1","Perfected Strike","Dual Wield","Wild Strike+1","Pommel Strike","Spot Weakness+1","Shame","Twin Strike+1","Perfected Strike+1","Mayhem","Apotheosis+1","Trip","Battle Trance"],"relics":["Burning Blood","Kunai","Matryoshka","Letter Opener","Anchor","Cursed Key","Prayer Wheel","Lantern","War Paint","MawBank","Runic Pyramid","Bird Faced Urn","Strawberry","Paper Frog"],"potions_floor_usage":[12,16,18,21,33,38,41,50],"damage_taken":[{"damage":6,"enemies":"Cultist","floor":1,"turns":4},{"damage":6,"enemies":"2 Louse","floor":2,"turns":3},{"damage":10,"enemies":"Small Slimes","floor":4,"turns":4},{"damage":2,"enemies":"Looter","floor":5,"turns":4},{"damage":28,"enemies":"Gremlin Nob","floor":7,"turns":4},{"damage":18,"enemies":"3 Sentries","floor":10,"turns":5},{"damage":18,"enemies":"Gremlin Gang","floor":12,"turns":2},{"damage":21,"enemies":"Lagavulin","floor":13,"turns":5},{"damage":4,"enemies":"Large Slime","floor":14,"turns":6},{"damage":56,"enemies":"The Guardian","floor":16,"turns":9},{"damage":18,"enemies":"Spheric Guardian","floor":18,"turns":4},{"damage":21,"enemies":"2 Thieves","floor":19,"turns":3},{"damage":24,"enemies":"Snake Plant","floor":21,"turns":4},{"damage":81,"enemies":"Gremlin Leader","floor":24,"turns":7},{"damage":6,"enemies":"Snecko","floor":28,"turns":3},{"damage":62,"enemies":"Champ","floor":33,"turns":7},{"damage":12,"enemies":"3 Shapes","floor":35,"turns":4},{"damage":25,"enemies":"3 Darklings","floor":36,"turns":3},{"damage":51,"enemies":"4 Shapes","floor":37,"turns":5},{"damage":14,"enemies":"Spire Growth","floor":38,"turns":4},{"damage":57,"enemies":"Maw","floor":39,"turns":10},{"damage":41,"enemies":"Reptomancer","floor":41,"turns":3},{"damage":6,"enemies":"Jaw Worm Horde","floor":42,"turns":2},{"damage":0,"enemies":"Transient","floor":45,"turns":5},{"damage":42,"enemies":"Sphere and 2 Shapes","floor":48,"turns":4},{"damage":141,"enemies":"Awakened One","floor":50,"turns":10}],"seed_played":"2033132261008032498","potions_obtained":[{"floor":1,"key":"Weak Potion"},{"floor":7,"key":"BloodPotion"},{"floor":11,"key":"BloodPotion"},{"floor":13,"key":"Ancient Potion"},{"floor":16,"key":"EssenceOfSteel"},{"floor":24,"key":"Ancient Potion"},{"floor":28,"key":"PowerPotion"},{"floor":38,"key":"EssenceOfSteel"},{"floor":39,"key":"SneckoOil"},{"floor":42,"key":"Ancient Potion"},{"floor":45,"key":"SkillPotion"}],"is_trial":false,"path_per_floor":["M","M","?","M","M","R","E","R","T","E","?","M","E","M","R","B",null,"M","M","$","M","?","R","E","?","T","R","M","R","?","?","R","B",null,"M","M","M","M","M","R","E","M","T","R","M","?","R","M","R","B"],"character_chosen":"IRONCLAD","items_purchased":["Reaper","Wild Strike"],"campfire_rested":6,"item_purchase_floors":[20,20],"current_hp_per_floor":[96,96,96,92,96,96,74,96,96,88,88,96,81,83,83,49,96,88,81,81,88,69,99,45,45,45,75,87,87,87,87,87,66,101,95,76,84,76,76,101,66,68,75,107,108,98,98,85,108,0],"gold":663,"neow_bonus":"TWENTY_PERCENT_HP_BONUS","is_prod":false,"is_daily":false,"chose_seed":false,"campfire_upgraded":5,"win_rate":0,"timestamp":1565455465,"path_taken":["M","M","?","M","M","R","E","R","T","E","?","M","E","M","R","BOSS","M","M","$","?","?","R","E","?","T","R","?","R","?","?","R","BOSS","M","M","M","M","M","R","E","?","T","R","M","?","R","M","R","BOSS"],"build_version":"2019-07-17","purchased_purges":0,"victory":false,"max_hp_per_floor":[96,96,96,96,96,96,96,96,96,96,96,96,96,96,96,96,96,96,96,96,96,101,101,101,101,101,101,101,101,101,101,101,101,101,101,101,101,101,101,101,101,101,108,108,108,108,108,108,108,108],"card_choices":[{"not_picked":["Pommel Strike","Clash"],"picked":"Perfected Strike","floor":1},{"not_picked":["Wild Strike","Clothesline"],"picked":"Shrug It Off","floor":2},{"not_picked":["Entrench","Cleave"],"picked":"Reaper","floor":4},{"not_picked":["Burning Pact","Dual Wield"],"picked":"Cleave","floor":5},{"not_picked":["Thunderclap","Sword Boomerang"],"picked":"Twin Strike","floor":7},{"not_picked":["Clash","Thunderclap"],"picked":"Fiend Fire","floor":10},{"not_picked":["Thunderclap","Warcry"],"picked":"Anger","floor":12},{"not_picked":["Power Through","Anger"],"picked":"Clothesline","floor":13},{"not_picked":["Flame Barrier","Shrug It Off"],"picked":"Demon Form","floor":14},{"not_picked":["Double Tap","Impervious"],"picked":"Offering","floor":16},{"not_picked":["Clothesline","Sever Soul","Dropkick+1"],"picked":"SKIP","floor":18},{"not_picked":["Sword Boomerang","Clothesline+1"],"picked":"Heavy Blade","floor":19},{"not_picked":["Carnage","Dropkick"],"picked":"Headbutt","floor":21},{"not_picked":["Intimidate","Bloodletting+1"],"picked":"Shockwave","floor":24},{"not_picked":["Reckless Charge","Iron Wave"],"picked":"True Grit","floor":28},{"not_picked":["Power Through","Fire Breathing","Thunderclap"],"picked":"SKIP","floor":28},{"not_picked":["Limit Break","Fiend Fire"],"picked":"Immolate","floor":33},{"not_picked":["Warcry","Anger"],"picked":"Dual Wield","floor":35},{"not_picked":["Intimidate+1","Flex"],"picked":"Dual Wield+1","floor":35},{"not_picked":["Inflame+1","Dropkick+1"],"picked":"Uppercut+1","floor":36},{"not_picked":["Warcry+1","Clash"],"picked":"Heavy Blade+1","floor":36},{"not_picked":["Shrug It Off+1","Headbutt"],"picked":"Spot Weakness+1","floor":37},{"not_picked":["Warcry","Carnage"],"picked":"Corruption+1","floor":37},{"not_picked":["Cleave","Feel No Pain"],"picked":"Perfected Strike","floor":38},{"not_picked":["Second Wind","Shrug It Off"],"picked":"Dual Wield","floor":38},{"not_picked":["Anger","Rupture"],"picked":"Wild Strike+1","floor":39},{"not_picked":["Entrench+1","Hemokinesis+1","Body Slam"],"picked":"SKIP","floor":39},{"not_picked":["Perfected Strike+1","Whirlwind+1"],"picked":"Pommel Strike","floor":41},{"not_picked":["Entrench+1","Ghostly Armor"],"picked":"Spot Weakness+1","floor":42},{"not_picked":["Anger+1","Headbutt","Blood for Blood"],"picked":"SKIP","floor":42},{"not_picked":["Anger+1","Offering"],"picked":"Twin Strike+1","floor":45},{"not_picked":["Body Slam+1","Carnage+1"],"picked":"Perfected Strike+1","floor":45},{"not_picked":["Forethought","Jack Of All Trades"],"picked":"Mayhem","floor":46},{"not_picked":["Swift Strike","Jack Of All Trades"],"picked":"Apotheosis","floor":46},{"not_picked":["Forethought","PanicButton"],"picked":"Trip","floor":46},{"not_picked":["Armaments","Warcry"],"picked":"Battle Trance","floor":48},{"not_picked":["Infernal Blade","Cleave+1","Thunderclap"],"picked":"SKIP","floor":48}],"player_experience":52212,"relics_obtained":[{"floor":7,"key":"Kunai"},{"floor":9,"key":"Matryoshka"},{"floor":10,"key":"Letter Opener"},{"floor":13,"key":"Anchor"},{"floor":24,"key":"Prayer Wheel"},{"floor":26,"key":"Lantern"},{"floor":26,"key":"War Paint"},{"floor":31,"key":"MawBank"},{"floor":41,"key":"Bird Faced Urn"},{"floor":43,"key":"Strawberry"},{"floor":43,"key":"Paper Frog"}],"event_choices":[{"damage_healed":0,"gold_gain":0,"player_choice":"Grow","damage_taken":0,"max_hp_gain":0,"max_hp_loss":0,"event_name":"Living Wall","floor":3,"gold_loss":0,"cards_upgraded":["Perfected Strike"]},{"damage_healed":0,"gold_gain":0,"player_choice":"Bought 1 Potion","damage_taken":0,"max_hp_gain":0,"max_hp_loss":0,"event_name":"The Woman in Blue","floor":11,"gold_loss":0},{"damage_healed":0,"gold_gain":0,"player_choice":"Shed Blood","damage_taken":24,"max_hp_gain":5,"max_hp_loss":0,"event_name":"Forgotten Altar","floor":22,"gold_loss":0},{"cards_removed":["Headbutt"],"damage_healed":0,"gold_gain":0,"player_choice":"Purged","damage_taken":0,"max_hp_gain":0,"max_hp_loss":0,"event_name":"Purifier","floor":25,"gold_loss":0},{"damage_healed":0,"gold_gain":0,"cards_transformed":["Regret","Bash"],"player_choice":"Became Test Subject","damage_taken":0,"max_hp_gain":0,"max_hp_loss":0,"event_name":"Drug Dealer","floor":30,"gold_loss":0,"cards_obtained":["Injury","Clash"]},{"damage_healed":0,"gold_gain":0,"player_choice":"Relic","damage_taken":0,"max_hp_gain":0,"max_hp_loss":0,"event_name":"Wheel of Change","floor":31,"gold_loss":0},{"damage_healed":0,"gold_gain":0,"player_choice":"Memory 3","damage_taken":10,"max_hp_gain":0,"max_hp_loss":0,"event_name":"SensoryStone","floor":46,"gold_loss":0}],"is_beta":false,"boss_relics":[{"not_picked":["Black Star","Empty Cage"],"picked":"Cursed Key"},{"not_picked":["Runic Dome","Runic Cube"],"picked":"Runic Pyramid"}],"items_purged_floors":[],"is_endless":false,"potions_floor_spawned":[1,7,13,16,24,28,38,39,42,45,48],"killed_by":"Awakened One","ascension_level":1}