{"gold_per_floor":[213,213,227,243,393,393,412,412,412,8,8,8,8,39,39,115,115,133,149,64,64,64,64,91,103,138,44,44,44,44,60,60,60],"floor_reached":33,"playtime":995,"items_purged":["Doubt"],"score":718,"play_id":"f271e48e-13c4-4885-b789-75e5fa9a41ff","local_time":"20181201180824","is_ascension_mode":true,"campfire_choices":[{"data":"Chaos","floor":6.0,"key":"SMITH"},{"data":"Coolheaded","floor":8.0,"key":"SMITH"},{"data":"Defragment","floor":12.0,"key":"SMITH"},{"data":"Rainbow","floor":15.0,"key":"SMITH"},{"data":"Seek","floor":23,"key":"SMITH"},{"floor":25,"key":"REST"},{"floor":29,"key":"REST"},{"data":"Beam Cell","floor":32,"key":"SMITH"}],"neow_cost":"NONE","seed_source_timestamp":0,"circlet_count":0,"master_deck":["AscendersBane","Strike_B","Strike_B","Strike_B","Strike_B","Defend_B","Defend_B","Defend_B","Defend_B","Zap+1","Dualcast","Barrage","Chaos+1","Coolheaded+1","Leap","Defragment+1","Rainbow+1","Seek+1","Self Repair","Electrodynamics","Cold Snap+1","Beam Cell+1","Undo","Compile Driver","Blind"],"special_seed":0,"relics":["Cracked Core","Girya","Torii","Philosopher\u0027s Stone","PreservedInsect","MawBank","Regal Pillow","Singing Bowl"],"potions_floor_usage":[24,33,33],"damage_taken":[{"damage":11.0,"enemies":"Small Slimes","floor":1.0,"turns":4.0},{"damage":1.0,"enemies":"Cultist","floor":3.0,"turns":4.0},{"damage":5.0,"enemies":"Jaw Worm","floor":4.0,"turns":3.0},{"damage":18.0,"enemies":"Exordium Wildlife","floor":7.0,"turns":3.0},{"damage":2.0,"enemies":"Gremlin Nob","floor":14.0,"turns":3.0},{"damage":24,"enemies":"Slime Boss","floor":16,"turns":8},{"damage":19,"enemies":"3 Byrds","floor":18,"turns":3},{"damage":1,"enemies":"Shell Parasite","floor":19,"turns":4},{"damage":42,"enemies":"Book of Stabbing","floor":24,"turns":4},{"damage":1,"enemies":"Snake Plant","floor":31,"turns":4},{"damage":62,"enemies":"Collector","floor":33,"turns":9}],"seed_played":"7881202173496387378","potions_obtained":[{"floor":1.0,"key":"FocusPotion"},{"floor":3.0,"key":"Ancient Potion"},{"floor":4.0,"key":"PowerPotion"},{"floor":14.0,"key":"LiquidBronze"},{"floor":18,"key":"SpeedPotion"},{"floor":24,"key":"Energy Potion"}],"is_trial":false,"path_per_floor":["M","?","M","M","?","R","M","R","T","$","?","R","$","E","R","B",null,"M","M","?","?","$","R","E","R","T","$","?","R","T","M","R","B"],"character_chosen":"DEFECT","items_purchased":["Defragment","Rainbow","Seek","Blind"],"campfire_rested":2,"item_purchase_floors":[10,10,10,27],"current_hp_per_floor":[53,53,52,47,47,47,29,29,29,29,29,29,29,27,27,10,56,44,50,50,50,50,50,8,29,29,29,9,46,46,47,47,0],"gold":60,"neow_bonus":"HUNDRED_GOLD","is_prod":false,"is_daily":false,"chose_seed":false,"campfire_upgraded":6,"win_rate":0,"timestamp":1543658904,"path_taken":["M","?","M","?","?","R","M","R","T","$","?","R","?","E","R","BOSS","M","?","?","?","$","R","E","R","T","$","?","R","?","M","R","BOSS"],"build_version":"2018-11-15","purchased_purges":1,"victory":false,"max_hp_per_floor":[71,71,71,71,71,71,71,71,71,71,71,71,71,71,71,71,71,71,71,71,71,71,71,71,71,71,71,76,76,76,78,78,78],"card_choices":[{"not_picked":["Reprogram","Steam"],"picked":"Barrage","floor":1.0},{"not_picked":["Force Field","Aggregate"],"picked":"Chaos","floor":3.0},{"not_picked":["Turbo","Barrage"],"picked":"Coolheaded","floor":4.0},{"not_picked":["Stack","Hologram"],"picked":"Leap","floor":7.0},{"not_picked":["Beam Cell","Sweeping Beam"],"picked":"Self Repair","floor":14.0},{"not_picked":["Multi-Cast","Thunder Strike"],"picked":"Electrodynamics","floor":16},{"not_picked":["Conserve Battery","White Noise"],"picked":"Cold Snap+1","floor":18},{"not_picked":["Barrage","Streamline+1"],"picked":"Beam Cell","floor":19},{"not_picked":["Genetic Algorithm","Gash"],"picked":"Compile Driver","floor":24},{"not_picked":["Gash","Static Discharge","Ball Lightning+1"],"picked":"Singing Bowl","floor":31}],"player_experience":584467,"relics_obtained":[{"floor":9.0,"key":"Girya"},{"floor":14.0,"key":"Torii"},{"floor":24,"key":"MawBank"},{"floor":26,"key":"Regal Pillow"},{"floor":30,"key":"Singing Bowl"}],"event_choices":[{"damage_healed":0.0,"max_hp_gain":0.0,"max_hp_loss":0.0,"gold_gain":0.0,"event_name":"Upgrade Shrine","player_choice":"Upgraded","floor":2.0,"gold_loss":0.0,"damage_taken":0.0,"cards_upgraded":["Zap"]},{"damage_healed":0.0,"max_hp_gain":0.0,"max_hp_loss":0.0,"gold_gain":150.0,"event_name":"Liars Game","player_choice":"AGREE","floor":5.0,"gold_loss":0.0,"damage_taken":0.0,"cards_obtained":["Doubt"]},{"damage_healed":0.0,"max_hp_gain":0.0,"max_hp_loss":0.0,"gold_gain":0.0,"event_name":"Shining Light","player_choice":"Ignored","floor":11.0,"gold_loss":0.0,"damage_taken":0.0},{"damage_healed":0,"gold_gain":0,"player_choice":"Obtained Relic","damage_taken":0,"relics_obtained":["PreservedInsect"],"max_hp_gain":0,"max_hp_loss":0,"event_name":"Addict","floor":20,"gold_loss":85},{"damage_healed":0,"gold_gain":0,"player_choice":"Read","damage_taken":0,"max_hp_gain":0,"max_hp_loss":0,"event_name":"The Library","floor":21,"gold_loss":0,"cards_obtained":["Undo"]},{"damage_healed":0,"gold_gain":0,"player_choice":"Shed Blood","damage_taken":25,"max_hp_gain":5,"max_hp_loss":0,"event_name":"Forgotten Altar","floor":28,"gold_loss":0}],"is_beta":true,"boss_relics":[{"not_picked":["Velvet Choker","White Beast Statue"],"picked":"Philosopher\u0027s Stone"}],"items_purged_floors":[10],"is_endless":false,"potions_floor_spawned":[1,3,4,14,18,24],"killed_by":"Collector","ascension_level":20}