{"gold_per_floor":[112,125,125,125,145,145,178,199,199,199,213,236,103,143,143,233,233,249,249,267,267,287,287,287],"floor_reached":24,"playtime":1259,"items_purged":["Strike_B"],"score":466,"play_id":"75117039-10e2-456b-8935-f416d5850202","local_time":"20180922190859","is_ascension_mode":true,"campfire_choices":[{"data":"Coolheaded","floor":6.0,"key":"SMITH"},{"floor":10.0,"key":"REST"},{"floor":15.0,"key":"REST"},{"floor":23.0,"key":"REST"}],"neow_cost":"NONE","seed_source_timestamp":15952523443350,"circlet_count":0,"master_deck":["Strike_B+1","Strike_B+1","Strike_B+1","Defend_B+1","Defend_B+1","Defend_B+1","Defend_B+1","Zap+1","Dualcast","AscendersBane","Rainbow","Redo","Coolheaded+1","Ball Lightning","Hello World","Capacitor","Tempest","Go for the Eyes","Static Discharge","All For One","Reboot+1","Conserve Battery+1","Undo+1","Aggregate+1"],"special_seed":0,"relics":["Cracked Core","Golden Idol","Smiling Mask","Centennial Puzzle","Toxic Egg 2","White Beast Statue"],"potions_floor_usage":[24,24],"damage_taken":[{"damage":9.0,"enemies":"Small Slimes","floor":1.0,"turns":3.0},{"damage":7.0,"enemies":"Jaw Worm","floor":2.0,"turns":3.0},{"damage":0.0,"enemies":"Cultist","floor":5.0,"turns":3.0},{"damage":29.0,"enemies":"3 Sentries","floor":7.0,"turns":6.0},{"damage":11.0,"enemies":"2 Fungi Beasts","floor":8.0,"turns":3.0},{"damage":6.0,"enemies":"Exordium Wildlife","floor":11.0,"turns":3.0},{"damage":0.0,"enemies":"3 Louse","floor":12.0,"turns":1.0},{"damage":0.0,"enemies":"Gremlin Nob","floor":14.0,"turns":3.0},{"damage":30.0,"enemies":"The Guardian","floor":16.0,"turns":9.0},{"damage":13.0,"enemies":"Chosen","floor":18.0,"turns":4.0},{"damage":25.0,"enemies":"2 Thieves","floor":20.0,"turns":5.0},{"damage":0.0,"enemies":"Snecko","floor":22.0,"turns":5.0},{"damage":49,"enemies":"Gremlin Leader","floor":24,"turns":6}],"seed_played":"-9113985411087043378","potions_obtained":[{"floor":1.0,"key":"Ancient Potion"},{"floor":5.0,"key":"AttackPotion"},{"floor":8.0,"key":"EntropicBrew"},{"floor":12.0,"key":"PowerPotion"},{"floor":14.0,"key":"Strength Potion"},{"floor":18.0,"key":"SteroidPotion"},{"floor":20.0,"key":"Ancient Potion"},{"floor":22.0,"key":"Energy Potion"}],"is_trial":false,"path_per_floor":["M","M","?","?","M","R","E","M","T","R","M","M","$","E","R","B",null,"M","?","M","?","M","R"],"character_chosen":"DEFECT","items_purchased":["Static Discharge"],"campfire_rested":3,"item_purchase_floors":[13],"current_hp_per_floor":[55,48,48,48,48,48,19,8,8,27,21,21,21,21,40,10,51,38,38,13,26,26,45,0],"gold":287,"neow_bonus":"ONE_RANDOM_RARE_CARD","is_prod":false,"is_daily":false,"chose_seed":false,"campfire_upgraded":1,"win_rate":0,"timestamp":1537614539,"path_taken":["M","M","?","?","M","R","E","M","T","R","M","M","?","E","R","BOSS","M","?","M","?","?","R","E"],"build_version":"2018-09-20","purchased_purges":1,"victory":false,"max_hp_per_floor":[71,71,71,64,64,64,64,64,64,64,64,64,64,64,64,64,64,64,64,64,64,64,64,64],"card_choices":[{"not_picked":["Aggregate","Gash"],"picked":"Redo","floor":1.0},{"not_picked":["Skim","Steam"],"picked":"Coolheaded","floor":2.0},{"not_picked":["Coolheaded","Hologram"],"picked":"Ball Lightning","floor":5.0},{"not_picked":["Barrage","Conserve Battery"],"picked":"Hello World","floor":7.0},{"not_picked":["Rebound","Leap"],"picked":"Capacitor","floor":8.0},{"not_picked":["Go for the Eyes","Ball Lightning"],"picked":"Tempest","floor":11.0},{"not_picked":["Beam Cell","Barrage"],"picked":"Go for the Eyes","floor":12.0},{"not_picked":["Genetic Algorithm","Ball Lightning"],"picked":"All For One","floor":14.0},{"not_picked":["Hyperbeam","Creative AI"],"picked":"Reboot+1","floor":16.0},{"not_picked":["Blizzard","BootSequence+1"],"picked":"Conserve Battery+1","floor":18.0},{"not_picked":["Conserve Battery+1","Go for the Eyes"],"picked":"Undo+1","floor":20.0},{"not_picked":["Compile Driver","Genetic Algorithm+1"],"picked":"Aggregate+1","floor":22.0}],"player_experience":376890,"relics_obtained":[{"floor":7.0,"key":"Smiling Mask"},{"floor":9.0,"key":"Centennial Puzzle"},{"floor":14.0,"key":"Toxic Egg 2"}],"event_choices":[{"event_name":"Living Wall","player_choice":"Grow","floor":3.0,"damage_taken":0.0},{"event_name":"Golden Idol","player_choice":"Lose Max HP","floor":4.0,"damage_taken":0.0},{"event_name":"Back to Basics","player_choice":"Simplicity","floor":19.0,"damage_taken":0.0},{"event_name":"The Library","player_choice":"Heal","floor":21.0,"damage_taken":0.0}],"is_beta":true,"boss_relics":[{"not_picked":["Philosopher\u0027s Stone","Snecko Eye"],"picked":"White Beast Statue"}],"items_purged_floors":[13],"is_endless":false,"potions_floor_spawned":[1,5,8,12,14,18,20,22],"killed_by":"Gremlin Leader","ascension_level":20}