{"gold_per_floor":[117,134,134,148,148,148,168,196,266,294,21,21,54,65,65,170,170,180,180,200,115,127,153,167,167,167,198,98,110,210,221,221,325,325,337,337,183,143,160,189,189,207,234,591,603,628,650,690,702,714],"floor_reached":51,"playtime":5931,"items_purged":["Strike_B","Strike_B"],"score":880,"play_id":"b88c794f-4072-487a-9baa-7c3abb3b3534","local_time":"20190810120059","is_ascension_mode":true,"campfire_choices":[{"data":"Zap","floor":6,"key":"SMITH"},{"data":"Dualcast","floor":15,"key":"SMITH"},{"floor":25,"key":"REST"},{"floor":32,"key":"REST"},{"data":"Defend_B","floor":41,"key":"PURGE"},{"data":"Defend_B","floor":49,"key":"PURGE"}],"neow_cost":"NONE","seed_source_timestamp":485102693755666,"circlet_count":0,"master_deck":["Strike_B+1","Defend_B","Defend_B","Zap+1","Dualcast+1","Streamline","Compile Driver+1","Leap","Coolheaded","Auto Shields","Conserve Battery","Reprogram","Core Surge","Rainbow","Defragment","Turbo+1","Coolheaded","Electrodynamics","Hologram+1","Seek","Stack+1","White Noise+1","Steam","Beam Cell","Reinforced Body","Echo Form","FTL+1","Hologram","Go for the Eyes+1","Sunder+1","Fusion+1","Glacier","BootSequence","Turbo","Turbo+1","Chaos+1","Hologram+1","Reprogram+1","Loop+1"],"relics":["Cracked Core","Strawberry","Prayer Wheel","Bottled Flame","Odd Mushroom","Lee\u0027s Waffle","CultistMask","Vajra","Fusion Hammer","MutagenicStrength","Bag of Preparation","Incense Burner","Pocketwatch","Oddly Smooth Stone","Peace Pipe","Matryoshka","Philosopher\u0027s Stone","Blood Vial","Mummified Hand","MawBank","Old Coin","Potion Belt"],"potions_floor_usage":[7,8,16,27,27,30,33,40,47,48],"damage_taken":[{"damage":3,"enemies":"2 Louse","floor":1,"turns":3},{"damage":1,"enemies":"Cultist","floor":2,"turns":3},{"damage":5,"enemies":"Small Slimes","floor":4,"turns":3},{"damage":9,"enemies":"Exordium Thugs","floor":7,"turns":3},{"damage":9,"enemies":"3 Sentries","floor":8,"turns":6},{"damage":33,"enemies":"The Mushroom Lair","floor":10,"turns":4},{"damage":16,"enemies":"Lagavulin","floor":13,"turns":7},{"damage":1,"enemies":"Exordium Wildlife","floor":14,"turns":3},{"damage":30,"enemies":"Slime Boss","floor":16,"turns":17},{"damage":0,"enemies":"3 Byrds","floor":18,"turns":5},{"damage":5,"enemies":"Shell Parasite","floor":20,"turns":5},{"damage":16,"enemies":"Centurion and Healer","floor":22,"turns":5},{"damage":40,"enemies":"Slavers","floor":23,"turns":6},{"damage":0,"enemies":"Snake Plant","floor":24,"turns":3},{"damage":12,"enemies":"Book of Stabbing","floor":27,"turns":3},{"damage":0,"enemies":"Shelled Parasite and Fungi","floor":29,"turns":6},{"damage":20,"enemies":"Colosseum Slavers","floor":30,"turns":3},{"damage":0,"enemies":"Colosseum Nobs","floor":30,"turns":4},{"damage":0,"enemies":"Cultist and Chosen","floor":31,"turns":4},{"damage":3,"enemies":"Collector","floor":33,"turns":9},{"damage":20,"enemies":"3 Shapes","floor":35,"turns":3},{"damage":0,"enemies":"Orb Walker","floor":39,"turns":2},{"damage":0,"enemies":"Giant Head","floor":40,"turns":9},{"damage":1,"enemies":"Jaw Worm Horde","floor":42,"turns":3},{"damage":0,"enemies":"2 Orb Walkers","floor":44,"turns":4},{"damage":0,"enemies":"Spire Growth","floor":46,"turns":5},{"damage":11,"enemies":"Transient","floor":47,"turns":5},{"damage":3,"enemies":"Nemesis","floor":48,"turns":9},{"damage":42,"enemies":"Donu and Deca","floor":50,"turns":10}],"seed_played":"7316954119123400388","potions_obtained":[{"floor":1,"key":"Fire Potion"},{"floor":2,"key":"Explosive Potion"},{"floor":13,"key":"Block Potion"},{"floor":23,"key":"Poison Potion"},{"floor":24,"key":"SkillPotion"},{"floor":27,"key":"Swift Potion"},{"floor":29,"key":"Strength Potion"},{"floor":33,"key":"Block Potion"},{"floor":35,"key":"Block Potion"},{"floor":39,"key":"FearPotion"},{"floor":45,"key":"FairyPotion"},{"floor":45,"key":"Regen Potion"}],"is_trial":false,"path_per_floor":["M","M","?","M","?","R","M","E","T","?","$","?","E","M","R","B",null,"M","?","M","?","M","E","M","R","T","E","$","M","?","M","R","B",null,"M","?","$","?","M","E","R","M","T","?","?","M","M","E","R","B",null],"character_chosen":"DEFECT","items_purchased":["Lee\u0027s Waffle","Blood Vial"],"campfire_rested":2,"item_purchase_floors":[11,37],"current_hp_per_floor":[79,78,78,73,73,73,64,55,55,22,89,89,73,72,72,42,89,89,89,84,84,68,28,28,54,54,42,42,42,22,22,48,45,89,69,69,69,69,71,73,73,74,74,76,76,78,69,83,83,43],"gold":726,"neow_bonus":"RANDOM_COMMON_RELIC","is_prod":false,"is_daily":false,"chose_seed":false,"campfire_upgraded":2,"win_rate":0,"timestamp":1565431259,"path_taken":["M","M","?","?","?","R","?","E","T","?","$","?","E","?","R","BOSS","M","?","M","?","M","E","M","R","T","E","?","M","?","?","R","BOSS","M","?","$","?","?","E","R","M","T","?","?","M","?","E","R","BOSS"],"build_version":"2019-07-17","purchased_purges":2,"victory":true,"max_hp_per_floor":[82,82,82,82,82,82,82,82,82,82,89,89,89,89,89,89,89,89,89,89,89,89,89,89,89,89,89,89,89,89,89,89,89,89,89,89,89,89,89,89,89,89,89,89,89,89,89,89,89,89],"card_choices":[{"not_picked":["Skim","Turbo"],"picked":"Streamline","floor":1},{"not_picked":["Turbo","Barrage"],"picked":"Compile Driver","floor":2},{"not_picked":["Steam","Defragment"],"picked":"Leap","floor":4},{"not_picked":["Lockon","Steam"],"picked":"Coolheaded","floor":7},{"not_picked":["Lockon","Reinforced Body","Meteor Strike"],"picked":"SKIP","floor":8},{"not_picked":["Beam Cell","Leap"],"picked":"Auto Shields","floor":10},{"not_picked":["Streamline","Cold Snap"],"picked":"Conserve Battery","floor":13},{"not_picked":["Rebound","Conserve Battery"],"picked":"Reprogram","floor":14},{"not_picked":["Reinforced Body","Conserve Battery"],"picked":"Core Surge","floor":14},{"not_picked":["Core Surge","Fission"],"picked":"Rainbow","floor":16},{"not_picked":["Auto Shields","Ball Lightning","Cold Snap"],"picked":"SKIP","floor":18},{"not_picked":["Rebound","Consume","Genetic Algorithm"],"picked":"SKIP","floor":18},{"not_picked":["Compile Driver+1","Rebound+1"],"picked":"Defragment","floor":20},{"not_picked":["Compile Driver","Rebound"],"picked":"Turbo+1","floor":20},{"not_picked":["Aggregate","Auto Shields"],"picked":"Coolheaded","floor":22},{"not_picked":["Leap","Streamline","Coolheaded"],"picked":"SKIP","floor":22},{"not_picked":["Streamline+1","Rebound","Rip and Tear"],"picked":"SKIP","floor":23},{"not_picked":["Conserve Battery","Scrape"],"picked":"Electrodynamics","floor":24},{"not_picked":["Scrape+1","Force Field"],"picked":"Hologram+1","floor":24},{"not_picked":["Coolheaded","Gash+1"],"picked":"Seek","floor":27},{"not_picked":["Streamline","Hologram"],"picked":"Stack+1","floor":29},{"not_picked":["Hologram","Loop"],"picked":"White Noise+1","floor":29},{"not_picked":["Rip and Tear","Go for the Eyes"],"picked":"Steam","floor":30},{"not_picked":["Fission","Ball Lightning"],"picked":"Beam Cell","floor":31},{"not_picked":["Storm+1","Sweeping Beam+1"],"picked":"Reinforced Body","floor":31},{"not_picked":["Creative AI","Amplify"],"picked":"Echo Form","floor":33},{"not_picked":["Reinforced Body","Stack"],"picked":"FTL+1","floor":35},{"not_picked":["Leap+1","Redo"],"picked":"Hologram","floor":35},{"not_picked":["Beam Cell","Steam+1"],"picked":"Go for the Eyes+1","floor":39},{"not_picked":["Fusion+1","Sweeping Beam+1"],"picked":"Sunder+1","floor":39},{"not_picked":["Cold Snap+1","Scrape+1"],"picked":"Fusion+1","floor":40},{"not_picked":["Redo+1","Stack"],"picked":"Glacier","floor":42},{"not_picked":["Static Discharge+1","Hologram"],"picked":"BootSequence","floor":42},{"not_picked":["Force Field","BootSequence"],"picked":"Turbo","floor":44},{"not_picked":["Scrape","Creative AI"],"picked":"Turbo+1","floor":46},{"not_picked":["Darkness","Hello World"],"picked":"Chaos+1","floor":46},{"not_picked":["Turbo+1","Gash+1"],"picked":"Hologram+1","floor":47},{"not_picked":["Steam Power","Rebound"],"picked":"Reprogram+1","floor":47},{"not_picked":["Hologram+1","BootSequence+1"],"picked":"Loop+1","floor":48}],"player_experience":81773,"relics_obtained":[{"floor":8,"key":"Prayer Wheel"},{"floor":9,"key":"Bottled Flame"},{"floor":10,"key":"Odd Mushroom"},{"floor":13,"key":"Vajra"},{"floor":23,"key":"Incense Burner"},{"floor":26,"key":"Pocketwatch"},{"floor":27,"key":"Oddly Smooth Stone"},{"floor":30,"key":"Peace Pipe"},{"floor":30,"key":"Matryoshka"},{"floor":40,"key":"Mummified Hand"},{"floor":43,"key":"MawBank"},{"floor":44,"key":"Old Coin"},{"floor":48,"key":"Potion Belt"}],"event_choices":[{"damage_healed":0,"gold_gain":0,"player_choice":"Bought 0 Potions","damage_taken":0,"max_hp_gain":0,"max_hp_loss":0,"event_name":"The Woman in Blue","floor":3,"gold_loss":0},{"cards_removed":["Strike_B"],"damage_healed":0,"gold_gain":0,"player_choice":"Purged","damage_taken":0,"max_hp_gain":0,"max_hp_loss":0,"event_name":"Purifier","floor":5,"gold_loss":0},{"damage_healed":0,"gold_gain":0,"player_choice":"Fought Mushrooms","damage_taken":0,"max_hp_gain":0,"max_hp_loss":0,"event_name":"Mushrooms","floor":10,"gold_loss":0},{"damage_healed":0,"gold_gain":0,"player_choice":"Trade","damage_taken":0,"relics_obtained":["CultistMask"],"max_hp_gain":0,"max_hp_loss":0,"event_name":"FaceTrader","floor":12,"gold_loss":0},{"damage_healed":0,"gold_gain":0,"player_choice":"Inject Mutagens","damage_taken":0,"relics_obtained":["MutagenicStrength"],"max_hp_gain":0,"max_hp_loss":0,"event_name":"Drug Dealer","floor":19,"gold_loss":0},{"damage_healed":0,"gold_gain":0,"player_choice":"Obtained Relic","damage_taken":0,"relics_obtained":["Bag of Preparation"],"max_hp_gain":0,"max_hp_loss":0,"event_name":"Addict","floor":21,"gold_loss":85},{"damage_healed":0,"gold_gain":0,"player_choice":"Fight","damage_taken":0,"max_hp_gain":0,"max_hp_loss":0,"event_name":"Colosseum","floor":30,"gold_loss":0},{"damage_healed":0,"gold_gain":0,"player_choice":"Fought Nobs","damage_taken":0,"max_hp_gain":0,"max_hp_loss":0,"event_name":"Colosseum","floor":30,"gold_loss":0},{"damage_healed":0,"gold_gain":0,"player_choice":"Ignored","damage_taken":0,"max_hp_gain":0,"max_hp_loss":0,"event_name":"Tomb of Lord Red Mask","floor":36,"gold_loss":0},{"damage_healed":0,"gold_gain":0,"player_choice":"Upgraded Two","damage_taken":0,"max_hp_gain":0,"max_hp_loss":0,"event_name":"Designer","floor":38,"gold_loss":40,"cards_upgraded":["Compile Driver","Strike_B"]},{"damage_healed":0,"gold_gain":0,"player_choice":"Fight","damage_taken":0,"max_hp_gain":0,"max_hp_loss":0,"event_name":"Mysterious Sphere","floor":44,"gold_loss":0},{"damage_healed":0,"gold_gain":0,"player_choice":"Got Potions","damage_taken":0,"max_hp_gain":0,"max_hp_loss":0,"event_name":"Lab","floor":45,"gold_loss":0}],"is_beta":false,"boss_relics":[{"not_picked":["Velvet Choker","White Beast Statue"],"picked":"Fusion Hammer"},{"not_picked":["Nuclear Battery","Snecko Eye"],"picked":"Philosopher\u0027s Stone"}],"items_purged_floors":[11,28],"is_endless":false,"potions_floor_spawned":[1,2,13,23,24,27,29,33,35,39,46],"ascension_level":2}