{"gold_per_floor":[116,131,131,150,164,194,194,210,210,19,48,48,76,95,95,197,197,213,232,44,44,44,44],"floor_reached":23,"playtime":1297,"items_purged":["Pain"],"score":257,"play_id":"b04ad8d0-e475-40d3-97b9-10359d5d236f","local_time":"20190807113223","is_ascension_mode":true,"campfire_choices":[{"floor":7,"key":"REST"},{"floor":15,"key":"REST"}],"neow_cost":"NONE","seed_source_timestamp":1305284207050067,"circlet_count":0,"master_deck":["Strike_R","Strike_R","Strike_R","Strike_R","Strike_R","Defend_R","Defend_R","Defend_R","Defend_R","Bash","Pommel Strike","Battle Trance","Wild Strike","Carnage","Decay","Shrug It Off","Feed","Reaper","Perfected Strike","Armaments+1"],"relics":["Fusion Hammer","WarpedTongs","Self Forming Clay","Bottled Lightning","Membership Card","Question Card","Pantograph","Eternal Feather","Omamori","Strawberry"],"potions_floor_usage":[13,13,16,18,19,23],"damage_taken":[{"damage":7,"enemies":"Jaw Worm","floor":1,"turns":3},{"damage":1,"enemies":"Cultist","floor":2,"turns":3},{"damage":9,"enemies":"2 Louse","floor":4,"turns":2},{"damage":12,"enemies":"Red Slaver","floor":5,"turns":4},{"damage":30,"enemies":"Lagavulin","floor":6,"turns":6},{"damage":14,"enemies":"Large Slime","floor":8,"turns":4},{"damage":13,"enemies":"3 Sentries","floor":11,"turns":7},{"damage":15,"enemies":"Gremlin Nob","floor":13,"turns":3},{"damage":4,"enemies":"3 Louse","floor":14,"turns":3},{"damage":17,"enemies":"Slime Boss","floor":16,"turns":9},{"damage":7,"enemies":"Spheric Guardian","floor":18,"turns":4},{"damage":18,"enemies":"Shell Parasite","floor":19,"turns":6},{"damage":60,"enemies":"Slavers","floor":23,"turns":5}],"seed_played":"-334909192226988180","potions_obtained":[{"floor":2,"key":"BloodPotion"},{"floor":4,"key":"Block Potion"},{"floor":11,"key":"Regen Potion"},{"floor":14,"key":"Energy Potion"},{"floor":18,"key":"EssenceOfSteel"},{"floor":19,"key":"Poison Potion"}],"is_trial":false,"path_per_floor":["M","M","?","M","M","E","R","M","T","$","E","?","E","M","R","B",null,"M","M","$","?","?","E"],"character_chosen":"IRONCLAD","items_purchased":["Membership Card","Omamori","Strawberry"],"campfire_rested":2,"item_purchase_floors":[10,20,20],"current_hp_per_floor":[73,72,72,63,51,21,45,31,31,31,18,18,32,28,52,60,80,73,59,66,66,48,0],"gold":44,"neow_bonus":"BOSS_RELIC","is_prod":false,"is_daily":false,"chose_seed":false,"campfire_upgraded":0,"win_rate":0,"timestamp":1565191943,"path_taken":["M","M","?","?","M","E","R","M","T","$","E","?","E","?","R","BOSS","M","M","$","?","?","E"],"build_version":"2019-06-28","purchased_purges":1,"victory":false,"max_hp_per_floor":[80,80,80,80,80,80,80,80,80,80,80,80,80,80,80,80,80,80,84,91,91,96,96],"card_choices":[{"not_picked":["Warcry","Combust"],"picked":"Pommel Strike","floor":1},{"not_picked":["Havoc","Heavy Blade"],"picked":"Battle Trance","floor":2},{"not_picked":["Headbutt","Wild Strike","Thunderclap"],"picked":"SKIP","floor":4},{"not_picked":["Heavy Blade","Twin Strike","Shockwave"],"picked":"SKIP","floor":5},{"not_picked":["Dropkick","Headbutt"],"picked":"Wild Strike","floor":6},{"not_picked":["Armaments","Twin Strike","Metallicize"],"picked":"SKIP","floor":8},{"not_picked":["Corruption","Burning Pact"],"picked":"Carnage","floor":11},{"not_picked":["Rupture","Hemokinesis","Battle Trance"],"picked":"Shrug It Off","floor":13},{"not_picked":["Sword Boomerang","Warcry","Clash"],"picked":"Feed","floor":14},{"not_picked":["Barricade","Feed","Offering"],"picked":"Reaper","floor":16},{"not_picked":["Entrench+1","Dual Wield","Sentinel+1"],"picked":"Perfected Strike","floor":18},{"not_picked":["Sword Boomerang","True Grit","Spot Weakness"],"picked":"Armaments+1","floor":19}],"player_experience":41862,"relics_obtained":[{"floor":6,"key":"Self Forming Clay"},{"floor":9,"key":"Bottled Lightning"},{"floor":11,"key":"Question Card"},{"floor":13,"key":"Pantograph"}],"event_choices":[{"damage_healed":0,"gold_gain":0,"player_choice":"Rummage","damage_taken":0,"relics_obtained":["WarpedTongs"],"max_hp_gain":0,"max_hp_loss":0,"event_name":"Accursed Blacksmith","floor":3,"gold_loss":0,"cards_obtained":["Pain"]},{"damage_healed":0,"gold_gain":0,"player_choice":"Cursed","damage_taken":0,"max_hp_gain":0,"max_hp_loss":0,"event_name":"Wheel of Change","floor":12,"gold_loss":0,"cards_obtained":["Decay"]},{"damage_healed":0,"gold_gain":0,"player_choice":"Ignored","damage_taken":0,"max_hp_gain":0,"max_hp_loss":0,"event_name":"Vampires","floor":21,"gold_loss":0},{"damage_healed":0,"gold_gain":0,"player_choice":"Shed Blood","damage_taken":23,"max_hp_gain":5,"max_hp_loss":0,"event_name":"Forgotten Altar","floor":22,"gold_loss":0}],"is_beta":true,"boss_relics":[{"not_picked":["Philosopher\u0027s Stone","Astrolabe"],"picked":"Eternal Feather"}],"items_purged_floors":[20],"is_endless":false,"potions_floor_spawned":[2,4,11,14,18,19],"killed_by":"Slavers","ascension_level":2}