{"gold_per_floor":[117,33,46,64,84,115,115,132,201,161],"floor_reached":10,"playtime":331,"items_purged":[],"score":140,"play_id":"a04a1e8f-21c2-4b34-b895-ca065b3204d6","local_time":"20190430191636","is_ascension_mode":true,"campfire_choices":[{"data":"Coolheaded","floor":7,"key":"SMITH"}],"neow_cost":"NONE","seed_source_timestamp":2978394440557,"circlet_count":0,"master_deck":["AscendersBane","Strike_B","Strike_B","Strike_B","Strike_B","Defend_B","Defend_B","Defend_B","Defend_B","Zap","Dualcast","Biased Cognition","Cold Snap","Coolheaded+1","Ball Lightning","Undo","Self Repair","Core Surge","Chill","Genetic Algorithm"],"relics":["Orrery","Bag of Marbles","Mercury Hourglass"],"potions_floor_usage":[],"damage_taken":[{"damage":9,"enemies":"Small Slimes","floor":1,"turns":4},{"damage":8,"enemies":"2 Louse","floor":3,"turns":3},{"damage":4,"enemies":"Cultist","floor":4,"turns":4},{"damage":15,"enemies":"Gremlin Gang","floor":5,"turns":5},{"damage":36,"enemies":"Gremlin Nob","floor":6,"turns":5},{"damage":4,"enemies":"Lots of Slimes","floor":8,"turns":4},{"damage":9,"enemies":"Exordium Thugs","floor":10,"turns":2}],"seed_played":"9118816629759307928","potions_obtained":[{"floor":6,"key":"Weak Potion"},{"floor":8,"key":"SneckoOil"}],"is_trial":false,"path_per_floor":["M","$","M","M","M","E","R","M","T","M"],"character_chosen":"DEFECT","items_purchased":["Self Repair"],"campfire_rested":0,"item_purchase_floors":[2],"current_hp_per_floor":[55,55,47,50,42,13,13,9,9,0],"gold":161,"neow_bonus":"BOSS_RELIC","is_prod":false,"is_daily":false,"chose_seed":false,"campfire_upgraded":1,"win_rate":0,"timestamp":1556622996,"path_taken":["M","$","M","M","M","E","R","M","T","M"],"build_version":"2019-01-23","purchased_purges":0,"victory":false,"max_hp_per_floor":[71,71,71,71,71,71,71,71,71,71],"card_choices":[{"not_picked":["Gash","Steam"],"picked":"Biased Cognition","floor":0},{"not_picked":["Hologram","Conserve Battery"],"picked":"Cold Snap","floor":0},{"not_picked":["Reprogram","Conserve Battery"],"picked":"Coolheaded","floor":0},{"not_picked":["Beam Cell","Stack"],"picked":"Ball Lightning","floor":0},{"not_picked":["Compile Driver","Ball Lightning"],"picked":"Undo","floor":1},{"not_picked":["Sweeping Beam","Consume","Compile Driver"],"picked":"SKIP","floor":3},{"not_picked":["FTL","Leap"],"picked":"Core Surge","floor":4},{"not_picked":["Conserve Battery","Gash"],"picked":"Chill","floor":5},{"not_picked":["Go for the Eyes","Heatsinks","Streamline"],"picked":"SKIP","floor":6},{"not_picked":["Reprogram","Streamline"],"picked":"Genetic Algorithm","floor":8}],"player_experience":964487,"relics_obtained":[{"floor":6,"key":"Bag of Marbles"},{"floor":9,"key":"Mercury Hourglass"}],"event_choices":[],"is_beta":false,"boss_relics":[],"items_purged_floors":[],"is_endless":false,"potions_floor_spawned":[6,8],"killed_by":"Exordium Thugs","ascension_level":20}