{"gold_per_floor":[111,111,135,51,71,71,71,106,106,146,146,177,177,157,157,252,252,266,178,199,119,119,119,142,183,183,183,183],"floor_reached":28,"playtime":1025,"items_purged":[],"score":504,"play_id":"3b897b34-2d71-4496-9842-dec6e38a6c86","local_time":"20181104115354","is_ascension_mode":true,"campfire_choices":[{"data":"Defragment","floor":6.0,"key":"SMITH"},{"data":"Barrage","floor":11.0,"key":"SMITH"},{"data":"Reinforced Body","floor":15.0,"key":"SMITH"},{"data":"Loop","floor":23.0,"key":"SMITH"},{"data":"Defragment","floor":27.0,"key":"SMITH"}],"neow_cost":"NONE","seed_source_timestamp":1663811261917,"circlet_count":0,"master_deck":["AscendersBane","Zap+1","Dualcast","Barrage+1","Glacier","Defragment+1","Streamline+1","Hyperbeam+1","Reinforced Body+1","Multi-Cast","Coolheaded","Beam Cell+1","Hello World","Skim","Cold Snap+1","Auto Shields","Conserve Battery","Hologram","Rebound+1","Glacier","Loop+1","Defragment+1","Go for the Eyes+1"],"special_seed":0,"relics":["Cracked Core","Golden Idol","DataDisk","Molten Egg 2","Darkstone Periapt","Torii","Strawberry","Pandora\u0027s Box","Bottled Tornado","Bottled Lightning","Orichalcum"],"potions_floor_usage":[],"damage_taken":[{"damage":7.0,"enemies":"Jaw Worm","floor":1.0,"turns":2.0},{"damage":4.0,"enemies":"2 Louse","floor":3.0,"turns":3.0},{"damage":0.0,"enemies":"Small Slimes","floor":5.0,"turns":4.0},{"damage":3.0,"enemies":"Lagavulin","floor":8.0,"turns":7.0},{"damage":14.0,"enemies":"Gremlin Nob","floor":10.0,"turns":4.0},{"damage":11.0,"enemies":"Lagavulin","floor":12.0,"turns":5.0},{"damage":11.0,"enemies":"Slime Boss","floor":16.0,"turns":9.0},{"damage":8.0,"enemies":"Shell Parasite","floor":18.0,"turns":4.0},{"damage":4.0,"enemies":"3 Byrds","floor":20.0,"turns":3.0},{"damage":17.0,"enemies":"Snake Plant","floor":24.0,"turns":4.0},{"damage":16.0,"enemies":"Book of Stabbing","floor":25.0,"turns":6.0},{"damage":44,"enemies":"Gremlin Leader","floor":28,"turns":6}],"seed_played":"-8394788505279521051","potions_obtained":[{"floor":3.0,"key":"SteroidPotion"},{"floor":12.0,"key":"SkillPotion"},{"floor":14.0,"key":"EntropicBrew"},{"floor":24.0,"key":"Regen Potion"}],"is_trial":false,"path_per_floor":["M","?","M","$","M","R","?","E","T","E","R","E","?","?","R","B",null,"M","$","M","$","T","R","M","E","T","R","E"],"character_chosen":"DEFECT","items_purchased":["Glacier","Glacier","Defragment"],"campfire_rested":0,"item_purchase_floors":[4,19,21],"current_hp_per_floor":[57,57,53,53,53,53,53,50,50,36,36,32,32,32,32,21,59,51,51,47,47,47,47,30,29,29,29,0],"gold":183,"neow_bonus":"UPGRADE_CARD","is_prod":false,"is_daily":false,"chose_seed":false,"campfire_upgraded":5,"win_rate":0,"timestamp":1541303634,"path_taken":["M","?","M","$","M","R","?","E","T","E","R","E","?","?","R","BOSS","M","$","M","?","?","R","?","E","T","R","E"],"build_version":"2018-11-02","purchased_purges":0,"victory":false,"max_hp_per_floor":[71,64,64,64,64,64,64,64,64,64,64,71,71,71,71,71,71,71,71,71,71,71,71,71,71,71,71,71],"card_choices":[{"not_picked":["Conserve Battery","Tempest"],"picked":"Barrage","floor":1.0},{"not_picked":["Redo","Stack","Double Energy"],"picked":"SKIP","floor":3.0},{"not_picked":["Compile Driver","Steam"],"picked":"Defragment","floor":5.0},{"not_picked":["Rebound","Skim"],"picked":"Streamline","floor":8.0},{"not_picked":["Cold Snap+1","Barrage+1"],"picked":"Hyperbeam+1","floor":10.0},{"not_picked":["Compile Driver+1","Streamline+1"],"picked":"Reinforced Body","floor":12.0},{"not_picked":["Reboot","Fission"],"picked":"Multi-Cast","floor":16.0},{"not_picked":["Streamline+1","Rebound+1","Gash+1"],"picked":"SKIP","floor":18.0},{"not_picked":["Streamline+1","Gash+1"],"picked":"Rebound+1","floor":18.0},{"not_picked":["Storm","Gash+1"],"picked":"Loop","floor":20.0},{"not_picked":["Sweeping Beam+1","Recycle","Streamline+1"],"picked":"SKIP","floor":24.0},{"not_picked":["Sweeping Beam+1","Beam Cell+1"],"picked":"Go for the Eyes+1","floor":25.0}],"player_experience":491713,"relics_obtained":[{"floor":8.0,"key":"Molten Egg 2"},{"floor":9.0,"key":"Darkstone Periapt"},{"floor":10.0,"key":"Torii"},{"floor":12.0,"key":"Strawberry"},{"floor":22.0,"key":"Bottled Tornado"},{"floor":25.0,"key":"Bottled Lightning"},{"floor":26.0,"key":"Orichalcum"}],"event_choices":[{"damage_healed":0.0,"max_hp_gain":0.0,"max_hp_loss":7.0,"gold_gain":0.0,"event_name":"Golden Idol","player_choice":"Lose Max HP","floor":2.0,"gold_loss":0.0,"damage_taken":0.0,"relics_obtained":["Golden Idol"]},{"damage_healed":0.0,"max_hp_gain":0.0,"max_hp_loss":0.0,"gold_gain":0.0,"event_name":"Dead Adventurer","player_choice":"Searched \u00271\u0027 times","floor":7.0,"gold_loss":0.0,"damage_taken":0.0,"relics_obtained":["DataDisk"]},{"damage_healed":0.0,"max_hp_gain":0.0,"max_hp_loss":0.0,"gold_gain":0.0,"event_name":"Shining Light","player_choice":"Ignored","floor":13.0,"gold_loss":0.0,"damage_taken":0.0},{"damage_healed":0.0,"max_hp_gain":0.0,"max_hp_loss":0.0,"gold_gain":0.0,"event_name":"The Woman in Blue","player_choice":"Bought 1 Potion","floor":14.0,"gold_loss":0.0,"damage_taken":0.0}],"is_beta":true,"boss_relics":[{"not_picked":["Fusion Hammer","Runic Dome"],"picked":"Pandora\u0027s Box"}],"items_purged_floors":[],"is_endless":false,"potions_floor_spawned":[3,12,24],"killed_by":"Gremlin Leader","ascension_level":20}