{"gold_per_floor":[110,123,143,0,17,17,17,37,37,53,73,101,118,141,141,216,216,232,247,261,261,261],"floor_reached":22,"playtime":980,"items_purged":[],"score":384,"play_id":"686fe9b4-dbe4-438e-8b65-99be07137527","local_time":"20180916125850","is_ascension_mode":true,"campfire_choices":[{"data":"Darkness","floor":6.0,"key":"SMITH"},{"data":"Zap","floor":15.0,"key":"SMITH"}],"neow_cost":"NONE","seed_source_timestamp":15095101923170,"circlet_count":0,"master_deck":["Strike_B","Strike_B","Strike_B","Strike_B","Defend_B","Defend_B","Defend_B","Defend_B","Zap+1","Dualcast","AscendersBane","Ball Lightning","Go for the Eyes","Chaos","Darkness+1","Redo","FTL","Sweeping Beam","Coolheaded","Machine Learning","Defragment","Steam Power","Echo Form","Glacier","Reinforced Body"],"special_seed":0,"relics":["Eternal Feather","Meat on the Bone","Bottled Tornado","Anchor","White Beast Statue"],"potions_floor_usage":[19,20,22],"damage_taken":[{"damage":2.0,"enemies":"Cultist","floor":1.0,"turns":4.0},{"damage":15.0,"enemies":"Small Slimes","floor":2.0,"turns":3.0},{"damage":7.0,"enemies":"Jaw Worm","floor":3.0,"turns":3.0},{"damage":1.0,"enemies":"2 Fungi Beasts","floor":5.0,"turns":3.0},{"damage":29.0,"enemies":"Gremlin Gang","floor":8.0,"turns":6.0},{"damage":12.0,"enemies":"Exordium Wildlife","floor":10.0,"turns":4.0},{"damage":0.0,"enemies":"Large Slime","floor":11.0,"turns":3.0},{"damage":8.0,"enemies":"Gremlin Nob","floor":12.0,"turns":3.0},{"damage":13.0,"enemies":"Blue Slaver","floor":13.0,"turns":4.0},{"damage":29.0,"enemies":"Hexaghost","floor":16.0,"turns":7.0},{"damage":34,"enemies":"Shell Parasite","floor":18,"turns":5},{"damage":18,"enemies":"3 Byrds","floor":19,"turns":4},{"damage":9,"enemies":"Centurion and Healer","floor":20,"turns":6},{"damage":39,"enemies":"Chosen and Byrds","floor":22,"turns":5}],"seed_played":"-3595395099651011154","potions_obtained":[{"floor":1.0,"key":"Fire Potion"},{"floor":5.0,"key":"Strength Potion"},{"floor":8.0,"key":"SkillPotion"},{"floor":10.0,"key":"Fire Potion"},{"floor":12.0,"key":"SkillPotion"},{"floor":18,"key":"Explosive Potion"},{"floor":19,"key":"SkillPotion"},{"floor":20,"key":"Fire Potion"}],"is_trial":false,"path_per_floor":["M","M","M","$","M","R","$","M","T","M","M","E","M","T","R","B",null,"M","M","M","?"],"character_chosen":"DEFECT","items_purchased":["Darkness","Redo"],"campfire_rested":0,"item_purchase_floors":[4,4],"current_hp_per_floor":[62,47,40,40,39,48,48,19,19,19,31,35,34,34,46,29,61,39,33,36,36,0],"gold":261,"neow_bonus":"BOSS_RELIC","is_prod":false,"is_daily":false,"chose_seed":false,"campfire_upgraded":2,"win_rate":0,"timestamp":1537073930,"path_taken":["M","M","M","$","?","R","$","M","T","M","M","E","M","?","R","BOSS","M","M","M","?","M"],"build_version":"2018-09-12","purchased_purges":0,"victory":false,"max_hp_per_floor":[71,71,71,71,71,71,71,71,71,71,71,71,71,71,71,71,71,71,71,71,71,71],"card_choices":[{"not_picked":["Genetic Algorithm","Rip and Tear"],"picked":"Ball Lightning","floor":1.0},{"not_picked":["Ball Lightning","Steam"],"picked":"Go for the Eyes","floor":2.0},{"not_picked":["Rebound","Recycle"],"picked":"Chaos","floor":3.0},{"not_picked":["Go for the Eyes","Steam"],"picked":"FTL","floor":5.0},{"not_picked":["Auto Shields","Blizzard"],"picked":"Sweeping Beam","floor":8.0},{"not_picked":["Go for the Eyes","FTL"],"picked":"Coolheaded","floor":10.0},{"not_picked":["Steam","Barrage"],"picked":"Machine Learning","floor":11.0},{"not_picked":["Loop","White Noise"],"picked":"Defragment","floor":12.0},{"not_picked":["Blizzard","Barrage"],"picked":"Steam Power","floor":13.0},{"not_picked":["Amplify","Machine Learning"],"picked":"Echo Form","floor":16.0},{"not_picked":["Barrage","Double Energy","Sweeping Beam"],"picked":"SKIP","floor":18},{"not_picked":["Melter","Beam Cell"],"picked":"Glacier","floor":19},{"not_picked":["Conserve Battery","Darkness"],"picked":"Reinforced Body","floor":20}],"player_experience":355139,"relics_obtained":[{"floor":9.0,"key":"Meat on the Bone"},{"floor":12.0,"key":"Bottled Tornado"},{"floor":14.0,"key":"Anchor"}],"event_choices":[{"event_name":"Beggar","player_choice":"Ignored","floor":21,"damage_taken":0}],"is_beta":true,"boss_relics":[{"not_picked":["Busted Crown","Orrery"],"picked":"White Beast Statue"}],"items_purged_floors":[],"is_endless":false,"potions_floor_spawned":[1,5,8,10,12,18,19,20],"killed_by":"Chosen and Byrds","ascension_level":20}