{"gold_per_floor":[114,39,39,50,66,66,92,92,115,115,115,128,128,146,146],"floor_reached":15,"playtime":258,"items_purged":["Strike_R"],"score":171,"play_id":"0fb59c40-8d10-4bb2-8d67-f92374723b73","local_time":"20190209125334","is_ascension_mode":true,"campfire_choices":[{"data":"Armaments","floor":6,"key":"SMITH"},{"data":"Offering","floor":15,"key":"SMITH"}],"neow_cost":"NONE","seed_source_timestamp":4354610125220,"circlet_count":0,"master_deck":["AscendersBane","Strike_R","Strike_R","Strike_R+1","Strike_R","Defend_R","Defend_R","Defend_R+1","Defend_R","Bash","Pain","Armaments+1","Pommel Strike","Shrug It Off","Offering+1","Reaper"],"relics":["Burning Blood","NeowsBlessing","WarpedTongs","Ancient Tea Set","Boot"],"potions_floor_usage":[],"damage_taken":[{"damage":0,"enemies":"Jaw Worm","floor":1,"turns":1},{"damage":0,"enemies":"Cultist","floor":4,"turns":1},{"damage":2,"enemies":"Small Slimes","floor":5,"turns":1},{"damage":28,"enemies":"Lagavulin","floor":7,"turns":7},{"damage":14,"enemies":"Looter","floor":12,"turns":4},{"damage":15,"enemies":"2 Fungi Beasts","floor":14,"turns":4}],"seed_played":"-1390304695966417128","potions_obtained":[{"floor":12,"key":"SkillPotion"},{"floor":14,"key":"SneckoOil"}],"is_trial":false,"path_per_floor":["M","$","?","M","M","R","E","$","T","?","?","M","?","M","R"],"character_chosen":"IRONCLAD","items_purchased":[],"campfire_rested":0,"item_purchase_floors":[],"current_hp_per_floor":[74,74,74,75,75,75,53,53,53,30,55,47,47,38,38],"gold":146,"neow_bonus":"THREE_ENEMY_KILL","is_prod":false,"is_daily":false,"chose_seed":false,"campfire_upgraded":2,"win_rate":0,"timestamp":1549688014,"path_taken":["M","$","?","M","?","R","E","?","T","?","?","M","?","M","R"],"build_version":"2019-02-06","purchased_purges":1,"victory":false,"max_hp_per_floor":[75,75,75,75,75,75,75,75,75,75,75,75,75,75,75],"card_choices":[{"not_picked":["Sword Boomerang","Burning Pact","Seeing Red"],"picked":"SKIP","floor":1},{"not_picked":["Sword Boomerang","Shrug It Off"],"picked":"Armaments","floor":4},{"not_picked":["Wild Strike","Corruption","Pommel Strike"],"picked":"SKIP","floor":5},{"not_picked":["Wild Strike","Corruption"],"picked":"Pommel Strike","floor":5},{"not_picked":["Perfected Strike","Power Through","Wild Strike"],"picked":"SKIP","floor":7},{"not_picked":["Heavy Blade","Body Slam"],"picked":"Shrug It Off","floor":12},{"not_picked":["Twin Strike","Wild Strike"],"picked":"Reaper","floor":14}],"player_experience":768405,"relics_obtained":[{"floor":7,"key":"Ancient Tea Set"},{"floor":9,"key":"Boot"}],"event_choices":[{"damage_healed":0,"gold_gain":0,"player_choice":"Rummage","damage_taken":0,"relics_obtained":["WarpedTongs"],"max_hp_gain":0,"max_hp_loss":0,"event_name":"Accursed Blacksmith","floor":3,"gold_loss":0,"cards_obtained":["Pain"]},{"damage_healed":0,"gold_gain":0,"player_choice":"Entered Light","damage_taken":23,"max_hp_gain":0,"max_hp_loss":0,"event_name":"Shining Light","floor":10,"gold_loss":0,"cards_upgraded":["Strike_R","Defend_R"]},{"damage_healed":25,"gold_gain":0,"player_choice":"Banana","damage_taken":0,"max_hp_gain":0,"max_hp_loss":0,"event_name":"Big Fish","floor":11,"gold_loss":0},{"damage_healed":0,"gold_gain":0,"player_choice":"1 cards matched","damage_taken":0,"max_hp_gain":0,"max_hp_loss":0,"event_name":"Match and Keep!","floor":13,"gold_loss":0,"cards_obtained":["Offering"]}],"is_beta":true,"boss_relics":[],"items_purged_floors":[2],"is_endless":false,"potions_floor_spawned":[12,14],"ascension_level":16}