{"gold_per_floor":[161,178,192,192,192,192,205,222,222,222,237,90,107,23,23,100,100,120,19,19,38,38,38],"floor_reached":23,"playtime":729,"items_purged":["Parasite"],"score":366,"play_id":"a2ac9f35-9976-47eb-b458-849f1eebcf6a","local_time":"20180916174617","is_ascension_mode":true,"campfire_choices":[{"data":"Tempest","floor":6.0,"key":"SMITH"},{"data":"Darkness","floor":15.0,"key":"SMITH"}],"neow_cost":"NONE","seed_source_timestamp":32490391792432,"circlet_count":0,"master_deck":["Strike_B","Strike_B","Strike_B+1","Strike_B","Defend_B","Defend_B","Defend_B","Defend_B","Zap+1","Dualcast","AscendersBane","Streamline","Leap","Self Repair","Tempest+1","Hologram","Conserve Battery","Darkness+1","Biased Cognition","Ball Lightning","BootSequence","Rainbow","Sweeping Beam+1","Go for the Eyes","Decay","Redo"],"special_seed":0,"relics":["Tiny House","Sundial","Nuclear Battery","MutagenicStrength"],"potions_floor_usage":[23],"damage_taken":[{"damage":7.0,"enemies":"Jaw Worm","floor":1.0,"turns":3.0},{"damage":1.0,"enemies":"Small Slimes","floor":2.0,"turns":4.0},{"damage":1.0,"enemies":"Cultist","floor":3.0,"turns":4.0},{"damage":12.0,"enemies":"Looter","floor":7.0,"turns":3.0},{"damage":3.0,"enemies":"Blue Slaver","floor":8.0,"turns":3.0},{"damage":22.0,"enemies":"Exordium Thugs","floor":11.0,"turns":4.0},{"damage":4.0,"enemies":"Large Slime","floor":13.0,"turns":4.0},{"damage":47.0,"enemies":"Hexaghost","floor":16.0,"turns":8.0},{"damage":22.0,"enemies":"Spheric Guardian","floor":18.0,"turns":5.0},{"damage":12.0,"enemies":"3 Byrds","floor":21.0,"turns":5.0},{"damage":41,"enemies":"Book of Stabbing","floor":23,"turns":3}],"seed_played":"-3180148524467461476","potions_obtained":[{"floor":0.0,"key":"SneckoOil"},{"floor":1.0,"key":"SteroidPotion"},{"floor":8.0,"key":"GamblersBrew"}],"is_trial":false,"path_per_floor":["M","M","M","?","?","R","M","M","T","?","M","$","M","$","R","B",null,"M","$","?","M","?"],"character_chosen":"DEFECT","items_purchased":["Biased Cognition","Ball Lightning","BootSequence","Go for the Eyes"],"campfire_rested":0,"item_purchase_floors":[12,12,14,19],"current_hp_per_floor":[62,61,67,67,67,67,55,52,52,71,56,56,52,52,52,12,60,45,45,45,40,40,0],"gold":38,"neow_bonus":"BOSS_RELIC","is_prod":false,"is_daily":false,"chose_seed":false,"campfire_upgraded":2,"win_rate":0,"timestamp":1537091177,"path_taken":["M","M","M","?","?","R","?","M","T","?","?","$","M","?","R","BOSS","M","$","?","M","?","E"],"build_version":"2018-09-12","purchased_purges":1,"victory":false,"max_hp_per_floor":[76,76,76,76,76,76,76,76,76,76,76,76,76,76,76,76,76,76,73,73,73,73,73],"card_choices":[{"not_picked":["Double Energy","Reinforced Body"],"picked":"Streamline","floor":0.0},{"not_picked":["Gash","Go for the Eyes"],"picked":"Leap","floor":1.0},{"not_picked":["Cold Snap","Conserve Battery"],"picked":"Self Repair","floor":2.0},{"not_picked":["White Noise","Hologram"],"picked":"Tempest","floor":3.0},{"not_picked":["Self Repair","Beam Cell"],"picked":"Hologram","floor":7.0},{"not_picked":["Force Field","Compile Driver"],"picked":"Conserve Battery","floor":8.0},{"not_picked":["Redo","Go for the Eyes"],"picked":"Darkness","floor":11.0},{"not_picked":["Beam Cell","Conserve Battery","Gash"],"picked":"SKIP","floor":13.0},{"not_picked":["Echo Form","Amplify"],"picked":"Rainbow","floor":16.0},{"not_picked":["Ball Lightning","Hologram"],"picked":"Sweeping Beam+1","floor":18.0},{"not_picked":["Steam","Genetic Algorithm"],"picked":"Redo","floor":21.0}],"player_experience":358878,"relics_obtained":[{"floor":9.0,"key":"Sundial"}],"event_choices":[{"event_name":"Living Wall","player_choice":"Grow","floor":4.0,"damage_taken":0.0},{"event_name":"Scrap Ooze","player_choice":"unsuccessful","floor":5.0,"damage_taken":0.0},{"event_name":"Mushrooms","player_choice":"Healed and dodged fight","floor":10.0,"damage_taken":0.0},{"event_name":"Forgotten Altar","player_choice":"Smashed Altar","floor":20.0,"damage_taken":0.0},{"event_name":"Drug Dealer","player_choice":"Inject Mutagens","floor":22.0,"damage_taken":0.0}],"is_beta":true,"boss_relics":[{"not_picked":["Calling Bell","Eternal Feather"],"picked":"Nuclear Battery"}],"items_purged_floors":[19],"is_endless":false,"potions_floor_spawned":[1,8,13],"killed_by":"Book of Stabbing","ascension_level":20}