{"gold_per_floor":[361,372,171,221,233,233,233,233,233,267,279,307,307,69,69,146,146,162,182,182,197,72,72,91,91,173,192,44,58,58,108,108,108],"floor_reached":33,"playtime":1427,"items_purged":["Strike_B","Strike_B","Strike_B"],"score":459,"play_id":"ae2f5a63-c667-41cc-b75c-e8f83b45aa2c","local_time":"20190129150906","is_ascension_mode":true,"campfire_choices":[{"data":"Defragment","floor":6,"key":"SMITH"},{"data":"Hologram","floor":8,"key":"SMITH"},{"data":"Streamline","floor":13,"key":"SMITH"},{"data":"Dualcast","floor":15,"key":"SMITH"},{"data":"Reboot","floor":23,"key":"SMITH"},{"data":"Defragment","floor":30,"key":"SMITH"},{"data":"Reinforced Body","floor":32,"key":"SMITH"}],"neow_cost":"TEN_PERCENT_HP_LOSS","seed_source_timestamp":23161133328059,"circlet_count":0,"master_deck":["AscendersBane","Strike_B","Defend_B","Defend_B","Defend_B","Defend_B","Zap","Dualcast+1","Cold Snap","Hologram+1","Defragment+1","Beam Cell+1","Streamline+1","Reboot+1","Leap","Self Repair","Glacier","Echo Form","Defragment+1","Recycle","Defragment+1","Reinforced Body+1"],"relics":["Cracked Core","Shuriken","Blue Candle","Vajra","Snecko Eye","Symbiotic Virus"],"potions_floor_usage":[2,10,33],"damage_taken":[{"damage":7,"enemies":"Small Slimes","floor":1,"turns":3},{"damage":0,"enemies":"Cultist","floor":2,"turns":3},{"damage":6,"enemies":"2 Louse","floor":5,"turns":3},{"damage":14,"enemies":"Gremlin Nob","floor":10,"turns":3},{"damage":10,"enemies":"Exordium Thugs","floor":11,"turns":4},{"damage":2,"enemies":"Lagavulin","floor":12,"turns":5},{"damage":12,"enemies":"The Guardian","floor":16,"turns":11},{"damage":0,"enemies":"Spheric Guardian","floor":18,"turns":4},{"damage":0,"enemies":"3 Byrds","floor":19,"turns":7},{"damage":36,"enemies":"Snake Plant","floor":21,"turns":7},{"damage":19,"enemies":"Centurion and Healer","floor":24,"turns":7},{"damage":18,"enemies":"Chosen and Byrds","floor":27,"turns":11},{"damage":0,"enemies":"Cultist and Chosen","floor":29,"turns":9},{"damage":56,"enemies":"Collector","floor":33,"turns":5}],"seed_played":"-510303367799924239","potions_obtained":[{"floor":1,"key":"AttackPotion"},{"floor":2,"key":"Fruit Juice"},{"floor":16,"key":"SpeedPotion"}],"is_trial":false,"path_per_floor":["M","M","$","?","M","R","?","R","T","E","M","E","R","$","R","B",null,"M","M","?","M","$","R","M","?","T","M","$","M","R","?","R","B"],"character_chosen":"DEFECT","items_purchased":["Defragment","Beam Cell","Glacier","PowerPotion","SmokeBomb","Defragment"],"campfire_rested":0,"item_purchase_floors":[3,3,14,14,28,28],"current_hp_per_floor":[57,62,62,56,50,50,50,50,50,36,26,24,24,24,24,19,57,57,64,64,35,35,35,23,23,23,19,19,26,26,26,26,0],"gold":108,"neow_bonus":"TWO_FIFTY_GOLD","is_prod":false,"is_daily":false,"chose_seed":false,"campfire_upgraded":7,"win_rate":0,"timestamp":1548745746,"path_taken":["M","M","$","?","?","R","?","R","T","E","M","E","R","$","R","BOSS","M","M","?","M","$","R","?","?","T","M","$","M","R","?","R","BOSS"],"build_version":"2019-01-23","purchased_purges":3,"victory":false,"max_hp_per_floor":[64,69,69,69,69,69,69,69,69,69,69,69,69,69,69,69,69,69,69,69,69,69,69,69,69,69,69,69,69,69,69,69,69],"card_choices":[{"not_picked":["Double Energy","Rebound"],"picked":"Cold Snap","floor":1},{"not_picked":["Cold Snap","Fusion"],"picked":"Hologram","floor":2},{"not_picked":["Barrage","Conserve Battery"],"picked":"Streamline","floor":5},{"not_picked":["Streamline","Hologram"],"picked":"Reboot","floor":10},{"not_picked":["Conserve Battery","Ball Lightning"],"picked":"Leap","floor":11},{"not_picked":["Gash","Conserve Battery"],"picked":"Self Repair","floor":12},{"not_picked":["Seek","Multi-Cast"],"picked":"Echo Form","floor":16},{"not_picked":["Stack","Go for the Eyes","Steam"],"picked":"SKIP","floor":18},{"not_picked":["Coolheaded","Reprogram+1","Barrage+1"],"picked":"SKIP","floor":19},{"not_picked":["Stack","Hologram","Rainbow"],"picked":"SKIP","floor":21},{"not_picked":["Melter","Redo+1","Rebound+1"],"picked":"SKIP","floor":24},{"not_picked":["Coolheaded","Cold Snap+1"],"picked":"Recycle","floor":27},{"not_picked":["Barrage","Compile Driver"],"picked":"Reinforced Body","floor":29}],"player_experience":724010,"relics_obtained":[{"floor":9,"key":"Shuriken"},{"floor":10,"key":"Blue Candle"},{"floor":12,"key":"Vajra"},{"floor":26,"key":"Symbiotic Virus"}],"event_choices":[{"damage_healed":0,"gold_gain":50,"player_choice":"Touch","damage_taken":6,"max_hp_gain":0,"max_hp_loss":0,"event_name":"FaceTrader","floor":4,"gold_loss":0},{"damage_healed":0,"gold_gain":0,"player_choice":"Grow","damage_taken":0,"max_hp_gain":0,"max_hp_loss":0,"event_name":"Living Wall","floor":7,"gold_loss":0,"cards_upgraded":["Beam Cell"]},{"damage_healed":0,"gold_gain":0,"player_choice":"Copied","damage_taken":0,"max_hp_gain":0,"max_hp_loss":0,"event_name":"Duplicator","floor":20,"gold_loss":0,"cards_obtained":["Defragment"]},{"damage_healed":0,"gold_gain":0,"player_choice":"Ignored","damage_taken":0,"max_hp_gain":0,"max_hp_loss":0,"event_name":"Vampires","floor":25,"gold_loss":0},{"damage_healed":0,"gold_gain":100,"player_choice":"Bet on Murderer","damage_taken":0,"max_hp_gain":0,"max_hp_loss":0,"event_name":"The Joust","floor":31,"gold_loss":50}],"is_beta":true,"boss_relics":[{"not_picked":["Velvet Choker","Runic Pyramid"],"picked":"Snecko Eye"}],"items_purged_floors":[3,14,22],"is_endless":false,"potions_floor_spawned":[1,2,16,19,24],"killed_by":"Collector","ascension_level":16}