{"gold_per_floor":[14,14,14,32,46,46,46,46,46,80,80,105,138,163,163,261,261,276,13,36,60,60,60,83,127,154,170,170,182,233,245,257,269],"floor_reached":33,"playtime":1231,"items_purged":[],"score":530,"play_id":"a6608460-b4f5-4694-bba2-fd4fc631a7ea","local_time":"20181107171112","is_ascension_mode":true,"campfire_choices":[{"data":"Dagger Spray","floor":6.0,"key":"SMITH"},{"data":"Survivor","floor":11.0,"key":"SMITH"},{"data":"Malaise","floor":15.0,"key":"SMITH"},{"data":"Bane","floor":23.0,"key":"SMITH"},{"floor":29.0,"key":"REST"},{"floor":32.0,"key":"RECALL"}],"neow_cost":"NO_GOLD","seed_source_timestamp":2204172402666,"circlet_count":0,"master_deck":["AscendersBane","Defend_G+1","Defend_G","Defend_G","Defend_G","Defend_G+1","Strike_G","Strike_G","Strike_G","Survivor+1","Neutralize+1","Dagger Spray+1","Backstab","Masterful Stab","Malaise+1","After Image","Bouncing Flask+1","Backflip+1","Bane+1","Terror+1","Heel Hook","Blur+1","Concentrate+1","Parasite","Deadly Poison+1"],"special_seed":0,"relics":["Ring of the Snake","FossilizedHelix","Golden Idol","Darkstone Periapt","Matryoshka","The Courier","Blue Candle","Cursed Key","Toxic Egg 2","Regal Pillow","MawBank","Shuriken","War Paint","Spirit Poop"],"potions_floor_usage":[33],"damage_taken":[{"damage":3.0,"enemies":"Jaw Worm","floor":1.0,"turns":6.0},{"damage":0.0,"enemies":"Cultist","floor":4.0,"turns":4.0},{"damage":0.0,"enemies":"2 Louse","floor":5.0,"turns":3.0},{"damage":12.0,"enemies":"3 Sentries","floor":10.0,"turns":8.0},{"damage":0.0,"enemies":"Exordium Wildlife","floor":12.0,"turns":2.0},{"damage":6.0,"enemies":"Lagavulin","floor":13.0,"turns":8.0},{"damage":0.0,"enemies":"2 Fungi Beasts","floor":14.0,"turns":3.0},{"damage":16.0,"enemies":"Hexaghost","floor":16.0,"turns":13.0},{"damage":0.0,"enemies":"Shell Parasite","floor":18.0,"turns":6.0},{"damage":0.0,"enemies":"Chosen","floor":20.0,"turns":4.0},{"damage":0.0,"enemies":"Snecko","floor":21.0,"turns":5.0},{"damage":4.0,"enemies":"Cultist and Chosen","floor":24.0,"turns":7.0},{"damage":22.0,"enemies":"Slavers","floor":25.0,"turns":6.0},{"damage":0.0,"enemies":"Chosen and Byrds","floor":27.0,"turns":4.0},{"damage":8.0,"enemies":"Book of Stabbing","floor":30.0,"turns":7.0},{"damage":63,"enemies":"Collector","floor":33,"turns":6}],"seed_played":"-171280835861588672","potions_obtained":[{"floor":4.0,"key":"LiquidBronze"},{"floor":10.0,"key":"GamblersBrew"},{"floor":16.0,"key":"Weak Potion"},{"floor":20.0,"key":"Ancient Potion"}],"is_trial":false,"path_per_floor":["M","?","?","M","M","R","?","$","T","E","R","M","E","M","R","B",null,"M","$","M","M","?","R","M","E","E","T","M","T","R","E","?","R","B"],"character_chosen":"THE_SILENT","items_purchased":["Toxic Egg 2","Backflip+1"],"campfire_rested":1,"item_purchase_floors":[19,19],"current_hp_per_floor":[56,56,56,56,56,56,45,45,45,33,33,33,27,27,27,11,48,48,48,48,48,48,48,44,22,28,28,34,70,62,62,62,0],"gold":269,"neow_bonus":"ONE_RARE_RELIC","is_prod":false,"is_daily":false,"chose_seed":false,"campfire_upgraded":4,"win_rate":0,"timestamp":1541581872,"path_taken":["M","?","?","?","M","R","?","?","T","E","R","M","E","M","R","BOSS","M","$","M","M","?","R","M","E","T","M","?","R","E","?","R","BOSS"],"build_version":"2018-11-05","purchased_purges":0,"victory":false,"max_hp_per_floor":[66,60,60,60,60,60,60,60,60,60,60,60,60,60,60,60,60,60,60,60,60,60,60,60,60,66,66,72,72,72,72,72,72],"card_choices":[{"not_picked":["Quick Slash","Acrobatics"],"picked":"Dagger Spray","floor":1.0},{"not_picked":["Infinite Blades","Deflect"],"picked":"Backstab","floor":4.0},{"not_picked":["Cloak And Dagger","Tactician"],"picked":"Masterful Stab","floor":5.0},{"not_picked":["Quick Slash","Prepared","Poisoned Stab"],"picked":"SKIP","floor":10.0},{"not_picked":["Backflip","Blade Dance"],"picked":"Malaise","floor":12.0},{"not_picked":["Outmaneuver","Cloak And Dagger","Choke"],"picked":"SKIP","floor":13.0},{"not_picked":["Outmaneuver","Deflect","Sucker Punch"],"picked":"SKIP","floor":14.0},{"not_picked":["Storm of Steel","Venomology"],"picked":"After Image","floor":16.0},{"not_picked":["Dagger Throw","Choke+1"],"picked":"Bouncing Flask+1","floor":18.0},{"not_picked":["Distraction+1","Caltrops","Infinite Blades"],"picked":"SKIP","floor":20.0},{"not_picked":["Prepared+1","Slice"],"picked":"Bane","floor":21.0},{"not_picked":["Endless Agony","Quick Slash"],"picked":"Blur+1","floor":24.0},{"not_picked":["Choke","Prepared+1"],"picked":"Concentrate+1","floor":25.0},{"not_picked":["Backflip+1","Noxious Fumes"],"picked":"Deadly Poison+1","floor":27.0},{"not_picked":["Dash","Deadly Poison+1","Setup+1"],"picked":"SKIP","floor":30.0}],"player_experience":509716,"relics_obtained":[{"floor":9.0,"key":"Matryoshka"},{"floor":10.0,"key":"The Courier"},{"floor":13.0,"key":"Blue Candle"},{"floor":26.0,"key":"Regal Pillow"},{"floor":28.0,"key":"MawBank"},{"floor":28.0,"key":"Shuriken"},{"floor":30.0,"key":"War Paint"}],"event_choices":[{"damage_healed":0.0,"max_hp_gain":0.0,"max_hp_loss":6.0,"gold_gain":0.0,"event_name":"Golden Idol","player_choice":"Lose Max HP","floor":2.0,"gold_loss":0.0,"damage_taken":0.0,"relics_obtained":["Golden Idol"]},{"damage_healed":0.0,"max_hp_gain":0.0,"max_hp_loss":0.0,"gold_gain":0.0,"event_name":"Accursed Blacksmith","player_choice":"Forge","floor":3.0,"gold_loss":0.0,"damage_taken":0.0,"cards_upgraded":["Neutralize"]},{"damage_healed":0.0,"max_hp_gain":0.0,"max_hp_loss":0.0,"gold_gain":0.0,"event_name":"Scrap Ooze","player_choice":"Success","floor":7.0,"gold_loss":0.0,"damage_taken":11.0,"relics_obtained":["Darkstone Periapt"]},{"damage_healed":0.0,"max_hp_gain":0.0,"max_hp_loss":0.0,"gold_gain":0.0,"cards_transformed":["Strike_G","Strike_G"],"event_name":"Drug Dealer","player_choice":"Became Test Subject","floor":22.0,"gold_loss":0.0,"damage_taken":0.0,"cards_obtained":["Terror","Heel Hook"]},{"cards_removed":["Doubt"],"damage_healed":0.0,"max_hp_gain":0.0,"max_hp_loss":0.0,"gold_gain":0.0,"event_name":"Bonfire Elementals","player_choice":"Offered Curse","floor":31.0,"gold_loss":0.0,"damage_taken":0.0,"relics_obtained":["Spirit Poop"]}],"is_beta":true,"boss_relics":[{"not_picked":["Empty Cage","Snecko Eye"],"picked":"Cursed Key"}],"items_purged_floors":[],"is_endless":false,"potions_floor_spawned":[4,10,14,16,20,24,30],"killed_by":"Collector","ascension_level":16}