{"gold_per_floor":[16,34,34,34,47,47,59,76,76,76,76],"floor_reached":11,"playtime":293,"items_purged":[],"score":130,"play_id":"85b7f180-e746-4b11-bb5e-60f46ddfeee2","local_time":"20181202183415","is_ascension_mode":true,"campfire_choices":[{"data":"Darkness","floor":6,"key":"SMITH"},{"data":"Barrage","floor":10,"key":"SMITH"}],"neow_cost":"NO_GOLD","seed_source_timestamp":1313821125174,"circlet_count":0,"master_deck":["AscendersBane","Strike_B","Strike_B","Strike_B","Strike_B","Defend_B","Defend_B","Defend_B","Defend_B","Zap","Dualcast","Tempest","Barrage+1","Darkness+1","Loop","Auto Shields"],"relics":["Cracked Core","Gambling Chip","Juzu Bracelet","Pen Nib"],"potions_floor_usage":[],"damage_taken":[{"damage":1,"enemies":"Cultist","floor":1,"turns":3},{"damage":9,"enemies":"Jaw Worm","floor":2,"turns":4},{"damage":8,"enemies":"2 Louse","floor":5,"turns":2},{"damage":22,"enemies":"Lots of Slimes","floor":7,"turns":5},{"damage":2,"enemies":"2 Fungi Beasts","floor":8,"turns":4},{"damage":13,"enemies":"3 Louse","floor":11,"turns":2}],"seed_played":"7497142763046840006","potions_obtained":[{"floor":1,"key":"GamblersBrew"},{"floor":2,"key":"Dexterity Potion"}],"is_trial":false,"path_per_floor":["M","M","$","?","M","R","M","M","T","R","M"],"character_chosen":"DEFECT","items_purchased":[],"campfire_rested":0,"item_purchase_floors":[],"current_hp_per_floor":[63,54,54,43,35,35,13,11,11,11,0],"gold":76,"neow_bonus":"ONE_RARE_RELIC","is_prod":false,"is_daily":false,"chose_seed":false,"campfire_upgraded":2,"win_rate":0,"timestamp":1543746855,"path_taken":["M","?","$","?","M","R","M","M","T","R","M"],"build_version":"2018-11-15","purchased_purges":0,"victory":false,"max_hp_per_floor":[71,71,71,71,71,71,71,71,71,71,71],"card_choices":[{"not_picked":["Rebound","Static Discharge"],"picked":"Tempest","floor":1},{"not_picked":["Double Energy","Force Field"],"picked":"Barrage","floor":2},{"not_picked":["Turbo","Barrage"],"picked":"Darkness","floor":5},{"not_picked":["Redo","Streamline"],"picked":"Loop","floor":7},{"not_picked":["Barrage","Hologram"],"picked":"Auto Shields","floor":8}],"player_experience":590093,"relics_obtained":[{"floor":9,"key":"Pen Nib"}],"event_choices":[{"damage_healed":0,"gold_gain":0,"player_choice":"Success","damage_taken":11,"relics_obtained":["Juzu Bracelet"],"max_hp_gain":0,"max_hp_loss":0,"event_name":"Scrap Ooze","floor":4,"gold_loss":0}],"is_beta":true,"boss_relics":[],"items_purged_floors":[],"is_endless":false,"potions_floor_spawned":[1,2],"killed_by":"3 Louse","ascension_level":20}