{"gold_per_floor":[118,118,134,154,154,154,165,165,218,248,263,263,48,48,48,48],"floor_reached":16,"playtime":800,"items_purged":["Strike_B"],"score":200,"play_id":"d5ab2906-97e4-4d27-bf78-029cc6c44cbd","local_time":"20190504175925","is_ascension_mode":true,"campfire_choices":[{"data":"Hologram","floor":6.0,"key":"SMITH"},{"data":"Genetic Algorithm","floor":8.0,"key":"SMITH"},{"data":"Dualcast","floor":12.0,"key":"SMITH"},{"data":"Zap","floor":15.0,"key":"SMITH"}],"neow_cost":"NONE","seed_source_timestamp":24545501174285,"circlet_count":0,"master_deck":["AscendersBane","Strike_B","Strike_B","Strike_B","Defend_B","Defend_B","Defend_B","Defend_B","Zap+1","Dualcast+1","Purity","Glacier","Defragment+1","Hologram+1","Genetic Algorithm+1","Melter"],"special_seed":0,"relics":["Cracked Core","Tiny Chest","Dream Catcher"],"potions_floor_usage":[16,16],"damage_taken":[{"damage":11.0,"enemies":"Small Slimes","floor":1.0,"turns":4.0},{"damage":3.0,"enemies":"2 Louse","floor":3.0,"turns":4.0},{"damage":13.0,"enemies":"Jaw Worm","floor":4.0,"turns":4.0},{"damage":0.0,"enemies":"2 Fungi Beasts","floor":7.0,"turns":4.0},{"damage":24.0,"enemies":"3 Sentries","floor":10.0,"turns":23.0},{"damage":7.0,"enemies":"3 Louse","floor":11.0,"turns":5.0},{"damage":13,"enemies":"Hexaghost","floor":16,"turns":9}],"seed_played":"3791036700112320127","potions_obtained":[{"floor":3.0,"key":"Weak Potion"},{"floor":4.0,"key":"SteroidPotion"}],"is_trial":false,"path_per_floor":["M","?","M","M","?","R","M","R","T","E","M","R","$","?","R","B"],"character_chosen":"DEFECT","items_purchased":["Melter","AttackPotion"],"campfire_rested":0,"item_purchase_floors":[13,13],"current_hp_per_floor":[53,53,50,37,37,37,37,37,37,13,6,6,6,11,11,0],"gold":48,"neow_bonus":"RANDOM_COLORLESS","is_prod":false,"is_daily":false,"chose_seed":false,"campfire_upgraded":4,"win_rate":0,"timestamp":1556963965,"path_taken":["M","?","M","M","?","R","M","R","T","E","M","R","$","?","R","BOSS"],"build_version":"2019-01-23","purchased_purges":1,"victory":false,"max_hp_per_floor":[71,71,71,71,71,71,71,71,71,71,71,71,71,76,76,76],"card_choices":[{"not_picked":["Blizzard","Storm"],"picked":"Glacier","floor":1.0},{"not_picked":["Streamline","Steam"],"picked":"Defragment","floor":3.0},{"not_picked":["Turbo","Chaos"],"picked":"Hologram","floor":4.0},{"not_picked":["Compile Driver","Conserve Battery"],"picked":"Genetic Algorithm","floor":7.0},{"not_picked":["Compile Driver","Leap","Hologram"],"picked":"SKIP","floor":10.0},{"not_picked":["Redo","Storm","Scrape"],"picked":"SKIP","floor":11.0},{"not_picked":["Redo","Storm","Scrape"],"picked":"SKIP","floor":11.0}],"player_experience":968654,"relics_obtained":[{"floor":9.0,"key":"Tiny Chest"},{"floor":10.0,"key":"Dream Catcher"}],"event_choices":[{"damage_healed":0.0,"max_hp_gain":0.0,"max_hp_loss":0.0,"gold_gain":0.0,"event_name":"Liars Game","player_choice":"Ignored","floor":2.0,"gold_loss":0.0,"damage_taken":0.0},{"damage_healed":0.0,"max_hp_gain":0.0,"max_hp_loss":0.0,"gold_gain":0.0,"event_name":"Living Wall","player_choice":"Grow","floor":5.0,"gold_loss":0.0,"damage_taken":0.0,"cards_upgraded":["Defragment"]},{"damage_healed":0.0,"max_hp_gain":5.0,"max_hp_loss":0.0,"gold_gain":0.0,"event_name":"Big Fish","player_choice":"Donut","floor":14.0,"gold_loss":0.0,"damage_taken":0.0}],"is_beta":false,"boss_relics":[],"items_purged_floors":[13],"is_endless":false,"potions_floor_spawned":[3,4],"killed_by":"Hexaghost","ascension_level":20}