{"gold_per_floor":[109,34,105,6,18,18,49,71,71,71,51,69,99,99,99,222,222,236,11,32,32,52,85,85,85,85,85,85,114,124,134,134,234,284,300,300,39,387,387,387,251,286,286,286,286,314,88,121,121,121],"floor_reached":51,"playtime":2099,"items_purged":["Strike_G"],"score":1227,"play_id":"05b2d034-b0cc-4412-b75e-abb1dbc72720","local_time":"20181017202738","is_ascension_mode":true,"campfire_choices":[{"data":"Neutralize","floor":6.0,"key":"SMITH"},{"data":"Noxious Fumes","floor":10.0,"key":"SMITH"},{"data":"Catalyst","floor":15.0,"key":"SMITH"},{"data":"Crippling Poison","floor":24.0,"key":"SMITH"},{"data":"PiercingWail","floor":27.0,"key":"SMITH"},{"data":"Leg Sweep","floor":32.0,"key":"SMITH"},{"data":"Poisoned Stab","floor":40.0,"key":"SMITH"},{"data":"Corpse Explosion","floor":45.0,"key":"SMITH"},{"data":"Tools of the Trade","floor":49,"key":"SMITH"}],"neow_cost":"NONE","seed_source_timestamp":454380435327,"circlet_count":0,"master_deck":["Defend_G","Defend_G","Defend_G","Defend_G","Defend_G","Strike_G","Strike_G","Strike_G","Survivor+1","Neutralize+1","Quick Slash","Catalyst+1","Deflect","Bane","Noxious Fumes+1","Crippling Poison+1","Corpse Explosion+1","Escape Plan+1","Leg Sweep+1","PiercingWail+1","Catalyst+1","Calculated Gamble+1","Distraction+1","Night Terror+1","Poisoned Stab+1","PiercingWail+1","Concentrate+1","Deadly Poison+1","Backflip+1","Tools of the Trade+1"],"special_seed":0,"relics":["Ring of the Snake","NeowsBlessing","The Courier","Snake Skull","Odd Mushroom","Mummified Hand","Pear","Bloody Idol","Coffee Dripper","Medical Kit","Toxic Egg 2","Letter Opener","Unceasing Top","Tiny House","Paper Crane","Old Coin","Bottled Tornado","Shuriken","Art of War","Toolbox","Anchor"],"potions_floor_usage":[50],"damage_taken":[{"damage":0.0,"enemies":"Cultist","floor":1.0,"turns":1.0},{"damage":0.0,"enemies":"Small Slimes","floor":5.0,"turns":1.0},{"damage":0.0,"enemies":"3 Sentries","floor":7.0,"turns":1.0},{"damage":15.0,"enemies":"The Mushroom Lair","floor":8.0,"turns":4.0},{"damage":0.0,"enemies":"Jaw Worm","floor":12.0,"turns":3.0},{"damage":35.0,"enemies":"Gremlin Nob","floor":13.0,"turns":5.0},{"damage":1.0,"enemies":"Hexaghost","floor":16.0,"turns":7.0},{"damage":5.0,"enemies":"Chosen","floor":18.0,"turns":5.0},{"damage":0.0,"enemies":"3 Byrds","floor":20.0,"turns":2.0},{"damage":1.0,"enemies":"Snake Plant","floor":22.0,"turns":4.0},{"damage":8.0,"enemies":"Gremlin Leader","floor":23.0,"turns":5.0},{"damage":7.0,"enemies":"Book of Stabbing","floor":29.0,"turns":5.0},{"damage":0.0,"enemies":"Shelled Parasite and Fungi","floor":30.0,"turns":3.0},{"damage":9.0,"enemies":"Centurion and Healer","floor":31.0,"turns":4.0},{"damage":7.0,"enemies":"Collector","floor":33.0,"turns":6.0},{"damage":0.0,"enemies":"3 Shapes","floor":35.0,"turns":1.0},{"damage":0.0,"enemies":"Mysterious Sphere","floor":38.0,"turns":3.0},{"damage":0.0,"enemies":"Giant Head","floor":42.0,"turns":3.0},{"damage":5.0,"enemies":"Nemesis","floor":46.0,"turns":3.0},{"damage":0,"enemies":"Giant Head","floor":48,"turns":4},{"damage":50,"enemies":"Awakened One","floor":50,"turns":10}],"seed_played":"-8673058101519604403","potions_obtained":[{"floor":7.0,"key":"LiquidBronze"},{"floor":11.0,"key":"AttackPotion"},{"floor":13.0,"key":"Fire Potion"},{"floor":18.0,"key":"Strength Potion"},{"floor":30.0,"key":"SneckoOil"},{"floor":34.0,"key":"SteroidPotion"},{"floor":36.0,"key":"SmokeBomb"},{"floor":36.0,"key":"FairyPotion"},{"floor":46.0,"key":"PowerPotion"}],"is_trial":false,"path_per_floor":["M","$","T","$","M","R","E","?","T","R","?","M","E","?","R","B",null,"M","$","M","$","M","E","R","?","T","R","?","E","M","M","R","B",null,"M","?","$","?","?","R","$","E","T","?","R","E","$","E","R","B"],"character_chosen":"THE_SILENT","items_purchased":["GhostInAJar","Catalyst","Deflect","Leg Sweep","Medical Kit","Paper Crane","PiercingWail+1","Block Potion","Concentrate+1","Tools of the Trade","Toolbox"],"campfire_rested":0,"item_purchase_floors":[2,4,4,19,19,37,41,41,41,47,47],"current_hp_per_floor":[63,63,63,63,63,63,63,48,48,48,48,48,23,23,23,22,61,56,56,56,56,55,47,47,47,47,47,47,45,50,46,46,44,73,78,78,78,79,79,79,79,79,79,79,79,79,79,79,79,29],"gold":121,"neow_bonus":"THREE_ENEMY_KILL","is_prod":false,"is_daily":false,"chose_seed":false,"campfire_upgraded":9,"win_rate":0,"timestamp":1539779258,"path_taken":["M","$","?","$","M","R","E","?","T","R","?","M","E","?","R","BOSS","M","$","M","$","M","E","R","?","T","R","?","E","M","M","R","BOSS","M","?","$","?","?","R","?","E","T","?","R","E","$","E","R","BOSS"],"build_version":"2018-10-16","purchased_purges":1,"victory":true,"max_hp_per_floor":[70,70,70,70,70,70,70,70,70,70,70,70,80,74,74,74,74,74,74,74,74,74,74,74,74,74,74,74,74,74,74,74,74,79,79,79,79,79,79,79,79,79,79,79,79,79,79,79,79,79],"card_choices":[{"not_picked":["Dagger Spray","Sucker Punch"],"picked":"Quick Slash","floor":1.0},{"not_picked":["Riddle With Holes","Slice"],"picked":"Bane","floor":5.0},{"not_picked":["Die Die Die","Sucker Punch"],"picked":"Noxious Fumes","floor":7.0},{"not_picked":["Poisoned Stab","Backflip"],"picked":"Crippling Poison","floor":12.0},{"not_picked":["Setup","Dagger Throw","Dagger Spray"],"picked":"SKIP","floor":13.0},{"not_picked":["Grand Finale","Night Terror"],"picked":"Corpse Explosion","floor":16.0},{"not_picked":["Deflect","Sucker Punch+1"],"picked":"Escape Plan+1","floor":18.0},{"not_picked":["Terror","Escape Plan"],"picked":"PiercingWail","floor":20.0},{"not_picked":["Sucker Punch","Masterful Stab","Deflect"],"picked":"SKIP","floor":22.0},{"not_picked":["Deadly Poison+1","Acrobatics"],"picked":"Catalyst+1","floor":23.0},{"not_picked":["Flechettes+1","Flying Knee","Outmaneuver+1"],"picked":"SKIP","floor":29.0},{"not_picked":["Tactician+1","Caltrops"],"picked":"Calculated Gamble+1","floor":30.0},{"not_picked":["Deflect+1","Outmaneuver+1"],"picked":"Distraction+1","floor":31.0},{"not_picked":["Corpse Explosion+1","Tools of the Trade"],"picked":"Night Terror+1","floor":33.0},{"not_picked":["Reflex+1","Deflect+1","Sucker Punch+1"],"picked":"SKIP","floor":35.0},{"not_picked":["Bane+1","Prepared+1"],"picked":"Poisoned Stab","floor":38.0},{"not_picked":["Heel Hook","Quick Slash+1"],"picked":"Deadly Poison+1","floor":42.0},{"not_picked":["Crippling Poison+1","Outmaneuver+1"],"picked":"Backflip+1","floor":46.0},{"not_picked":["Sucker Punch","Dash+1","After Image"],"picked":"SKIP","floor":48},{"not_picked":["Sucker Punch","Dash+1","After Image"],"picked":"SKIP","floor":48}],"player_experience":445019,"relics_obtained":[{"floor":3.0,"key":"The Courier"},{"floor":7.0,"key":"Snake Skull"},{"floor":8.0,"key":"Odd Mushroom"},{"floor":9.0,"key":"Mummified Hand"},{"floor":13.0,"key":"Pear"},{"floor":23.0,"key":"Toxic Egg 2"},{"floor":26.0,"key":"Letter Opener"},{"floor":29.0,"key":"Unceasing Top"},{"floor":38.0,"key":"Old Coin"},{"floor":42.0,"key":"Bottled Tornado"},{"floor":43.0,"key":"Shuriken"},{"floor":46.0,"key":"Art of War"},{"floor":48,"key":"Anchor"}],"event_choices":[{"damage_healed":0.0,"max_hp_gain":0.0,"max_hp_loss":0.0,"gold_gain":0.0,"event_name":"Mushrooms","player_choice":"Fought Mushrooms","floor":8.0,"gold_loss":0.0,"damage_taken":0.0},{"damage_healed":0.0,"max_hp_gain":0.0,"max_hp_loss":0.0,"gold_gain":0.0,"event_name":"The Woman in Blue","player_choice":"Bought 1 Potion","floor":11.0,"gold_loss":0.0,"damage_taken":0.0},{"damage_healed":0.0,"max_hp_gain":0.0,"max_hp_loss":6.0,"gold_gain":0.0,"event_name":"Golden Idol","player_choice":"Lose Max HP","floor":14.0,"gold_loss":0.0,"damage_taken":0.0,"relics_obtained":["Golden Idol"]},{"damage_healed":0.0,"max_hp_gain":0.0,"max_hp_loss":0.0,"gold_gain":0.0,"event_name":"The Mausoleum","player_choice":"Ignored","floor":25.0,"gold_loss":0.0,"damage_taken":0.0},{"damage_healed":0.0,"max_hp_gain":0.0,"max_hp_loss":0.0,"gold_gain":0.0,"event_name":"Forgotten Altar","player_choice":"Gave Idol","floor":28.0,"relics_lost":["Golden Idol"],"gold_loss":0.0,"damage_taken":0.0,"relics_obtained":["Bloody Idol"]},{"damage_healed":0.0,"max_hp_gain":0.0,"max_hp_loss":0.0,"gold_gain":0.0,"event_name":"The Lab","player_choice":"Got Potions","floor":36.0,"gold_loss":0.0,"damage_taken":0.0},{"damage_healed":0.0,"max_hp_gain":0.0,"max_hp_loss":0.0,"gold_gain":0.0,"event_name":"Mysterious Sphere","player_choice":"Fight","floor":38.0,"gold_loss":0.0,"damage_taken":0.0},{"cards_removed":["Strike_G"],"damage_healed":0.0,"max_hp_gain":0.0,"max_hp_loss":0.0,"gold_gain":0.0,"event_name":"Falling","player_choice":"Removed Attack","floor":39.0,"gold_loss":0.0,"damage_taken":0.0},{"damage_healed":0.0,"max_hp_gain":0.0,"max_hp_loss":0.0,"gold_gain":0.0,"event_name":"Tomb of Lord Red Mask","player_choice":"Ignored","floor":44.0,"gold_loss":0.0,"damage_taken":0.0}],"is_beta":true,"boss_relics":[{"not_picked":["HoveringKite","Cursed Key"],"picked":"Coffee Dripper"},{"not_picked":["Calling Bell","Sozu"],"picked":"Tiny House"}],"items_purged_floors":[37],"is_endless":false,"potions_floor_spawned":[7,13,18,30,42,46,48],"ascension_level":8}