{"gold_per_floor":[117,42,62,62,72,100,100,134,134,134,152,152,152,181,181,258,258,272,272],"floor_reached":19,"playtime":525,"items_purged":[],"score":324,"play_id":"ace3e83d-743c-4b42-a876-ad4b7e1b2be2","local_time":"20190222212812","is_ascension_mode":true,"campfire_choices":[{"data":"Zap","floor":7.0,"key":"SMITH"},{"data":"Darkness","floor":10,"key":"SMITH"},{"data":"Lockon","floor":12,"key":"SMITH"},{"data":"Recycle","floor":15,"key":"SMITH"}],"neow_cost":"NONE","seed_source_timestamp":9202230025474,"circlet_count":0,"master_deck":["AscendersBane","Strike_B","Defend_B","Defend_B","Defend_B","Defend_B","Zap+1","Dualcast","Conserve Battery","Self Repair","Gash","Darkness+1","Lockon+1","Recycle+1","Core Surge","Undo"],"special_seed":0,"relics":["Cracked Core","NeowsBlessing","Symbiotic Virus","Letter Opener","Thread and Needle","Pantograph","Pen Nib","Empty Cage"],"potions_floor_usage":[14],"damage_taken":[{"damage":0.0,"enemies":"Small Slimes","floor":1.0,"turns":1.0},{"damage":0.0,"enemies":"2 Louse","floor":3.0,"turns":1.0},{"damage":0.0,"enemies":"Jaw Worm","floor":5.0,"turns":1.0},{"damage":24.0,"enemies":"Gremlin Nob","floor":6.0,"turns":4.0},{"damage":28.0,"enemies":"3 Sentries","floor":8.0,"turns":6.0},{"damage":1,"enemies":"Large Slime","floor":11,"turns":4},{"damage":15,"enemies":"Gremlin Nob","floor":14,"turns":3},{"damage":27,"enemies":"Slime Boss","floor":16,"turns":6},{"damage":8,"enemies":"Chosen","floor":18,"turns":4},{"damage":28,"enemies":"Masked Bandits","floor":19,"turns":3}],"seed_played":"578738681818352733","potions_obtained":[{"floor":5.0,"key":"Poison Potion"},{"floor":11,"key":"AttackPotion"},{"floor":16,"key":"SteroidPotion"}],"is_trial":false,"path_per_floor":["M","?","M","?","M","E","R","E","T","R","M","R","?","E","R","B",null,"M","?"],"character_chosen":"DEFECT","items_purchased":[],"campfire_rested":0,"item_purchase_floors":[],"current_hp_per_floor":[64,64,64,53,53,36,36,15,15,15,21,21,44,36,36,41,64,63,35],"gold":272,"neow_bonus":"THREE_ENEMY_KILL","is_prod":false,"is_daily":false,"chose_seed":false,"campfire_upgraded":4,"win_rate":0,"timestamp":1550842092,"path_taken":["M","?","M","?","M","E","R","E","T","R","M","R","?","E","R","BOSS","M","?"],"build_version":"2019-02-06","purchased_purges":0,"victory":false,"max_hp_per_floor":[71,71,71,71,71,71,71,71,71,71,71,71,71,71,71,71,71,71,71],"card_choices":[{"not_picked":["Gash","Recycle"],"picked":"Conserve Battery","floor":1.0},{"not_picked":["Recycle","Redo"],"picked":"Self Repair","floor":3.0},{"not_picked":["Conserve Battery","Turbo"],"picked":"Gash","floor":5.0},{"not_picked":["Go for the Eyes","Conserve Battery","Tempest"],"picked":"SKIP","floor":6.0},{"not_picked":["Reboot","Seek"],"picked":"Darkness","floor":8.0},{"not_picked":["Gash","Sweeping Beam"],"picked":"Lockon","floor":11},{"not_picked":["FTL","Cold Snap"],"picked":"Recycle","floor":14},{"not_picked":["All For One","Echo Form"],"picked":"Core Surge","floor":16},{"not_picked":["Beam Cell","Barrage"],"picked":"Undo","floor":18}],"player_experience":805543,"relics_obtained":[{"floor":6.0,"key":"Letter Opener"},{"floor":8.0,"key":"Thread and Needle"},{"floor":9.0,"key":"Pantograph"},{"floor":14,"key":"Pen Nib"}],"event_choices":[{"cards_removed":["Strike_B"],"damage_healed":0.0,"max_hp_gain":0.0,"max_hp_loss":0.0,"gold_gain":0.0,"event_name":"The Cleric","player_choice":"Card Removal","floor":2.0,"gold_loss":75.0,"damage_taken":0.0},{"damage_healed":0.0,"max_hp_gain":0.0,"max_hp_loss":0.0,"gold_gain":0.0,"event_name":"Scrap Ooze","player_choice":"Success","floor":4.0,"gold_loss":0.0,"damage_taken":11.0,"relics_obtained":["Symbiotic Virus"]},{"damage_healed":23,"gold_gain":0,"player_choice":"Banana","damage_taken":0,"max_hp_gain":0,"max_hp_loss":0,"event_name":"Big Fish","floor":13,"gold_loss":0},{"damage_healed":0,"gold_gain":0,"player_choice":"Fought Bandits","damage_taken":0,"max_hp_gain":0,"max_hp_loss":0,"event_name":"Masked Bandits","floor":19,"gold_loss":0}],"is_beta":true,"boss_relics":[{"not_picked":["Snecko Eye","Runic Dome"],"picked":"Empty Cage"}],"items_purged_floors":[],"is_endless":false,"potions_floor_spawned":[5,11,16],"killed_by":"Masked Bandits","ascension_level":15}