{"gold_per_floor":[109,128,138,152,152,152,178,190,190,48,63,38,38,48,48,143,143,161,178,178],"floor_reached":20,"playtime":1059,"items_purged":["Strike_B"],"score":228,"play_id":"aa64509e-2e87-4d40-b1ca-438b20ea9a19","local_time":"20190809180518","is_ascension_mode":false,"campfire_choices":[{"floor":6,"key":"REST"},{"floor":13,"key":"REST"},{"data":"Streamline","floor":15,"key":"SMITH"}],"neow_cost":"NONE","seed_source_timestamp":166435374416989,"circlet_count":0,"master_deck":["Defend_B","Defend_B","Defend_B","Zap","Dualcast","Go for the Eyes","Sweeping Beam","FTL","Scrape","Sweeping Beam","Seek","Beam Cell","Hologram","Sweeping Beam","Streamline+1","Hologram","Gash","Seek","Capacitor+1","Go for the Eyes+1","Loop+1","Consume","Gash+1"],"relics":["Cracked Core","NeowsBlessing","Ginger","Shuriken","Astrolabe"],"potions_floor_usage":[18],"damage_taken":[{"damage":0,"enemies":"Small Slimes","floor":1,"turns":1},{"damage":0,"enemies":"Cultist","floor":2,"turns":1},{"damage":0,"enemies":"2 Louse","floor":3,"turns":1},{"damage":18,"enemies":"Exordium Thugs","floor":4,"turns":4},{"damage":20,"enemies":"Gremlin Nob","floor":7,"turns":4},{"damage":2,"enemies":"Looter","floor":8,"turns":3},{"damage":7,"enemies":"Large Slime","floor":11,"turns":4},{"damage":7,"enemies":"Blue Slaver","floor":14,"turns":2},{"damage":0,"enemies":"Slime Boss","floor":16,"turns":6},{"damage":27,"enemies":"2 Thieves","floor":18,"turns":4},{"damage":24,"enemies":"Spheric Guardian","floor":19,"turns":5},{"damage":25,"enemies":"3 Cultists","floor":20,"turns":3}],"seed_played":"-3740400511168582363","potions_obtained":[{"floor":2,"key":"SteroidPotion"},{"floor":3,"key":"Strength Potion"},{"floor":8,"key":"SkillPotion"}],"is_trial":false,"path_per_floor":["M","M","M","M","?","R","E","M","T","$","M","$","R","M","R","B",null,"M","M","M"],"character_chosen":"DEFECT","items_purchased":["Hologram","Sweeping Beam","Hologram"],"campfire_rested":2,"item_purchase_floors":[10,10,12],"current_hp_per_floor":[75,75,75,57,57,75,55,53,53,53,46,46,68,61,61,61,75,48,24,0],"gold":178,"neow_bonus":"THREE_ENEMY_KILL","is_prod":false,"is_daily":false,"chose_seed":false,"campfire_upgraded":1,"win_rate":0.0,"timestamp":1565388318,"path_taken":["M","M","M","M","?","R","E","?","T","$","M","$","R","M","R","BOSS","M","M","M"],"build_version":"2019-07-17","purchased_purges":1,"victory":false,"max_hp_per_floor":[75,75,75,75,75,75,75,75,75,75,75,75,75,75,75,75,75,75,75,75],"card_choices":[{"not_picked":["Steam","Stack"],"picked":"Go for the Eyes","floor":1},{"not_picked":["FTL","White Noise"],"picked":"Sweeping Beam","floor":2},{"not_picked":["Chaos","Barrage"],"picked":"FTL","floor":3},{"not_picked":["Consume","Tempest"],"picked":"Scrape","floor":4},{"not_picked":["Darkness","Barrage"],"picked":"Seek","floor":7},{"not_picked":["Redo","Sweeping Beam"],"picked":"Beam Cell","floor":8},{"not_picked":["Heatsinks","Loop"],"picked":"Streamline","floor":11},{"not_picked":["Steam","Darkness"],"picked":"Gash","floor":14},{"not_picked":["Multi-Cast","Buffer"],"picked":"Seek","floor":16},{"not_picked":["Go for the Eyes","Force Field"],"picked":"Consume","floor":18},{"not_picked":["Stack","Cold Snap"],"picked":"Gash+1","floor":19}],"player_experience":29602,"relics_obtained":[{"floor":7,"key":"Ginger"},{"floor":9,"key":"Shuriken"}],"event_choices":[{"damage_healed":0,"gold_gain":0,"cards_transformed":["Strike_B"],"player_choice":"Transformed","damage_taken":0,"max_hp_gain":0,"max_hp_loss":0,"event_name":"Transmorgrifier","floor":5,"gold_loss":0,"cards_obtained":["Sweeping Beam"]}],"is_beta":false,"boss_relics":[{"not_picked":["Philosopher\u0027s Stone","Snecko Eye"],"picked":"Astrolabe"}],"items_purged_floors":[10],"is_endless":false,"potions_floor_spawned":[2,3,8,11,14],"killed_by":"3 Cultists","ascension_level":0}