{"gold_per_floor":[115,135,100,175,4,4,16,16,16,32,49,66,4,37,49,132,144,173,185,212,139,168,180,207,219,231,257,88,108,23,43,43,119,119,138,153,166,166],"floor_reached":38,"playtime":2939,"items_purged":[],"score":839,"play_id":"0b9d656d-e165-4f17-b135-4826e3a8b9ab","local_time":"20180918205318","is_ascension_mode":true,"campfire_choices":[{"data":"Zap","floor":6.0,"key":"SMITH"},{"data":"Dualcast","floor":8.0,"key":"SMITH"},{"data":"Go for the Eyes","floor":15.0,"key":"SMITH"},{"data":"Redo","floor":23.0,"key":"SMITH"},{"data":"Beam Cell","floor":25.0,"key":"SMITH"},{"floor":32.0,"key":"REST"}],"neow_cost":"NONE","seed_source_timestamp":328326648811,"circlet_count":0,"master_deck":["Defend_B","Defend_B","Defend_B","Defend_B","Zap+1","Dualcast+1","AscendersBane","All For One","Go for the Eyes+1","Leap","Turbo","Stack","Rebound","Electrodynamics","Coolheaded","Gash","Steam","Ball Lightning","FTL","Seek","Bite","Bite","Bite","Bite","Bite","Redo+1","Reinforced Body","Beam Cell+1","Gash","Leap","Melter","Gash","Rainbow","Core Surge","Gash","Undo","Redo+1"],"special_seed":0,"relics":["FrozenCore","Dodecahedron","MawBank","Incense Burner","Centennial Puzzle","Cursed Key"],"potions_floor_usage":[],"damage_taken":[{"damage":14.0,"enemies":"Jaw Worm","floor":1.0,"turns":4.0},{"damage":9.0,"enemies":"Small Slimes","floor":2.0,"turns":3.0},{"damage":1.0,"enemies":"Cultist","floor":7.0,"turns":3.0},{"damage":7.0,"enemies":"2 Fungi Beasts","floor":10.0,"turns":2.0},{"damage":11.0,"enemies":"Large Slime","floor":11.0,"turns":5.0},{"damage":12.0,"enemies":"Blue Slaver","floor":12.0,"turns":3.0},{"damage":8.0,"enemies":"Gremlin Nob","floor":14.0,"turns":3.0},{"damage":21.0,"enemies":"Slime Boss","floor":16.0,"turns":7.0},{"damage":2.0,"enemies":"2 Thieves","floor":18.0,"turns":4.0},{"damage":19.0,"enemies":"Shell Parasite","floor":20.0,"turns":8.0},{"damage":37.0,"enemies":"Cultist and Chosen","floor":22.0,"turns":7.0},{"damage":14.0,"enemies":"Sentry and Sphere","floor":24.0,"turns":4.0},{"damage":12.0,"enemies":"Snake Plant","floor":27.0,"turns":4.0},{"damage":15.0,"enemies":"Centurion and Healer","floor":29.0,"turns":14.0},{"damage":11.0,"enemies":"Snecko","floor":31.0,"turns":5.0},{"damage":47.0,"enemies":"Champ","floor":33.0,"turns":17.0},{"damage":23.0,"enemies":"3 Darklings","floor":35.0,"turns":7.0},{"damage":0.0,"enemies":"Orb Walker","floor":36.0,"turns":3.0},{"damage":45.0,"enemies":"3 Darklings","floor":37.0,"turns":5.0}],"seed_played":"-4700251774469948338","potions_obtained":[{"floor":7.0,"key":"Ancient Potion"},{"floor":12.0,"key":"Fruit Juice"},{"floor":16.0,"key":"SkillPotion"},{"floor":22.0,"key":"LiquidBronze"},{"floor":24.0,"key":"Fruit Juice"},{"floor":33.0,"key":"Dexterity Potion"},{"floor":36.0,"key":"Swift Potion"}],"is_trial":false,"path_per_floor":["M","M","?","?","$","R","M","R","T","M","M","M","$","E","R","B",null,"M","?","M","?","M","R","M","R","T","M","$","M","$","M","R","B",null,"M","M","M"],"character_chosen":"DEFECT","items_purchased":["Turbo","Stack","Rebound","Ball Lightning","Gash","Leap","Melter","Rainbow"],"campfire_rested":1,"item_purchase_floors":[5,5,5,13,28,28,28,30],"current_hp_per_floor":[50,41,58,58,58,58,57,57,57,50,39,32,32,24,24,3,58,56,53,46,46,23,23,24,24,24,18,18,23,23,16,33,10,46,39,45,6,0],"gold":166,"neow_bonus":"ONE_RANDOM_RARE_CARD","is_prod":false,"is_daily":false,"chose_seed":false,"campfire_upgraded":5,"win_rate":0,"timestamp":1537275198,"path_taken":["M","M","?","?","$","R","M","R","T","M","M","M","$","E","R","BOSS","M","?","M","?","?","R","M","R","T","M","$","M","$","M","R","BOSS","M","M","M","?"],"build_version":"2018-09-17","purchased_purges":0,"victory":false,"max_hp_per_floor":[71,71,71,71,71,71,71,71,71,71,71,76,76,76,76,76,76,76,53,53,53,53,53,58,58,58,58,58,58,58,58,58,58,58,58,58,58,58],"card_choices":[{"not_picked":["Beam Cell","Cold Snap"],"picked":"Go for the Eyes","floor":1.0},{"not_picked":["Capacitor","Go for the Eyes"],"picked":"Leap","floor":2.0},{"not_picked":["Go for the Eyes","Undo"],"picked":"Electrodynamics","floor":7.0},{"not_picked":["Blizzard","Cold Snap"],"picked":"Coolheaded","floor":10.0},{"not_picked":["Doom and Gloom","Consume"],"picked":"Gash","floor":11.0},{"not_picked":["Lockon","Blizzard"],"picked":"Steam","floor":12.0},{"not_picked":["Aggregate","Chill"],"picked":"FTL","floor":14.0},{"not_picked":["All For One","Creative AI"],"picked":"Seek","floor":16.0},{"not_picked":["Stack","Rebound","Ball Lightning"],"picked":"SKIP","floor":18.0},{"not_picked":["FTL","Rebound"],"picked":"Redo","floor":20.0},{"not_picked":["Darkness","Sweeping Beam"],"picked":"Reinforced Body","floor":22.0},{"not_picked":["Cold Snap","Recycle+1"],"picked":"Beam Cell","floor":24.0},{"not_picked":["Darkness","White Noise","Rebound"],"picked":"SKIP","floor":27.0},{"not_picked":["Ball Lightning","Sweeping Beam"],"picked":"Gash","floor":29.0},{"not_picked":["Force Field+1","Redo","Beam Cell"],"picked":"SKIP","floor":31.0},{"not_picked":["Seek","Reboot"],"picked":"Core Surge","floor":33.0},{"not_picked":["Cold Snap+1","Auto Shields"],"picked":"Gash","floor":35.0},{"not_picked":["Lockon","Go for the Eyes+1"],"picked":"Undo","floor":36.0},{"not_picked":["Ball Lightning","Conserve Battery"],"picked":"Redo+1","floor":37.0}],"player_experience":361117,"relics_obtained":[{"floor":9.0,"key":"Dodecahedron"},{"floor":14.0,"key":"MawBank"},{"floor":26.0,"key":"Centennial Puzzle"}],"event_choices":[{"event_name":"The Cleric","player_choice":"Healed","floor":3.0,"damage_taken":0.0},{"event_name":"Golden Wing","player_choice":"Gained Gold","floor":4.0,"damage_taken":0.0},{"event_name":"Vampires","player_choice":"Became a vampire","floor":19.0,"damage_taken":0.0},{"event_name":"Addict","player_choice":"Obtained Relic","floor":21.0,"damage_taken":0.0},{"event_name":"SensoryStone","player_choice":"Memory 3","floor":38,"damage_taken":0}],"is_beta":true,"boss_relics":[{"not_picked":["Eternal Feather","Lizard Tail"],"picked":"FrozenCore"},{"not_picked":["Empty Cage","Sozu"],"picked":"Cursed Key"}],"items_purged_floors":[],"is_endless":false,"potions_floor_spawned":[7,12,16,22,24,33,36],"ascension_level":20}