{"gold_per_floor":[113,130,146,146,421,421,421,421,469,279,279,295,34,54,54,54],"floor_reached":16,"playtime":712,"items_purged":["Regret"],"score":176,"play_id":"edc9f5e3-24c3-4a42-b170-3a9ee40b0249","local_time":"20180915221130","is_ascension_mode":true,"campfire_choices":[{"data":"Chaos","floor":6.0,"key":"SMITH"},{"data":"Zap","floor":11.0,"key":"SMITH"},{"floor":15,"key":"REST"}],"neow_cost":"NONE","seed_source_timestamp":41735625544414,"circlet_count":0,"master_deck":["Strike_B","Strike_B","Strike_B","Defend_B","Defend_B","Defend_B","Defend_B","Zap+1","Dualcast","AscendersBane","Amplify","Chaos+1","Glacier","Leap","Static Discharge+1","Ball Lightning","Skim","Tempest","Defragment+1","Conserve Battery"],"special_seed":0,"relics":["Cracked Core","Frozen Egg 2","Bronze Scales","PreservedInsect"],"potions_floor_usage":[14],"damage_taken":[{"damage":14.0,"enemies":"Jaw Worm","floor":1.0,"turns":4.0},{"damage":5.0,"enemies":"2 Louse","floor":2.0,"turns":3.0},{"damage":7.0,"enemies":"Small Slimes","floor":3.0,"turns":4.0},{"damage":2.0,"enemies":"Blue Slaver","floor":12.0,"turns":4.0},{"damage":17,"enemies":"Exordium Thugs","floor":14,"turns":4},{"damage":24,"enemies":"Slime Boss","floor":16,"turns":4}],"seed_played":"2295943586589987425","potions_obtained":[{"floor":3.0,"key":"SpeedPotion"}],"is_trial":false,"path_per_floor":["M","M","M","?","?","R","?","?","T","$","R","M","$","M","R"],"character_chosen":"DEFECT","items_purchased":["Ball Lightning","Skim","Defragment+1","PreservedInsect"],"campfire_rested":1,"item_purchase_floors":[10,10,13,13],"current_hp_per_floor":[50,45,38,20,20,20,20,20,20,20,20,18,18,1,22,0],"gold":54,"neow_bonus":"ONE_RANDOM_RARE_CARD","is_prod":false,"is_daily":false,"chose_seed":false,"campfire_upgraded":2,"win_rate":0,"timestamp":1537020690,"path_taken":["M","M","M","?","?","R","?","?","T","$","R","M","?","M","R","BOSS"],"build_version":"2018-09-12","purchased_purges":1,"victory":false,"max_hp_per_floor":[71,71,71,71,71,71,71,71,71,71,71,71,71,71,71,71],"card_choices":[{"not_picked":["Cold Snap","Loop"],"picked":"Chaos","floor":1.0},{"not_picked":["Reprogram","Coolheaded"],"picked":"Glacier","floor":2.0},{"not_picked":["Chaos","Static Discharge"],"picked":"Leap","floor":3.0},{"not_picked":["Leap","Chill"],"picked":"Tempest","floor":12.0},{"not_picked":["Coolheaded","Sweeping Beam"],"picked":"Conserve Battery","floor":14}],"player_experience":345112,"relics_obtained":[{"floor":9.0,"key":"Bronze Scales"}],"event_choices":[{"event_name":"Scrap Ooze","player_choice":"success","floor":4.0,"damage_taken":18.0},{"event_name":"Golden Shrine","player_choice":"Desecrate","floor":5.0,"damage_taken":0.0},{"event_name":"Transmorgrifier","player_choice":"Transform","floor":7.0,"damage_taken":0.0},{"event_name":"Dead Adventurer","player_choice":"Searched \u00270\u0027 times","floor":8.0,"damage_taken":0.0}],"is_beta":true,"boss_relics":[],"items_purged_floors":[10],"is_endless":false,"potions_floor_spawned":[3],"killed_by":"Slime Boss","ascension_level":19}