{"gold_per_floor":[109,119,139,158,173,173,190,206,206,223,256,256,256,269,269,269],"floor_reached":16,"playtime":1071,"items_purged":[],"score":162,"play_id":"0b2b20cf-0d0f-4428-9f55-d7714d5c3b78","local_time":"20180808155706","is_ascension_mode":true,"campfire_choices":[{"data":"Dualcast","floor":6,"key":"SMITH"},{"data":"Hyperbeam","floor":15,"key":"SMITH"}],"neow_cost":"","seed_source_timestamp":1225375635603,"circlet_count":0,"master_deck":["Strike_B","Strike_B","Strike_B","Strike_B","Defend_B","Defend_B","Defend_B","Defend_B","Zap","Dualcast+1","AscendersBane","Gash","Cold Snap","Glacier","Cold Snap","Leap","Hyperbeam+1","Steam","Reinforced Body","Reprogram","FTL"],"relics":["Cracked Core","Anchor","Bag of Preparation"],"potions_floor_usage":[11,11,16,16],"damage_taken":[{"damage":9,"enemies":"Jaw Worm","floor":1,"turns":3},{"damage":10,"enemies":"2 Louse","floor":2,"turns":2},{"damage":1,"enemies":"Cultist","floor":3,"turns":3},{"damage":6,"enemies":"Blue Slaver","floor":4,"turns":4},{"damage":4,"enemies":"Looter","floor":5,"turns":3},{"damage":11,"enemies":"Large Slime","floor":7,"turns":5},{"damage":0,"enemies":"Gremlin Gang","floor":8,"turns":4},{"damage":0,"enemies":"Blue Slaver","floor":10,"turns":2},{"damage":25,"enemies":"Lagavulin","floor":11,"turns":8},{"damage":0,"enemies":"Exordium Thugs","floor":14,"turns":3},{"damage":36,"enemies":"The Guardian","floor":16,"turns":14}],"seed_played":"-1650535465683596323","potions_obtained":[{"floor":2,"key":"SteroidPotion"},{"floor":3,"key":"Weak Potion"},{"floor":4,"key":"EssenceOfSteel"},{"floor":11,"key":"Poison Potion"},{"floor":14,"key":"Explosive Potion"}],"is_trial":false,"path_per_floor":["M","M","M","M","M","R","M","M","T","M","E","?","?","M","R"],"character_chosen":"DEFECT","items_purchased":[],"campfire_rested":0,"item_purchase_floors":[],"current_hp_per_floor":[59,49,48,42,38,38,27,27,27,27,2,2,27,27,27,0],"gold":269,"neow_bonus":"","is_prod":false,"is_daily":false,"chose_seed":false,"campfire_upgraded":2,"win_rate":0,"timestamp":1533715026,"path_taken":["M","M","M","M","M","R","M","M","T","M","E","?","?","?","R","BOSS"],"build_version":"2018-08-02","purchased_purges":0,"victory":false,"max_hp_per_floor":[75,75,75,75,75,75,75,75,75,75,75,75,75,75,75,75],"card_choices":[{"not_picked":["Beam Cell","Steam Power"],"picked":"Gash","floor":1},{"not_picked":["Lockon","Stack"],"picked":"Cold Snap","floor":2},{"not_picked":["Defragment","Genetic Algorithm"],"picked":"Glacier","floor":3},{"not_picked":["Rip and Tear","Barrage"],"picked":"Cold Snap","floor":4},{"not_picked":["Barrage","Streamline"],"picked":"Leap","floor":5},{"not_picked":["Reinforced Body","Cold Snap"],"picked":"Hyperbeam","floor":7},{"not_picked":["Ball Lightning","Stack"],"picked":"Steam","floor":8},{"not_picked":["Turbo","Compile Driver"],"picked":"Reinforced Body","floor":10},{"not_picked":["Capacitor","Steam Power"],"picked":"Reprogram","floor":11},{"not_picked":["Coolheaded","Barrage"],"picked":"FTL","floor":14}],"player_experience":213478,"relics_obtained":[{"floor":9,"key":"Anchor"},{"floor":11,"key":"Bag of Preparation"}],"event_choices":[{"event_name":"Shining Light","player_choice":"Ignored","floor":12,"damage_taken":0},{"event_name":"Big Fish","player_choice":"Banana","floor":13,"damage_taken":0}],"is_beta":false,"boss_relics":[],"items_purged_floors":[],"is_endless":false,"potions_floor_spawned":[2,3,4,11,14],"killed_by":"The Guardian","ascension_level":10}