{"gold_per_floor":[364,375,165,217,231,231,88,88,88,88,104,123,140,155,155,229,229,240,41,41,41,41,41,41,25,25,25,37,37,56,56,56,56],"floor_reached":33,"playtime":1251,"items_purged":["Shame"],"score":403,"play_id":"9bf50d37-58a8-4f70-b53f-3c1df2a5d6d9","local_time":"20180902180927","is_ascension_mode":true,"campfire_choices":[{"data":"Defragment","floor":6.0,"key":"SMITH"},{"data":"Defragment","floor":8.0,"key":"SMITH"},{"data":"Tempest","floor":10.0,"key":"SMITH"},{"floor":15.0,"key":"REST"},{"data":"Creative AI","floor":24.0,"key":"SMITH"},{"data":"Reboot","floor":27.0,"key":"SMITH"},{"floor":29.0,"key":"REST"},{"floor":32,"key":"REST"}],"neow_cost":"CURSE","seed_source_timestamp":0,"circlet_count":0,"master_deck":["Strike_B","Strike_B","Strike_B","Strike_B","Defend_B","Defend_B","Defend_B","Defend_B","Zap","Dualcast","AscendersBane","Leap","Tempest+1","Self Repair","Redo","Streamline","Defragment+1","Defragment+1","Core Surge","Ball Lightning","Coolheaded","Cold Snap","Stack","Reboot+1","Creative AI+1","BootSequence","Ball Lightning","Turbo"],"special_seed":0,"relics":["Cracked Core","Smiling Mask","Cursed Key","Chemical X","MutagenicStrength","Art of War"],"potions_floor_usage":[],"damage_taken":[{"damage":10.0,"enemies":"2 Louse","floor":1.0,"turns":3.0},{"damage":18.0,"enemies":"Jaw Worm","floor":2.0,"turns":4.0},{"damage":0.0,"enemies":"Cultist","floor":5.0,"turns":3.0},{"damage":12.0,"enemies":"Blue Slaver","floor":11.0,"turns":3.0},{"damage":14.0,"enemies":"Exordium Thugs","floor":12.0,"turns":3.0},{"damage":17.0,"enemies":"Looter","floor":13.0,"turns":3.0},{"damage":12.0,"enemies":"Lots of Slimes","floor":14.0,"turns":3.0},{"damage":11.0,"enemies":"Hexaghost","floor":16.0,"turns":9.0},{"damage":24.0,"enemies":"Shell Parasite","floor":18.0,"turns":4.0},{"damage":9.0,"enemies":"Colosseum Slavers","floor":21.0,"turns":3.0},{"damage":14.0,"enemies":"2 Thieves","floor":25.0,"turns":5.0},{"damage":14.0,"enemies":"Snake Plant","floor":28.0,"turns":2.0},{"damage":23.0,"enemies":"Sentry and Sphere","floor":30.0,"turns":4.0},{"damage":53,"enemies":"Automaton","floor":33,"turns":8}],"seed_played":"-8967516238622478616","potions_obtained":[{"floor":1.0,"key":"EssenceOfSteel"},{"floor":14.0,"key":"Fire Potion"},{"floor":16.0,"key":"EssenceOfSteel"},{"floor":30.0,"key":"Poison Potion"}],"is_trial":false,"path_per_floor":["M","M","$","?","M","R","$","R","T","R","M","M","M","M","R","B",null,"M","$","?","?","?","?","R","M","T","R","M","R","M","?","R"],"character_chosen":"DEFECT","items_purchased":["Self Repair","Redo","Streamline","Defragment","Core Surge","Chemical X"],"campfire_rested":3,"item_purchase_floors":[3,3,3,7,7,19],"current_hp_per_floor":[54,36,36,36,43,43,43,43,43,43,31,24,14,2,23,19,58,41,41,41,39,39,39,39,32,32,32,25,46,23,23,44,0],"gold":56,"neow_bonus":"TWO_FIFTY_GOLD","is_prod":false,"is_daily":false,"chose_seed":false,"campfire_upgraded":5,"win_rate":0,"timestamp":1535882967,"path_taken":["M","M","$","?","M","R","$","R","T","R","M","M","M","M","R","BOSS","M","$","?","?","?","?","R","M","T","R","?","R","M","?","R","BOSS"],"build_version":"2018-08-30","purchased_purges":1,"victory":false,"max_hp_per_floor":[71,71,71,71,71,71,71,71,71,71,71,71,71,71,71,71,71,71,71,71,71,71,71,71,71,71,71,71,71,71,71,71,71],"card_choices":[{"not_picked":["Conserve Battery","Coolheaded"],"picked":"Leap","floor":1.0},{"not_picked":["Steam","Genetic Algorithm"],"picked":"Tempest","floor":2.0},{"not_picked":["Coolheaded","Ball Lightning"],"picked":"Defragment","floor":5.0},{"not_picked":["Sweeping Beam","Lockon"],"picked":"Ball Lightning","floor":11.0},{"not_picked":["Sweeping Beam","Beam Cell"],"picked":"Coolheaded","floor":12.0},{"not_picked":["Leap","Heatsinks"],"picked":"Cold Snap","floor":13.0},{"not_picked":["Leap","Conserve Battery"],"picked":"Stack","floor":14.0},{"not_picked":["Rainbow","Seek"],"picked":"Reboot","floor":16.0},{"not_picked":["Tempest","Rebound","Hello World"],"picked":"SKIP","floor":18.0},{"not_picked":["Sweeping Beam","Cold Snap"],"picked":"Ball Lightning","floor":25.0},{"not_picked":["Redo+1","Hologram"],"picked":"Turbo","floor":28.0},{"not_picked":["Steam","Coolheaded","Loop"],"picked":"SKIP","floor":30.0}],"player_experience":300535,"relics_obtained":[{"floor":9.0,"key":"Smiling Mask"}],"event_choices":[{"event_name":"Golden Wing","player_choice":"Gained Gold","floor":4.0,"damage_taken":0.0},{"event_name":"Drug Dealer","player_choice":"Inject Mutagens","floor":20.0,"damage_taken":0.0},{"event_name":"Colosseum","player_choice":"Fight","floor":21.0,"damage_taken":0.0},{"event_name":"Colosseum","player_choice":"Fled From Nobs","floor":21.0,"damage_taken":0.0},{"event_name":"Match and Keep!","player_choice":"2 cards matched","floor":22.0,"damage_taken":0.0},{"event_name":"WeMeetAgain","player_choice":"Potion","floor":23.0,"damage_taken":0.0},{"event_name":"Beggar","player_choice":"Ignored","floor":31,"damage_taken":0}],"is_beta":true,"boss_relics":[{"not_picked":["Sozu","Orrery"],"picked":"Cursed Key"}],"items_purged_floors":[3],"is_endless":false,"potions_floor_spawned":[1,14,16,30],"killed_by":"Automaton","ascension_level":14}