{"gold_per_floor":[119,294,294,312,324,356,356,122,145,9,43,58,58,58,58,153,153,173,192,192,44,60,60,60],"floor_reached":24,"playtime":844,"items_purged":[],"score":265,"play_id":"e28d1935-1791-420d-b2eb-69ff913f6c69","local_time":"20180723095618","is_ascension_mode":true,"campfire_choices":[{"floor":7,"key":"REST"},{"floor":15,"key":"REST"},{"floor":23,"key":"REST"}],"neow_cost":"NONE","seed_source_timestamp":3798683817670,"circlet_count":0,"master_deck":["Strike_B","Strike_B","Strike_B","Defend_B+1","Defend_B","Defend_B","Defend_B+1","Zap","Dualcast","Electrodynamics","FTL","Streamline","Rebound","Barrage+1","Capacitor","Conserve Battery","Cold Snap","Hologram","Biased Cognition","Sweeping Beam+1","White Noise","Seek","Streamline+1","Skim","Glacier","Steam Power"],"special_seed":0,"relics":["Cracked Core","War Paint","Omamori","Potion Belt","Lizard Tail"],"potions_floor_usage":[16,16],"damage_taken":[{"damage":2.0,"enemies":"Jaw Worm","floor":1.0,"turns":3.0},{"damage":8.0,"enemies":"Small Slimes","floor":4.0,"turns":2.0},{"damage":0.0,"enemies":"Cultist","floor":5.0,"turns":2.0},{"damage":18,"enemies":"3 Sentries","floor":6,"turns":4},{"damage":20,"enemies":"Lagavulin","floor":11,"turns":5},{"damage":12,"enemies":"Red Slaver","floor":12,"turns":2},{"damage":21,"enemies":"The Guardian","floor":16,"turns":11},{"damage":17,"enemies":"Spheric Guardian","floor":18,"turns":4},{"damage":31,"enemies":"Shell Parasite","floor":19,"turns":8},{"damage":27,"enemies":"Snake Plant","floor":22,"turns":5},{"damage":42,"enemies":"Book of Stabbing","floor":24,"turns":5}],"seed_played":"6362595601275952627","potions_obtained":[{"floor":1.0,"key":"Ancient Potion"},{"floor":4.0,"key":"SpeedPotion"},{"floor":6,"key":"SpeedPotion"},{"floor":11,"key":"SkillPotion"},{"floor":12,"key":"GamblersBrew"},{"floor":19,"key":"SpeedPotion"}],"is_trial":false,"path_per_floor":["M","?","?","M","M","E","R","$","T","$","E","M","?","?","R","B",null,"M","M","?","$","M","R"],"character_chosen":"DEFECT","items_purchased":["Capacitor","Conserve Battery","Cold Snap","Hologram","Biased Cognition","Glacier","Steam Power"],"campfire_rested":3,"item_purchase_floors":[8,8,8,8,10,21,21],"current_hp_per_floor":[66,66,59,51,51,33,55,55,55,55,35,23,8,1,23,2,57,40,9,9,9,19,41,0],"gold":60,"neow_bonus":"ONE_RANDOM_RARE_CARD","is_prod":false,"is_daily":false,"chose_seed":false,"campfire_upgraded":0,"win_rate":0,"timestamp":1532310978,"path_taken":["M","?","?","M","?","E","R","$","T","$","E","M","?","?","R","BOSS","M","M","?","$","?","R","E"],"build_version":"2018-07-19v2","purchased_purges":0,"victory":false,"max_hp_per_floor":[75,75,75,75,75,75,75,75,75,75,75,75,75,75,75,75,75,75,75,75,75,75,75,75],"card_choices":[{"not_picked":["Hologram","Hello World"],"picked":"FTL","floor":1.0},{"not_picked":["Steam","Redo"],"picked":"Streamline","floor":4.0},{"not_picked":["Compile Driver","Multi-Cast"],"picked":"Rebound","floor":5.0},{"not_picked":["Storm","Recycle"],"picked":"Barrage","floor":6},{"not_picked":["Beam Cell","Compile Driver"],"picked":"Sweeping Beam","floor":11},{"not_picked":["Capacitor","Storm"],"picked":"White Noise","floor":12},{"not_picked":["Reboot","Thunder Strike"],"picked":"Seek","floor":16},{"not_picked":["Barrage","Doom and Gloom"],"picked":"Streamline+1","floor":18},{"not_picked":["Cold Snap","Static Discharge"],"picked":"Skim","floor":19},{"not_picked":["Streamline","Gash","Rebound+1"],"picked":"SKIP","floor":22}],"player_experience":163328,"relics_obtained":[{"floor":6,"key":"War Paint"},{"floor":9,"key":"Omamori"},{"floor":11,"key":"Potion Belt"}],"event_choices":[{"event_name":"Liars Game","player_choice":"agreed","floor":2.0,"damage_taken":0.0},{"event_name":"Golden Wing","player_choice":"Card Removal","floor":3.0,"damage_taken":0.0},{"event_name":"Shining Light","player_choice":"Entered Light","floor":13,"damage_taken":0},{"event_name":"Scrap Ooze","player_choice":"unsuccessful","floor":14,"damage_taken":7},{"event_name":"Purifier","player_choice":"One Purge","floor":20,"damage_taken":0}],"is_beta":false,"boss_relics":[{"not_picked":["Busted Crown","Ectoplasm"],"picked":"Lizard Tail"}],"items_purged_floors":[],"is_endless":false,"potions_floor_spawned":[1,4,6,11,12,19],"killed_by":"Book of Stabbing","ascension_level":6}