{"gold_per_floor":[118,132,132,144,144,177,194,194,265,265,294,294,167,199,199,302,302,315,327,327,38,50,82,97,6,31,31,31,31,31,31,31,126,126,138,138,4,4,21,46,46,46,46,59,59,114,114],"floor_reached":47,"playtime":3661,"items_purged":[],"score":561,"play_id":"493a3f34-5767-441f-b773-9450920c5c51","local_time":"20180730140517","is_ascension_mode":true,"campfire_choices":[{"data":"Flechettes","floor":8,"key":"SMITH"},{"floor":10,"key":"REST"},{"data":"Leg Sweep","floor":12,"key":"SMITH"},{"floor":15,"key":"REST"},{"floor":27,"key":"REST"},{"floor":29,"key":"REST"},{"floor":32,"key":"REST"},{"floor":42,"key":"REST"},{"floor":45,"key":"REST"}],"neow_cost":"","seed_source_timestamp":0,"circlet_count":0,"master_deck":["Defend_G+1","Defend_G","Defend_G","Defend_G+1","Defend_G","Strike_G+1","Strike_G","Strike_G","Strike_G","Survivor","Neutralize","Prepared+1","Bane","Leg Sweep+1","Dagger Throw","Flechettes+1","Acrobatics","Well Laid Plans","Cloak And Dagger","Adrenaline","Envenom","Catalyst","Blade Dance","Footwork","Sadistic Nature","Crippling Poison","Malaise","Outmaneuver+1","Footwork","Sucker Punch","Catalyst","Storm of Steel","Accuracy+1","Cloak And Dagger","Accuracy","Jack Of All Trades","Poisoned Stab","Catalyst","Bullet Time","PiercingWail+1","Noxious Fumes+1","Infinite Blades","Bouncing Flask+1"],"special_seed":0,"relics":["Ring of the Snake","The Specimen","Kunai","Bag of Preparation","Ancient Tea Set","Fusion Hammer","War Paint","Unceasing Top","Bag of Marbles","Orrery","Orichalcum","Boot","Tingsha"],"potions_floor_usage":[16,47],"damage_taken":[{"damage":0.0,"enemies":"Cultist","floor":1.0,"turns":5.0},{"damage":2.0,"enemies":"Jaw Worm","floor":2.0,"turns":4.0},{"damage":0.0,"enemies":"2 Louse","floor":4.0,"turns":2.0},{"damage":18.0,"enemies":"Lagavulin","floor":6.0,"turns":14.0},{"damage":1.0,"enemies":"Red Slaver","floor":7.0,"turns":6.0},{"damage":20,"enemies":"Gremlin Nob","floor":11,"turns":5},{"damage":15,"enemies":"3 Sentries","floor":14,"turns":6},{"damage":38,"enemies":"Slime Boss","floor":16,"turns":21},{"damage":8,"enemies":"2 Thieves","floor":18,"turns":5},{"damage":0,"enemies":"3 Byrds","floor":19,"turns":7},{"damage":0,"enemies":"3 Cultists","floor":22,"turns":5},{"damage":23,"enemies":"Gremlin Leader","floor":23,"turns":5},{"damage":24,"enemies":"Sentry and Sphere","floor":24,"turns":8},{"damage":21,"enemies":"Automaton","floor":33,"turns":10},{"damage":2,"enemies":"3 Shapes","floor":35,"turns":4},{"damage":0,"enemies":"Orb Walker","floor":39,"turns":4},{"damage":41,"enemies":"Nemesis","floor":40,"turns":6},{"damage":16,"enemies":"Sphere and 2 Shapes","floor":44,"turns":8},{"damage":43,"floor":46,"turns":7},{"damage":20,"enemies":"Giant Head","floor":47,"turns":5}],"seed_played":"-6694432199764831331","potions_obtained":[{"floor":4.0,"key":"Dexterity Potion"},{"floor":7.0,"key":"Block Potion"},{"floor":11,"key":"Strength Potion"},{"floor":16,"key":"Swift Potion"},{"floor":18,"key":"Poison Potion"},{"floor":22,"key":"Strength Potion"}],"is_trial":false,"path_per_floor":["M","M","?","M","?","E","M","R","T","R","E","R","$","E","R","B",null,"M","M","?","$","M","E","M","$","T","R","?","R","?","$","R","B",null,"M","?","$","?","M","E","$","R","T","M","R","?"],"character_chosen":"THE_SILENT","items_purchased":["Well Laid Plans","Cloak And Dagger","Footwork","Sadistic Nature","Footwork","Sucker Punch","Poisoned Stab","Catalyst"],"campfire_rested":7,"item_purchase_floors":[13,13,21,21,25,25,37,37],"current_hp_per_floor":[70,68,54,54,54,36,35,35,35,56,36,36,36,21,42,4,70,62,62,62,62,62,39,15,15,15,36,23,45,45,45,67,46,75,73,73,73,73,73,32,32,54,54,38,60,17,0],"gold":114,"neow_bonus":"","is_prod":false,"is_daily":false,"chose_seed":false,"campfire_upgraded":2,"win_rate":0,"timestamp":1532930717,"path_taken":["M","M","?","M","?","E","?","R","T","R","E","R","?","E","R","BOSS","M","M","?","$","M","E","M","$","T","R","?","R","?","$","R","BOSS","M","?","$","?","M","E","?","R","T","M","R","?","E"],"build_version":"2018-07-26","purchased_purges":0,"victory":false,"max_hp_per_floor":[70,70,70,70,70,70,70,70,70,70,70,70,70,70,70,70,70,70,70,70,70,70,70,70,70,70,70,75,75,75,75,75,75,75,75,75,75,75,75,75,75,75,75,75,75,75,75],"card_choices":[{"not_picked":["PiercingWail","Underhanded Strike"],"picked":"Prepared","floor":1.0},{"not_picked":["Masterful Stab","Terror"],"picked":"Bane","floor":2.0},{"not_picked":["Dodge and Roll","Flying Knee"],"picked":"Leg Sweep","floor":4.0},{"not_picked":["Slice","Prepared"],"picked":"Dagger Throw","floor":6.0},{"not_picked":["Choke","Deflect"],"picked":"Flechettes","floor":7.0},{"not_picked":["Dagger Throw","Deflect"],"picked":"Acrobatics","floor":11},{"not_picked":["Expertise","Masterful Stab"],"picked":"Adrenaline","floor":14},{"not_picked":["Die Die Die","Tools of the Trade"],"picked":"Envenom","floor":16},{"not_picked":["Dagger Throw","Deflect"],"picked":"Catalyst","floor":18},{"not_picked":["Dodge and Roll","Riddle With Holes"],"picked":"Blade Dance","floor":19},{"not_picked":["Bane","Cloak And Dagger"],"picked":"Crippling Poison","floor":22},{"not_picked":["Dagger Throw","Reflex"],"picked":"Malaise","floor":23},{"not_picked":["Dagger Throw","Well Laid Plans"],"picked":"Outmaneuver+1","floor":24},{"not_picked":["Night Terror","Venomology"],"picked":"Storm of Steel","floor":33},{"not_picked":["Well Laid Plans+1","Backflip"],"picked":"Accuracy+1","floor":34},{"not_picked":["Dagger Spray","Terror"],"picked":"Cloak And Dagger","floor":34},{"not_picked":["Flying Knee","Quick Slash+1"],"picked":"Accuracy","floor":35},{"not_picked":["Purity","Secret Technique"],"picked":"Jack Of All Trades","floor":36},{"not_picked":["Predator","Flechettes"],"picked":"PiercingWail+1","floor":39},{"not_picked":["Choke+1","Prepared"],"picked":"Noxious Fumes+1","floor":40},{"not_picked":["Expertise+1","Reflex+1"],"picked":"Infinite Blades","floor":44},{"not_picked":["Crippling Poison+1","Slice"],"picked":"Bouncing Flask+1","floor":46}],"player_experience":191799,"relics_obtained":[{"floor":6.0,"key":"The Specimen"},{"floor":9,"key":"Kunai"},{"floor":11,"key":"Bag of Preparation"},{"floor":14,"key":"Ancient Tea Set"},{"floor":23,"key":"Unceasing Top"},{"floor":26,"key":"Bag of Marbles"},{"floor":40,"key":"Orichalcum"},{"floor":43,"key":"Boot"},{"floor":46,"key":"Tingsha"}],"event_choices":[{"event_name":"Shining Light","player_choice":"Entered Light","floor":3.0,"damage_taken":0.0},{"event_name":"The Cleric","player_choice":"Leave","floor":5.0,"damage_taken":0.0},{"event_name":"WeMeetAgain","player_choice":"Potion","floor":20,"damage_taken":0},{"event_name":"Forgotten Altar","player_choice":"Shed Blood","floor":28,"damage_taken":0},{"event_name":"Duplicator","player_choice":"One dupe","floor":30,"damage_taken":0},{"event_name":"SensoryStone","player_choice":"Memory 1","floor":36,"damage_taken":0},{"event_name":"Transmorgrifier","player_choice":"Transform","floor":38,"damage_taken":0},{"event_name":"Mysterious Sphere","player_choice":"Fight","floor":46,"damage_taken":0}],"is_beta":false,"boss_relics":[{"not_picked":["White Beast Statue","Busted Crown"],"picked":"Fusion Hammer"},{"not_picked":["Coffee Dripper","Runic Dome"],"picked":"Orrery"}],"items_purged_floors":[],"is_endless":false,"potions_floor_spawned":[4,7,11,16,18,22,33,35,46],"killed_by":"Giant Head","ascension_level":2}