{"gold_per_floor":[211,14,27,27,46,46,71,84,158,158,185,185,195,195,195,195],"floor_reached":16,"playtime":588,"items_purged":["Strike_G"],"score":320,"play_id":"4138b151-0fe2-42d0-98f2-c6fb1031006d","local_time":"20190302112532","is_ascension_mode":true,"campfire_choices":[{"data":"Deadly Poison","floor":6,"key":"SMITH"},{"data":"Neutralize","floor":10,"key":"SMITH"},{"data":"Well Laid Plans","floor":15,"key":"SMITH"}],"neow_cost":"NONE","seed_source_timestamp":0,"circlet_count":0,"master_deck":["AscendersBane","Defend_G","Defend_G","Defend_G","Defend_G","Defend_G","Strike_G","Strike_G","Strike_G","Strike_G","Survivor","Neutralize+1","Deadly Poison+1","Dash","Well Laid Plans+1","Tactician","Heel Hook","Escape Plan"],"special_seed":0,"relics":["Ring of the Snake","Girya","Blue Candle","Lantern","Golden Idol"],"potions_floor_usage":[11,16,16,16,16],"damage_taken":[{"damage":2,"enemies":"Jaw Worm","floor":1,"turns":5},{"damage":0,"enemies":"2 Louse","floor":3,"turns":4},{"damage":0,"enemies":"Small Slimes","floor":5,"turns":3},{"damage":22,"enemies":"Lagavulin","floor":7,"turns":9},{"damage":0,"enemies":"Blue Slaver","floor":8,"turns":4},{"damage":26,"enemies":"Gremlin Nob","floor":11,"turns":5},{"damage":2,"enemies":"2 Fungi Beasts","floor":13,"turns":4},{"damage":20,"enemies":"Slime Boss","floor":16,"turns":9}],"seed_played":"709424859036846115","potions_obtained":[{"floor":3,"key":"Regen Potion"},{"floor":7,"key":"Weak Potion"},{"floor":11,"key":"EntropicBrew"}],"is_trial":false,"path_per_floor":["M","$","M","$","M","R","E","M","T","R","E","?","M","?","R","B"],"character_chosen":"THE_SILENT","items_purchased":["Dash","Well Laid Plans"],"campfire_rested":0,"item_purchase_floors":[2,2],"current_hp_per_floor":[57,57,57,57,57,57,35,35,35,35,23,23,21,21,21,10],"gold":195,"neow_bonus":"HUNDRED_GOLD","is_prod":false,"is_daily":false,"chose_seed":false,"campfire_upgraded":3,"win_rate":0,"timestamp":1551497132,"path_taken":["M","$","M","$","M","R","E","M","T","R","E","?","M","?","R","BOSS"],"build_version":"2019-02-06","purchased_purges":1,"victory":false,"max_hp_per_floor":[66,66,66,66,66,66,66,66,66,66,66,66,66,60,60,60],"card_choices":[{"not_picked":["Underhanded Strike","Blade Dance"],"picked":"Deadly Poison","floor":1},{"not_picked":["Blade Dance","Expertise"],"picked":"Tactician","floor":3},{"not_picked":["Deadly Poison","Predator","Expertise"],"picked":"SKIP","floor":5},{"not_picked":["Dagger Throw","Accuracy","Slice"],"picked":"SKIP","floor":7},{"not_picked":["Eviscerate","Caltrops"],"picked":"Heel Hook","floor":8},{"not_picked":["Slice","Dash"],"picked":"Escape Plan","floor":11},{"not_picked":["Cloak And Dagger","Deadly Poison","Dodge and Roll"],"picked":"SKIP","floor":13}],"player_experience":809255,"relics_obtained":[{"floor":7,"key":"Girya"},{"floor":9,"key":"Blue Candle"},{"floor":11,"key":"Lantern"}],"event_choices":[{"damage_healed":0,"gold_gain":0,"player_choice":"Fled","damage_taken":0,"max_hp_gain":0,"max_hp_loss":0,"event_name":"Scrap Ooze","floor":12,"gold_loss":0},{"damage_healed":0,"gold_gain":0,"player_choice":"Lose Max HP","damage_taken":0,"relics_obtained":["Golden Idol"],"max_hp_gain":0,"max_hp_loss":6,"event_name":"Golden Idol","floor":14,"gold_loss":0}],"is_beta":true,"boss_relics":[],"items_purged_floors":[2],"is_endless":false,"potions_floor_spawned":[3,7,8,11],"killed_by":"Slime Boss","ascension_level":20}