{"gold_per_floor":[119,130,147,73,89,89,89,120,145,145,162,182,182,199,199,296,296,306,221,221,221,221,221,249,264,264,279,279,279,309,159,159,159],"floor_reached":33,"playtime":1402,"items_purged":[],"score":536,"play_id":"6659d167-49da-4424-b4ee-17b6ccad7559","local_time":"20181007184148","is_ascension_mode":true,"campfire_choices":[{"data":"Zap","floor":6.0,"key":"SMITH"},{"data":"Dualcast","floor":10.0,"key":"SMITH"},{"data":"Coolheaded","floor":13.0,"key":"SMITH"},{"data":"Steam","floor":15.0,"key":"SMITH"},{"data":"Chaos","floor":23.0,"key":"SMITH"},{"data":"Electrodynamics","floor":29.0,"key":"SMITH"},{"data":"Buffer","floor":32.0,"key":"SMITH"}],"neow_cost":"NONE","seed_source_timestamp":2528866397111,"circlet_count":0,"master_deck":["Strike_B+1","Strike_B+1","Strike_B+1","Strike_B+1","Defend_B+1","Defend_B+1","Defend_B+1","Defend_B+1","Zap+1","Dualcast+1","AscendersBane","Echo Form","Sunder+1","Glacier","Stack","Coolheaded+1","Conserve Battery","Steam+1","Leap","Compile Driver","Barrage","Electrodynamics+1","Chaos+1","Recycle+1","Undo+1","Chill","Buffer+1"],"special_seed":0,"relics":["Cracked Core","Lantern","Bag of Preparation","Nuclear Battery","DataDisk","Centennial Puzzle","Juzu Bracelet","Darkstone Periapt"],"potions_floor_usage":[],"damage_taken":[{"damage":14.0,"enemies":"Small Slimes","floor":1.0,"turns":3.0},{"damage":4.0,"enemies":"Jaw Worm","floor":2.0,"turns":3.0},{"damage":0.0,"enemies":"2 Louse","floor":3.0,"turns":2.0},{"damage":0.0,"enemies":"Looter","floor":5.0,"turns":4.0},{"damage":7.0,"enemies":"3 Sentries","floor":8.0,"turns":11.0},{"damage":2.0,"enemies":"Exordium Thugs","floor":11.0,"turns":3.0},{"damage":0.0,"enemies":"2 Fungi Beasts","floor":12.0,"turns":2.0},{"damage":0.0,"enemies":"Looter","floor":14.0,"turns":2.0},{"damage":10.0,"enemies":"The Guardian","floor":16.0,"turns":15.0},{"damage":0.0,"enemies":"3 Byrds","floor":18.0,"turns":3.0},{"damage":0.0,"enemies":"Colosseum Slavers","floor":21.0,"turns":2.0},{"damage":0.0,"enemies":"Gremlin Leader","floor":24.0,"turns":6.0},{"damage":1.0,"enemies":"Shell Parasite","floor":25.0,"turns":2.0},{"damage":6.0,"enemies":"3 Cultists","floor":27.0,"turns":5.0},{"damage":0.0,"enemies":"Slavers","floor":30.0,"turns":4.0},{"damage":69,"enemies":"Collector","floor":33,"turns":19}],"seed_played":"-3019261676866361689","potions_obtained":[{"floor":5.0,"key":"LiquidBronze"},{"floor":8.0,"key":"GamblersBrew"},{"floor":16.0,"key":"SpeedPotion"},{"floor":18.0,"key":"Swift Potion"}],"is_trial":false,"path_per_floor":["M","M","M","$","M","R","?","E","T","R","M","M","R","M","R","B",null,"M","?","$","?","?","R","E","M","T","M","?","R","E","$","R"],"character_chosen":"DEFECT","items_purchased":["Stack","Coolheaded","Buffer"],"campfire_rested":0,"item_purchase_floors":[4,4,31],"current_hp_per_floor":[54,50,50,50,50,50,50,43,43,43,41,41,41,41,41,31,64,64,64,64,64,64,64,64,63,63,57,57,57,57,57,57,0],"gold":159,"neow_bonus":"ONE_RANDOM_RARE_CARD","is_prod":false,"is_daily":false,"chose_seed":false,"campfire_upgraded":7,"win_rate":0,"timestamp":1538908908,"path_taken":["M","M","M","$","M","R","?","E","T","R","M","M","R","M","R","BOSS","M","?","$","?","?","R","E","M","T","M","?","R","E","$","R","BOSS"],"build_version":"2018-10-04","purchased_purges":0,"victory":false,"max_hp_per_floor":[75,75,75,75,75,75,75,75,75,75,75,75,75,75,75,75,75,75,75,75,75,75,75,75,75,75,75,75,75,75,75,75,75],"card_choices":[{"not_picked":["Leap","Ball Lightning"],"picked":"Sunder","floor":1.0},{"not_picked":["Barrage","Coolheaded"],"picked":"Glacier","floor":2.0},{"not_picked":["Fusion","Sweeping Beam","Compile Driver"],"picked":"SKIP","floor":3.0},{"not_picked":["Turbo","Steam Power"],"picked":"Conserve Battery","floor":5.0},{"not_picked":["Lockon","Storm"],"picked":"Steam","floor":8.0},{"not_picked":["Steam","Turbo"],"picked":"Leap","floor":11.0},{"not_picked":["Redo","Go for the Eyes"],"picked":"Compile Driver","floor":12.0},{"not_picked":["Go for the Eyes","Compile Driver"],"picked":"Barrage","floor":14.0},{"not_picked":["Thunder Strike","Creative AI"],"picked":"Electrodynamics","floor":16.0},{"not_picked":["Streamline","Coolheaded"],"picked":"Chaos","floor":18.0},{"not_picked":["Reinforced Body","Conserve Battery+1"],"picked":"Recycle+1","floor":24.0},{"not_picked":["Go for the Eyes","Compile Driver"],"picked":"Undo+1","floor":25.0},{"not_picked":["Compile Driver","Recycle"],"picked":"Chill","floor":27.0},{"not_picked":["Sweeping Beam","Blizzard","Compile Driver+1"],"picked":"SKIP","floor":30.0}],"player_experience":428135,"relics_obtained":[{"floor":8.0,"key":"Lantern"},{"floor":9.0,"key":"Bag of Preparation"},{"floor":24.0,"key":"Centennial Puzzle"},{"floor":26.0,"key":"Juzu Bracelet"},{"floor":30.0,"key":"Darkstone Periapt"}],"event_choices":[{"event_name":"Living Wall","player_choice":"Grow","floor":7.0,"damage_taken":0.0},{"event_name":"Addict","player_choice":"Obtained Relic","floor":19.0,"damage_taken":0.0},{"event_name":"Colosseum","player_choice":"Fight","floor":21.0,"damage_taken":0.0},{"event_name":"Colosseum","player_choice":"Fled From Nobs","floor":21.0,"damage_taken":0.0},{"event_name":"Back to Basics","player_choice":"Simplicity","floor":22.0,"damage_taken":0.0},{"event_name":"Cursed Tome","player_choice":"Ignored","floor":28.0,"damage_taken":0.0}],"is_beta":true,"boss_relics":[{"not_picked":["White Beast Statue","Philosopher\u0027s Stone"],"picked":"Nuclear Battery"}],"items_purged_floors":[],"is_endless":false,"potions_floor_spawned":[5,8,16,18,21],"killed_by":"Collector","ascension_level":12}