{"gold_per_floor":[112,127,202,222,222,222,237,237,261,280,280,294,294,308,308,397,397,411,411,336,336,350,350,374,374,374,374,410,433,454,477,477,477],"floor_reached":33,"playtime":1267,"items_purged":[],"score":457,"play_id":"e549fdff-759b-47dd-836c-218e7873ddc0","local_time":"20190214182136","is_ascension_mode":true,"campfire_choices":[{"data":"Genetic Algorithm","floor":6.0,"key":"SMITH"},{"floor":8.0,"key":"REST"},{"data":"Streamline","floor":13.0,"key":"SMITH"},{"data":"Tempest","floor":15.0,"key":"SMITH"},{"data":"Beam Cell","floor":23.0,"key":"SMITH"},{"data":"Reinforced Body","floor":25.0,"key":"SMITH"},{"data":"Dualcast","floor":27.0,"key":"SMITH"},{"data":"Chaos","floor":32.0,"key":"SMITH"}],"neow_cost":"NONE","seed_source_timestamp":7027990462868,"circlet_count":0,"master_deck":["AscendersBane","Strike_B+1","Strike_B+1","Strike_B+1","Defend_B+1","Defend_B+1","Defend_B+1","Defend_B+1","Zap","Dualcast+1","Blind+1","Ball Lightning","Genetic Algorithm+1","Tempest+1","Streamline+1","Conserve Battery","Reinforced Body+1","Echo Form","Steam+1","Beam Cell+1","Auto Shields","Chaos+1"],"special_seed":0,"relics":["Cracked Core","Golden Idol","Anchor","Cursed Key","DataDisk"],"potions_floor_usage":[],"damage_taken":[{"damage":7.0,"enemies":"Jaw Worm","floor":1.0,"turns":4.0},{"damage":19.0,"enemies":"Small Slimes","floor":2.0,"turns":4.0},{"damage":1.0,"enemies":"2 Louse","floor":4.0,"turns":3.0},{"damage":16.0,"enemies":"Blue Slaver","floor":7.0,"turns":3.0},{"damage":9.0,"enemies":"Exordium Thugs","floor":10.0,"turns":4.0},{"damage":0.0,"enemies":"2 Fungi Beasts","floor":12.0,"turns":3.0},{"damage":0.0,"enemies":"3 Louse","floor":14.0,"turns":4.0},{"damage":21.0,"enemies":"The Guardian","floor":16.0,"turns":11.0},{"damage":19.0,"enemies":"Spheric Guardian","floor":18.0,"turns":4.0},{"damage":1.0,"enemies":"Shell Parasite","floor":22.0,"turns":4.0},{"damage":12.0,"enemies":"Centurion and Healer","floor":24.0,"turns":12.0},{"damage":6.0,"enemies":"Slavers","floor":28.0,"turns":5.0},{"damage":3.0,"enemies":"Snecko","floor":29.0,"turns":3.0},{"damage":2.0,"enemies":"Chosen and Byrds","floor":30.0,"turns":4.0},{"damage":26.0,"enemies":"Shelled Parasite and Fungi","floor":31.0,"turns":5.0},{"damage":33,"enemies":"Collector","floor":33,"turns":5}],"seed_played":"-1811561153633715068","potions_obtained":[{"floor":4.0,"key":"Regen Potion"},{"floor":10.0,"key":"Block Potion"},{"floor":16.0,"key":"Regen Potion"},{"floor":24.0,"key":"LiquidBronze"},{"floor":30.0,"key":"SteroidPotion"}],"is_trial":false,"path_per_floor":["M","M","?","M","?","R","M","R","T","M","?","M","R","M","R","B",null,"M","?","?","?","M","R","M","R","T","R","E","M","M","M","R","B"],"character_chosen":"DEFECT","items_purchased":[],"campfire_rested":1,"item_purchase_floors":[],"current_hp_per_floor":[57,38,27,26,26,26,10,29,29,20,25,25,25,25,25,4,53,34,34,34,34,33,33,69,69,69,69,63,60,58,32,32,0],"gold":477,"neow_bonus":"RANDOM_COLORLESS","is_prod":false,"is_daily":false,"chose_seed":false,"campfire_upgraded":7,"win_rate":0,"timestamp":1550139696,"path_taken":["M","M","?","M","?","R","M","R","T","M","?","M","R","M","R","BOSS","M","?","?","?","M","R","M","R","T","R","E","M","?","M","R","BOSS"],"build_version":"2019-02-06","purchased_purges":0,"victory":false,"max_hp_per_floor":[71,71,71,71,64,64,64,64,64,64,69,69,69,69,69,69,69,69,69,69,69,69,69,69,69,69,69,69,69,69,69,69,69],"card_choices":[{"not_picked":["Compile Driver","Go for the Eyes"],"picked":"Ball Lightning","floor":1.0},{"not_picked":["Streamline","Barrage"],"picked":"Genetic Algorithm","floor":2.0},{"not_picked":["Aggregate","Gash"],"picked":"Tempest","floor":4.0},{"not_picked":["Compile Driver","Loop"],"picked":"Streamline","floor":7.0},{"not_picked":["Stack","Amplify"],"picked":"Conserve Battery","floor":10.0},{"not_picked":["Conserve Battery","Ball Lightning"],"picked":"Reinforced Body","floor":12.0},{"not_picked":["Force Field","Melter","Compile Driver"],"picked":"SKIP","floor":14.0},{"not_picked":["Meteor Strike","Hyperbeam"],"picked":"Echo Form","floor":16.0},{"not_picked":["Sweeping Beam","Rebound"],"picked":"Steam+1","floor":18.0},{"not_picked":["Steam","Conserve Battery"],"picked":"Beam Cell","floor":22.0},{"not_picked":["Cold Snap","Ball Lightning","Reprogram"],"picked":"SKIP","floor":24.0},{"not_picked":["Steam+1","Barrage","Redo"],"picked":"SKIP","floor":28.0},{"not_picked":["Sweeping Beam+1","Beam Cell"],"picked":"Auto Shields","floor":29.0},{"not_picked":["Stack","Aggregate"],"picked":"Chaos","floor":30.0},{"not_picked":["Rebound","Fusion","Redo+1"],"picked":"SKIP","floor":31.0}],"player_experience":786737,"relics_obtained":[{"floor":9.0,"key":"Anchor"},{"floor":28.0,"key":"DataDisk"}],"event_choices":[{"damage_healed":0.0,"max_hp_gain":0.0,"max_hp_loss":0.0,"gold_gain":75.0,"event_name":"World of Goop","player_choice":"Gather Gold","floor":3.0,"gold_loss":0.0,"damage_taken":11.0},{"damage_healed":0.0,"max_hp_gain":0.0,"max_hp_loss":7.0,"gold_gain":0.0,"event_name":"Golden Idol","player_choice":"Lose Max HP","floor":5.0,"gold_loss":0.0,"damage_taken":0.0,"relics_obtained":["Golden Idol"]},{"damage_healed":0.0,"max_hp_gain":5.0,"max_hp_loss":0.0,"gold_gain":0.0,"event_name":"Big Fish","player_choice":"Donut","floor":11.0,"gold_loss":0.0,"damage_taken":0.0},{"damage_healed":0.0,"max_hp_gain":0.0,"max_hp_loss":0.0,"gold_gain":0.0,"event_name":"Back to Basics","player_choice":"Simplicity","floor":19.0,"gold_loss":0.0,"damage_taken":0.0,"cards_upgraded":["Strike_B","Strike_B","Strike_B","Strike_B","Defend_B","Defend_B","Defend_B","Defend_B"]},{"cards_removed":["Strike_B"],"damage_healed":0.0,"max_hp_gain":0.0,"max_hp_loss":0.0,"gold_gain":0.0,"event_name":"Beggar","player_choice":"Gave Gold","floor":20.0,"gold_loss":75.0,"damage_taken":0.0},{"damage_healed":0.0,"max_hp_gain":0.0,"max_hp_loss":0.0,"gold_gain":0.0,"event_name":"Accursed Blacksmith","player_choice":"Forge","floor":21.0,"gold_loss":0.0,"damage_taken":0.0,"cards_upgraded":["Blind"]}],"is_beta":true,"boss_relics":[{"not_picked":["Calling Bell","White Beast Statue"],"picked":"Cursed Key"}],"items_purged_floors":[],"is_endless":false,"potions_floor_spawned":[4,10,14,16,18,22,24,30],"killed_by":"Collector","ascension_level":15}