{"gold_per_floor":[110,110,120,45,45,45,70,70,94,121,145,171,164,210,222,333,345,372,399,411,373,395,407],"floor_reached":23,"playtime":1884,"items_purged":["Strike_R"],"score":211,"play_id":"e0174a1b-8069-42d7-8844-79583db3a7db","local_time":"20190808231813","is_ascension_mode":false,"campfire_choices":[{"data":"Metallicize","floor":6,"key":"SMITH"},{"data":"Defend_R","floor":8,"key":"SMITH"},{"floor":15,"key":"REST"}],"neow_cost":"NONE","seed_source_timestamp":1488088746054600,"circlet_count":0,"master_deck":["Strike_R","Strike_R","Strike_R","Strike_R","Defend_R+1","Defend_R+1","Defend_R","Defend_R","Bash+1","Battle Trance","Metallicize+1","Cleave","Twin Strike","Battle Trance","Inflame","Demon Form","Shrug It Off","Thunderclap","Flame Barrier"],"relics":["Burning Blood","Ancient Tea Set","Omamori","MawBank","Boot","Sozu"],"potions_floor_usage":[],"damage_taken":[{"damage":7,"enemies":"Jaw Worm","floor":1,"turns":4},{"damage":0,"enemies":"Cultist","floor":3,"turns":3},{"damage":20,"enemies":"3 Sentries","floor":7,"turns":14},{"damage":14,"enemies":"Gremlin Nob","floor":10,"turns":4},{"damage":3,"enemies":"2 Louse","floor":11,"turns":3},{"damage":3,"enemies":"Blue Slaver","floor":12,"turns":4},{"damage":11,"enemies":"Exordium Thugs","floor":13,"turns":5},{"damage":10,"enemies":"Lagavulin","floor":14,"turns":8},{"damage":54,"enemies":"Hexaghost","floor":16,"turns":9},{"damage":0,"enemies":"Chosen","floor":18,"turns":5},{"damage":21,"enemies":"2 Thieves","floor":19,"turns":5},{"damage":4,"enemies":"Shelled Parasite and Fungi","floor":22,"turns":6},{"damage":68,"enemies":"Gremlin Leader","floor":23,"turns":8}],"seed_played":"-1899628854575203420","potions_obtained":[{"floor":7,"key":"GamblersBrew"},{"floor":10,"key":"Energy Potion"},{"floor":12,"key":"Block Potion"}],"is_trial":false,"path_per_floor":["M","?","M","$","?","R","E","R","T","E","M","M","M","E","R","B",null,"M","M","?","?","M","E"],"character_chosen":"IRONCLAD","items_purchased":[],"campfire_rested":1,"item_purchase_floors":[],"current_hp_per_floor":[79,79,80,80,80,80,66,66,66,58,61,64,59,55,79,31,80,80,65,65,65,67,0],"gold":407,"neow_bonus":"UPGRADE_CARD","is_prod":false,"is_daily":false,"chose_seed":false,"campfire_upgraded":2,"win_rate":0.0,"timestamp":1565299093,"path_taken":["M","?","?","$","?","R","E","R","T","E","M","M","M","E","R","BOSS","M","M","?","?","?","E"],"build_version":"2019-07-17","purchased_purges":1,"victory":false,"max_hp_per_floor":[80,80,80,80,80,80,80,80,80,80,80,80,80,80,80,80,80,80,80,80,80,80,80],"card_choices":[{"not_picked":["Anger","Thunderclap"],"picked":"Battle Trance","floor":1},{"not_picked":["Second Wind","Feel No Pain"],"picked":"Metallicize","floor":3},{"not_picked":["Anger","Warcry","Rampage"],"picked":"SKIP","floor":7},{"not_picked":["Searing Blow","Wild Strike"],"picked":"Cleave","floor":10},{"not_picked":["Blood for Blood","Thunderclap"],"picked":"Twin Strike","floor":11},{"not_picked":["Heavy Blade","Rage"],"picked":"Battle Trance","floor":12},{"not_picked":["Clash","Evolve"],"picked":"Inflame","floor":13},{"not_picked":["Feed","Clothesline","Heavy Blade"],"picked":"SKIP","floor":14},{"not_picked":["Fiend Fire","Brutality"],"picked":"Demon Form","floor":16},{"not_picked":["Warcry","Cleave+1"],"picked":"Shrug It Off","floor":18},{"not_picked":["Flex","Clothesline+1"],"picked":"Thunderclap","floor":19},{"not_picked":["Twin Strike","Heavy Blade"],"picked":"Flame Barrier","floor":22}],"player_experience":301924,"relics_obtained":[{"floor":7,"key":"Ancient Tea Set"},{"floor":9,"key":"Omamori"},{"floor":10,"key":"MawBank"},{"floor":14,"key":"Boot"}],"event_choices":[{"damage_healed":0,"gold_gain":0,"player_choice":"Upgraded","damage_taken":0,"max_hp_gain":0,"max_hp_loss":0,"event_name":"Upgrade Shrine","floor":2,"gold_loss":0,"cards_upgraded":["Bash"]},{"damage_healed":0,"gold_gain":0,"player_choice":"Leave","damage_taken":0,"max_hp_gain":0,"max_hp_loss":0,"event_name":"The Cleric","floor":5,"gold_loss":0},{"damage_healed":0,"gold_gain":0,"player_choice":"Ignored","damage_taken":0,"max_hp_gain":0,"max_hp_loss":0,"event_name":"Ghosts","floor":20,"gold_loss":0},{"damage_healed":0,"gold_gain":0,"player_choice":"Bet on Owner","damage_taken":0,"max_hp_gain":0,"max_hp_loss":0,"event_name":"The Joust","floor":21,"gold_loss":50}],"is_beta":false,"boss_relics":[{"not_picked":["Mark of Pain","Runic Dome"],"picked":"Sozu"}],"items_purged_floors":[4],"is_endless":false,"potions_floor_spawned":[7,10,12,19],"killed_by":"Gremlin Leader","ascension_level":0}