{"gold_per_floor":[117,117,72,90,108,108,108,144,168,168,187,252,266,285,285,415,415,430,430],"floor_reached":19,"playtime":1180,"items_purged":[],"score":179,"play_id":"0f158dc0-e608-4103-a0c9-e9f4ea3429d3","local_time":"20180706190050","is_ascension_mode":false,"campfire_choices":[{"floor":10.0,"key":"REST"},{"floor":15.0,"key":"REST"}],"neow_cost":"NONE","seed_source_timestamp":0,"circlet_count":0,"master_deck":["Strike_B","Strike_B","Strike_B","Defend_B","Defend_B","Defend_B","Defend_B","Zap","Dualcast","Amplify","Sweeping Beam","Turbo","Defragment","Meteor Strike","Injury","Turbo","Glacier","FTL","Darkness","Sweeping Beam","Sweeping Beam","Gash","Machine Learning","Tempest"],"special_seed":17718,"relics":["Cracked Core","GremlinMask","Golden Idol","Dream Catcher","Darkstone Periapt","Vajra","Tiny Chest","Nuclear Battery"],"potions_floor_usage":[],"damage_taken":[{"damage":0.0,"enemies":"Cultist","floor":1.0,"turns":3.0},{"damage":7.0,"enemies":"Small Slimes","floor":4.0,"turns":3.0},{"damage":3.0,"enemies":"Jaw Worm","floor":5.0,"turns":4.0},{"damage":36.0,"enemies":"Gremlin Nob","floor":8.0,"turns":5.0},{"damage":6.0,"enemies":"Exordium Wildlife","floor":11.0,"turns":5.0},{"damage":14.0,"enemies":"3 Sentries","floor":12.0,"turns":9.0},{"damage":0.0,"enemies":"Large Slime","floor":13.0,"turns":3.0},{"damage":10.0,"enemies":"Looter","floor":14.0,"turns":2.0},{"damage":18.0,"enemies":"Slime Boss","floor":16.0,"turns":12.0},{"damage":19,"enemies":"Spheric Guardian","floor":18,"turns":6},{"damage":59,"floor":19,"turns":3}],"seed_played":"-7177677508004505436","potions_obtained":[{"floor":5.0,"key":"Block Potion"},{"floor":13.0,"key":"AttackPotion"},{"floor":14.0,"key":"SneckoOil"},{"floor":16.0,"key":"Fruit Juice"}],"is_trial":false,"path_per_floor":["M","?","$","M","M","?","T","E","T","R","M","E","M","M","R","B",null,"M"],"character_chosen":"DEFECT","items_purchased":["Turbo"],"campfire_rested":2,"item_purchase_floors":[3],"current_hp_per_floor":[75,75,75,68,65,65,65,29,29,51,45,31,31,21,43,25,75,56,0],"gold":430,"neow_bonus":"TRANSFORM_CARD","is_prod":false,"is_daily":false,"chose_seed":false,"campfire_upgraded":0,"win_rate":0.0,"timestamp":1530874850,"path_taken":["M","?","?","M","M","?","?","E","T","R","M","E","M","M","R","BOSS","M","?"],"build_version":"2018-07-05","purchased_purges":0,"victory":false,"max_hp_per_floor":[75,75,75,75,75,75,75,75,75,75,75,75,75,75,75,75,75,75,75],"card_choices":[{"not_picked":["Ball Lightning","Streamline"],"picked":"Sweeping Beam","floor":1.0},{"not_picked":["Gash","Leap"],"picked":"Defragment","floor":4.0},{"not_picked":["Conserve Battery","Melter"],"picked":"Meteor Strike","floor":5.0},{"not_picked":["Sweeping Beam","Lockon"],"picked":"Turbo","floor":8.0},{"not_picked":["Auto Shields","Cold Snap"],"picked":"Glacier","floor":10.0},{"not_picked":["Rebound","Conserve Battery"],"picked":"FTL","floor":11.0},{"not_picked":["Barrage","Redo"],"picked":"Darkness","floor":12.0},{"not_picked":["BootSequence","Beam Cell"],"picked":"Sweeping Beam","floor":13.0},{"not_picked":["Static Discharge","Cold Snap"],"picked":"Sweeping Beam","floor":14.0},{"not_picked":["Steam","Doom and Gloom"],"picked":"Gash","floor":15.0},{"not_picked":["Amplify","Hyperbeam"],"picked":"Machine Learning","floor":16.0},{"not_picked":["FTL","Turbo"],"picked":"Tempest","floor":18}],"player_experience":43182,"relics_obtained":[{"floor":7.0,"key":"Dream Catcher"},{"floor":8.0,"key":"Darkstone Periapt"},{"floor":9.0,"key":"Vajra"},{"floor":12.0,"key":"Tiny Chest"}],"event_choices":[{"event_name":"FaceTrader","player_choice":"Trade","floor":2.0,"damage_taken":0.0},{"event_name":"Golden Idol","player_choice":"Take Wound","floor":6.0,"damage_taken":0.0},{"event_name":"Masked Bandits","player_choice":"Fought over 430 gold","floor":19,"damage_taken":0}],"boss_relics":[{"not_picked":["Black Star","Coffee Dripper"],"picked":"Nuclear Battery"}],"items_purged_floors":[],"is_endless":false,"potions_floor_spawned":[5,13,14,16],"ascension_level":0}