{"gold_per_floor":[110,110,120,188,202,202,216,243,278,290,302,105,125,137,137,241,241,251,46,46,46],"floor_reached":21,"playtime":591,"items_purged":["Parasite"],"score":224,"play_id":"bb0464ac-d168-469f-b3dc-51a7d0ce0c07","local_time":"20180923175155","is_ascension_mode":true,"campfire_choices":[{"data":"Thunderclap","floor":6.0,"key":"SMITH"},{"data":"Whirlwind","floor":15.0,"key":"SMITH"}],"neow_cost":"NONE","seed_source_timestamp":0,"circlet_count":0,"master_deck":["Strike_R","Strike_R","Strike_R","Strike_R","Defend_R","Defend_R","Defend_R","Defend_R","Bash+1","Cleave","Thunderclap+1","Heavy Blade","Shrug It Off","Juggernaut","Discovery","Battle Trance","Entrench","Iron Wave","Inflame","Whirlwind+1","Offering","Sword Boomerang","Limit Break","Flex"],"special_seed":0,"relics":["Burning Blood","MawBank","Strawberry","Coffee Dripper"],"potions_floor_usage":[],"damage_taken":[{"damage":1.0,"enemies":"Small Slimes","floor":1.0,"turns":4.0},{"damage":6.0,"enemies":"Cultist","floor":3.0,"turns":3.0},{"damage":2.0,"enemies":"Jaw Worm","floor":5.0,"turns":3.0},{"damage":11.0,"enemies":"Looter","floor":7.0,"turns":2.0},{"damage":32.0,"enemies":"Gremlin Nob","floor":8.0,"turns":4.0},{"damage":16.0,"enemies":"3 Louse","floor":13.0,"turns":3.0},{"damage":8.0,"enemies":"Lots of Slimes","floor":14.0,"turns":3.0},{"damage":3.0,"enemies":"Slime Boss","floor":16.0,"turns":7.0},{"damage":13.0,"enemies":"3 Byrds","floor":18.0,"turns":4.0},{"damage":22,"enemies":"Colosseum Slavers","floor":20,"turns":3},{"damage":14,"enemies":"Shell Parasite","floor":21,"turns":2}],"seed_played":"-7941212830749768857","potions_obtained":[{"floor":7.0,"key":"GamblersBrew"},{"floor":8.0,"key":"SkillPotion"},{"floor":13.0,"key":"Ancient Potion"}],"is_trial":false,"path_per_floor":["M","?","M","?","M","R","M","E","T","?","?","$","M","M","R","B",null,"M","$","?"],"character_chosen":"IRONCLAD","items_purchased":["Entrench","Iron Wave","Limit Break","Flex"],"campfire_rested":0,"item_purchase_floors":[12,12,19,19],"current_hp_per_floor":[80,80,80,80,80,80,75,49,56,56,77,77,67,65,65,68,80,73,73,57,43],"gold":46,"neow_bonus":"UPGRADE_CARD","is_prod":false,"is_daily":false,"chose_seed":false,"campfire_upgraded":2,"win_rate":0,"timestamp":1537696315,"path_taken":["M","?","M","?","?","R","M","E","T","?","?","$","M","?","R","BOSS","M","$","?","?"],"build_version":"2018-09-20","purchased_purges":1,"victory":false,"max_hp_per_floor":[80,80,80,80,80,80,80,80,87,87,87,84,84,84,84,84,84,84,84,84,84],"card_choices":[{"not_picked":["Twin Strike","Clash"],"picked":"Cleave","floor":1.0},{"not_picked":["Blood for Blood","Bloodletting"],"picked":"Thunderclap","floor":3.0},{"not_picked":["Blood for Blood","Twin Strike","Rupture"],"picked":"SKIP","floor":5.0},{"not_picked":["Reckless Charge","Combust"],"picked":"Heavy Blade","floor":7.0},{"not_picked":["Offering","Iron Wave"],"picked":"Shrug It Off","floor":8.0},{"not_picked":["Dropkick","Perfected Strike"],"picked":"Inflame","floor":13.0},{"not_picked":["Reckless Charge","Flex"],"picked":"Whirlwind","floor":14.0},{"not_picked":["Feed","Bludgeon"],"picked":"Offering","floor":16.0},{"not_picked":["Intimidate+1","True Grit"],"picked":"Sword Boomerang","floor":18.0}],"player_experience":390173,"relics_obtained":[{"floor":8.0,"key":"MawBank"},{"floor":9.0,"key":"Strawberry"}],"event_choices":[{"event_name":"Bonfire Elementals","player_choice":"BASIC","floor":2.0,"damage_taken":0.0},{"event_name":"Golden Wing","player_choice":"Gained Gold","floor":4.0,"damage_taken":0.0},{"event_name":"Match and Keep!","player_choice":"3 cards matched","floor":10.0,"damage_taken":0.0},{"event_name":"Mushrooms","player_choice":"Healed and dodged fight","floor":11.0,"damage_taken":0.0},{"event_name":"Colosseum","player_choice":"Fight","floor":20,"damage_taken":0},{"event_name":"Colosseum","player_choice":"Fled From Nobs","floor":20,"damage_taken":0}],"is_beta":true,"boss_relics":[{"not_picked":["Orrery","Black Blood"],"picked":"Coffee Dripper"}],"items_purged_floors":[12],"is_endless":false,"potions_floor_spawned":[7,8,13,18],"killed_by":"Shell Parasite","ascension_level":5}