{"gold_per_floor":[16,91,91,105,3,3,22,22,90,90,118,131,16,16,16,16],"floor_reached":16,"playtime":422,"items_purged":["Strike_G"],"score":172,"play_id":"770696f4-51d5-468b-850c-ffa4c24ea34c","local_time":"20190222191208","is_ascension_mode":true,"campfire_choices":[{"data":"Predator","floor":6,"key":"SMITH"},{"data":"Neutralize","floor":8,"key":"SMITH"},{"data":"Survivor","floor":10,"key":"SMITH"},{"data":"Footwork","floor":15,"key":"SMITH"}],"neow_cost":"NO_GOLD","seed_source_timestamp":1160769903110,"circlet_count":0,"master_deck":["AscendersBane","Defend_G","Defend_G","Defend_G","Defend_G","Defend_G","Strike_G","Strike_G","Strike_G","Survivor+1","Neutralize+1","Predator+1","Backflip","Corpse Explosion","Footwork+1","PiercingWail","Parasite"],"relics":["Ring of the Snake","Pocketwatch","Matryoshka","Anchor"],"potions_floor_usage":[16,16],"damage_taken":[{"damage":3,"enemies":"Cultist","floor":1,"turns":4},{"damage":0,"enemies":"Small Slimes","floor":4,"turns":3},{"damage":4,"enemies":"Jaw Worm","floor":7,"turns":3},{"damage":30,"enemies":"Gremlin Nob","floor":11,"turns":5},{"damage":5,"enemies":"Gremlin Gang","floor":12,"turns":5},{"damage":24,"enemies":"Slime Boss","floor":16,"turns":6}],"seed_played":"6532829625881509808","potions_obtained":[{"floor":7,"key":"SneckoOil"},{"floor":12,"key":"Fire Potion"}],"is_trial":false,"path_per_floor":["M","?","?","M","$","R","M","R","T","R","E","M","$","?","R","B"],"character_chosen":"THE_SILENT","items_purchased":["Backflip","Footwork","PiercingWail"],"campfire_rested":0,"item_purchase_floors":[5,13,13],"current_hp_per_floor":[56,45,45,45,45,45,41,41,41,41,11,6,6,22,22,0],"gold":16,"neow_bonus":"ONE_RARE_RELIC","is_prod":false,"is_daily":false,"chose_seed":false,"campfire_upgraded":4,"win_rate":0,"timestamp":1550833928,"path_taken":["M","?","?","M","$","R","?","R","T","R","E","M","$","?","R","BOSS"],"build_version":"2019-02-06","purchased_purges":1,"victory":false,"max_hp_per_floor":[66,66,66,66,66,66,66,66,66,66,66,66,66,66,66,66],"card_choices":[{"not_picked":["Dagger Spray","Cloak And Dagger"],"picked":"Predator","floor":1},{"not_picked":["Expertise","Infinite Blades","Concentrate"],"picked":"SKIP","floor":4},{"not_picked":["Blade Dance","Underhanded Strike","Deflect"],"picked":"SKIP","floor":7},{"not_picked":["Sucker Punch","Poisoned Stab"],"picked":"Corpse Explosion","floor":11},{"not_picked":["Dodge and Roll","Dagger Spray","Poisoned Stab"],"picked":"SKIP","floor":12}],"player_experience":803993,"relics_obtained":[{"floor":9,"key":"Matryoshka"},{"floor":11,"key":"Anchor"}],"event_choices":[{"damage_healed":0,"gold_gain":75,"player_choice":"Gather Gold","damage_taken":11,"max_hp_gain":0,"max_hp_loss":0,"event_name":"World of Goop","floor":2,"gold_loss":0},{"cards_removed":["Strike_G"],"damage_healed":0,"gold_gain":0,"player_choice":"Offered Basic","damage_taken":0,"max_hp_gain":0,"max_hp_loss":0,"event_name":"Bonfire Elementals","floor":3,"gold_loss":0},{"damage_healed":16,"gold_gain":0,"player_choice":"Healed and dodged fight","damage_taken":0,"max_hp_gain":0,"max_hp_loss":0,"event_name":"Mushrooms","floor":14,"gold_loss":0,"cards_obtained":["Parasite"]}],"is_beta":true,"boss_relics":[],"items_purged_floors":[5],"is_endless":false,"potions_floor_spawned":[7,12],"killed_by":"Slime Boss","ascension_level":15}