{"gold_per_floor":[219,234,234,249,124,136,136,166,220,234,234,309,309,322,322,399,399,413,424,88,3,3,3,13,13,62,62,72,88,138,158,158,235,235,254,264,364,381,108,139,149,149,149,165,180,180,194,207,207,207],"floor_reached":51,"playtime":2657,"items_purged":["Strike_G","Choke","Slice"],"score":1186,"play_id":"77c38ff2-85c7-4311-b895-ba4522d4d2c4","local_time":"20190323194744","is_ascension_mode":true,"campfire_choices":[{"data":"Deadly Poison","floor":7,"key":"SMITH"},{"data":"Neutralize","floor":11,"key":"SMITH"},{"data":"Bane","floor":15,"key":"SMITH"},{"floor":23,"key":"REST"},{"data":"Footwork","floor":32,"key":"SMITH"},{"floor":42,"key":"REST"},{"floor":46,"key":"RECALL"},{"floor":49,"key":"REST"}],"neow_cost":"NONE","seed_source_timestamp":0,"circlet_count":0,"master_deck":["AscendersBane","Survivor","Neutralize+1","Calculated Gamble+1","Skewer","Deadly Poison+1","Footwork+1","Bane+1","Venomology","Catalyst+1","Unload","Dodge and Roll","Terror","Escape Plan","Blur","Noxious Fumes","Leg Sweep","Backflip","Adrenaline","Well Laid Plans","Acrobatics+1","Deadly Poison","Footwork+1","Bullet Time"],"relics":["Ring of the Snake","Meat on the Bone","Bag of Marbles","Pandora\u0027s Box","Bag of Preparation","War Paint","PreservedInsect","Fusion Hammer","Pocketwatch","Art of War","Oddly Smooth Stone"],"potions_floor_usage":[18,19,28,29,33,33,36,40],"damage_taken":[{"damage":2,"enemies":"Jaw Worm","floor":1,"turns":5},{"damage":5,"enemies":"Cultist","floor":2,"turns":5},{"damage":0,"enemies":"2 Louse","floor":4,"turns":4},{"damage":3,"enemies":"Looter","floor":6,"turns":3},{"damage":19,"enemies":"Lagavulin","floor":8,"turns":8},{"damage":2,"enemies":"3 Louse","floor":10,"turns":5},{"damage":0,"enemies":"2 Fungi Beasts","floor":14,"turns":4},{"damage":10,"enemies":"The Guardian","floor":16,"turns":11},{"damage":15,"enemies":"Shell Parasite","floor":18,"turns":4},{"damage":10,"enemies":"Spheric Guardian","floor":19,"turns":4},{"damage":17,"enemies":"Centurion and Healer","floor":24,"turns":7},{"damage":12,"enemies":"Cultist and Chosen","floor":28,"turns":8},{"damage":0,"enemies":"Snecko","floor":29,"turns":5},{"damage":18,"enemies":"Chosen and Byrds","floor":31,"turns":8},{"damage":23,"enemies":"Automaton","floor":33,"turns":10},{"damage":7,"enemies":"3 Darklings","floor":35,"turns":6},{"damage":16,"enemies":"3 Shapes","floor":36,"turns":4},{"damage":0,"enemies":"Mind Bloom Boss Battle","floor":37,"turns":5},{"damage":0,"enemies":"Spire Growth","floor":38,"turns":4},{"damage":12,"enemies":"Giant Head","floor":40,"turns":8},{"damage":16,"enemies":"Maw","floor":41,"turns":6},{"damage":1,"enemies":"4 Shapes","floor":44,"turns":5},{"damage":0,"enemies":"Spire Growth","floor":45,"turns":5},{"damage":0,"enemies":"Sphere and 2 Shapes","floor":47,"turns":5},{"damage":3,"enemies":"Transient","floor":48,"turns":5},{"damage":7,"enemies":"Awakened One","floor":50,"turns":18}],"seed_played":"999224306550940706","potions_obtained":[{"floor":2,"key":"SkillPotion"},{"floor":8,"key":"SkillPotion"},{"floor":14,"key":"SteroidPotion"},{"floor":28,"key":"Energy Potion"},{"floor":35,"key":"SneckoOil"}],"is_trial":false,"path_per_floor":["M","M","?","M","$","M","R","E","T","M","R","?","?","M","R","B",null,"M","M","$","?","?","R","M","$","T","?","M","M","?","M","R","B",null,"M","M","?","M","$","E","M","R","T","M","M","R","M","M","R","B",null],"character_chosen":"THE_SILENT","items_purchased":["Deadly Poison","Bag of Preparation","Noxious Fumes","Art of War"],"campfire_rested":3,"item_purchase_floors":[5,20,20,39],"current_hp_per_floor":[57,52,52,52,52,49,49,30,30,40,40,29,29,41,41,43,60,45,35,35,35,17,38,33,33,33,33,33,45,45,39,39,28,60,53,37,37,37,37,40,36,57,57,56,56,56,56,53,71,64],"gold":207,"neow_bonus":"HUNDRED_GOLD","is_prod":false,"is_daily":false,"chose_seed":true,"campfire_upgraded":4,"win_rate":0,"timestamp":1553341664,"path_taken":["M","M","?","M","$","?","R","E","T","M","R","?","?","M","R","BOSS","M","M","$","?","?","R","M","$","T","?","M","M","?","M","R","BOSS","M","M","?","M","$","E","M","R","T","M","M","R","M","M","R","BOSS"],"build_version":"2019-01-23","purchased_purges":3,"victory":true,"max_hp_per_floor":[66,66,66,66,66,66,66,66,66,66,66,66,66,66,66,66,66,66,66,66,66,71,71,71,71,71,71,71,71,71,71,71,71,71,71,71,71,71,71,71,71,71,71,71,71,71,71,71,71,71],"card_choices":[{"not_picked":["Slice","Cloak And Dagger","Backflip"],"picked":"SKIP","floor":1},{"not_picked":["Prepared","Distraction"],"picked":"Calculated Gamble","floor":2},{"not_picked":["Outmaneuver","Distraction"],"picked":"Skewer","floor":4},{"not_picked":["Finisher","Bane"],"picked":"Footwork","floor":6},{"not_picked":["Acrobatics","After Image","Terror"],"picked":"SKIP","floor":8},{"not_picked":["Deflect","Setup"],"picked":"Bane","floor":10},{"not_picked":["Heel Hook","Dagger Spray","Deadly Poison"],"picked":"SKIP","floor":14},{"not_picked":["Die Die Die","Phantasmal Killer"],"picked":"Venomology","floor":16},{"not_picked":["Underhanded Strike","Bane","Dagger Spray"],"picked":"SKIP","floor":18},{"not_picked":["Blur+1","Deadly Poison","Slice"],"picked":"SKIP","floor":19},{"not_picked":["Cloak And Dagger","PiercingWail"],"picked":"Leg Sweep","floor":24},{"not_picked":["Dagger Throw","Accuracy","Underhanded Strike"],"picked":"SKIP","floor":28},{"not_picked":["Dagger Spray","PiercingWail","Dagger Throw+1"],"picked":"SKIP","floor":29},{"not_picked":["Backflip","Bane","Deadly Poison"],"picked":"SKIP","floor":31},{"not_picked":["After Image","Glass Knife"],"picked":"Adrenaline","floor":33},{"not_picked":["Outmaneuver","Dodge and Roll","Slice"],"picked":"SKIP","floor":35},{"not_picked":["Sucker Punch","Setup","Slice"],"picked":"SKIP","floor":36},{"not_picked":["Tactician","Blade Dance","Slice"],"picked":"SKIP","floor":38},{"not_picked":["Tactician","Blade Dance","Slice"],"picked":"SKIP","floor":38},{"not_picked":["Endless Agony","Finisher"],"picked":"Well Laid Plans","floor":40},{"not_picked":["Concentrate","Poisoned Stab","Terror+1"],"picked":"SKIP","floor":41},{"not_picked":["Concentrate","Poisoned Stab","Terror+1"],"picked":"SKIP","floor":41},{"not_picked":["Die Die Die","Flying Knee"],"picked":"Acrobatics+1","floor":44},{"not_picked":["Dagger Throw","Deadly Poison","Flying Knee"],"picked":"SKIP","floor":45},{"not_picked":["Dagger Throw","Flying Knee"],"picked":"Deadly Poison","floor":45},{"not_picked":["Flying Knee+1","Heel Hook"],"picked":"Footwork+1","floor":47},{"not_picked":["Tactician","Underhanded Strike"],"picked":"Bullet Time","floor":48}],"player_experience":881388,"relics_obtained":[{"floor":8,"key":"Meat on the Bone"},{"floor":9,"key":"Bag of Marbles"},{"floor":26,"key":"PreservedInsect"},{"floor":37,"key":"Pocketwatch"},{"floor":40,"key":"Oddly Smooth Stone"}],"event_choices":[{"damage_healed":0,"gold_gain":0,"player_choice":"Upgraded","damage_taken":0,"max_hp_gain":0,"max_hp_loss":0,"event_name":"Upgrade Shrine","floor":3,"gold_loss":0,"cards_upgraded":["Calculated Gamble"]},{"damage_healed":0,"gold_gain":75,"player_choice":"Gather Gold","damage_taken":11,"max_hp_gain":0,"max_hp_loss":0,"event_name":"World of Goop","floor":12,"gold_loss":0},{"damage_healed":0,"gold_gain":0,"player_choice":"Ignored","damage_taken":0,"max_hp_gain":0,"max_hp_loss":0,"event_name":"Liars Game","floor":13,"gold_loss":0},{"damage_healed":0,"gold_gain":0,"player_choice":"Obtained Relic","damage_taken":0,"relics_obtained":["War Paint"],"max_hp_gain":0,"max_hp_loss":0,"event_name":"Addict","floor":21,"gold_loss":85},{"damage_healed":0,"gold_gain":0,"player_choice":"Shed Blood","damage_taken":23,"max_hp_gain":5,"max_hp_loss":0,"event_name":"Forgotten Altar","floor":22,"gold_loss":0},{"damage_healed":0,"gold_gain":0,"cards_transformed":["Storm of Steel","Finisher"],"player_choice":"Became Test Subject","damage_taken":0,"max_hp_gain":0,"max_hp_loss":0,"event_name":"Drug Dealer","floor":27,"gold_loss":0,"cards_obtained":["Backflip","Slice"]},{"damage_healed":0,"gold_gain":100,"player_choice":"Bet on Murderer","damage_taken":0,"max_hp_gain":0,"max_hp_loss":0,"event_name":"The Joust","floor":30,"gold_loss":50},{"damage_healed":0,"gold_gain":0,"player_choice":"Fight","damage_taken":0,"max_hp_gain":0,"max_hp_loss":0,"event_name":"MindBloom","floor":37,"gold_loss":0}],"is_beta":false,"boss_relics":[{"not_picked":["Astrolabe","Snecko Eye"],"picked":"Pandora\u0027s Box"},{"not_picked":["Lizard Tail","Empty Cage"],"picked":"Fusion Hammer"}],"items_purged_floors":[5,20,39],"is_endless":false,"potions_floor_spawned":[2,8,14,16,28,29,31,35,36,37,40,44],"ascension_level":15}