{"gold_per_floor":[359,370,383,394,394,394,411,411,459,459,267,267,267,283,283,387,387,404,404,404,414,430,430,30,30],"floor_reached":25,"playtime":1913,"items_purged":["Writhe"],"score":193,"play_id":"3ca0aba7-e437-46c3-b835-0b3a55ecaa30","local_time":"20190805193334","is_ascension_mode":false,"campfire_choices":[{"data":"Perfected Strike","floor":6,"key":"SMITH"},{"floor":8,"key":"REST"},{"data":"Bash","floor":10,"key":"SMITH"},{"data":"Transmutation","floor":12,"key":"SMITH"},{"data":"Cleave","floor":15,"key":"SMITH"},{"floor":23,"key":"REST"}],"neow_cost":"TEN_PERCENT_HP_LOSS","seed_source_timestamp":1799181808133645,"circlet_count":0,"master_deck":["Strike_R","Strike_R","Strike_R","Strike_R","Strike_R","Defend_R","Defend_R","Defend_R","Defend_R","Bash+1","Perfected Strike+1","Heavy Blade","Twin Strike","Battle Trance","Ghostly Armor","Transmutation+1","Armaments","Cleave+1","Barricade","Iron Wave","Metallicize","Metallicize","Perfected Strike","Metallicize","Ghostly Armor","Battle Trance","Apotheosis","Jack Of All Trades","Armaments","Shrug It Off"],"relics":["Burning Blood","Lantern","Kunai","Orrery","Nilry\u0027s Codex","Centennial Puzzle"],"potions_floor_usage":[],"damage_taken":[{"damage":2,"enemies":"Small Slimes","floor":1,"turns":4},{"damage":6,"enemies":"Jaw Worm","floor":2,"turns":3},{"damage":0,"enemies":"2 Louse","floor":3,"turns":2},{"damage":2,"enemies":"2 Fungi Beasts","floor":4,"turns":3},{"damage":3,"enemies":"Red Slaver","floor":7,"turns":3},{"damage":11,"enemies":"Exordium Wildlife","floor":14,"turns":5},{"damage":63,"enemies":"Hexaghost","floor":16,"turns":10},{"damage":24,"enemies":"Chosen","floor":18,"turns":9},{"damage":2,"enemies":"Shell Parasite","floor":21,"turns":11},{"damage":15,"enemies":"Centurion and Healer","floor":22,"turns":13},{"damage":68,"enemies":"3 Cultists","floor":25,"turns":7}],"seed_played":"-4918111911276668802","potions_obtained":[{"floor":3,"key":"FairyPotion"},{"floor":7,"key":"PowerPotion"},{"floor":16,"key":"Ancient Potion"}],"is_trial":false,"path_per_floor":["M","M","M","M","?","R","M","R","T","R","$","R","?","M","R","B",null,"M","?","?","M","M","R","$","M"],"character_chosen":"IRONCLAD","items_purchased":["Transmutation","Armaments","Apotheosis","Jack Of All Trades","Armaments","Shrug It Off"],"campfire_rested":2,"item_purchase_floors":[11,11,24,24,24,24],"current_hp_per_floor":[72,72,72,72,72,72,72,72,72,72,72,72,69,64,64,7,72,54,38,38,42,33,54,54,0],"gold":30,"neow_bonus":"TWO_FIFTY_GOLD","is_prod":false,"is_daily":false,"chose_seed":false,"campfire_upgraded":4,"win_rate":0.0,"timestamp":1565048014,"path_taken":["M","M","M","M","?","R","M","R","T","R","$","R","?","?","R","BOSS","M","?","?","M","M","R","$","M"],"build_version":"2019-07-17","purchased_purges":1,"victory":false,"max_hp_per_floor":[72,72,72,72,72,72,72,72,72,72,72,72,72,72,72,72,72,72,72,72,72,72,72,72,72],"card_choices":[{"not_picked":["Flex","Twin Strike"],"picked":"Perfected Strike","floor":1},{"not_picked":["Carnage","Sword Boomerang"],"picked":"Heavy Blade","floor":2},{"not_picked":["Sword Boomerang","Shockwave"],"picked":"Twin Strike","floor":3},{"not_picked":["Pummel","Shrug It Off"],"picked":"Battle Trance","floor":4},{"not_picked":["Sever Soul","Clash"],"picked":"Ghostly Armor","floor":7},{"not_picked":["Clash","Warcry"],"picked":"Cleave","floor":14},{"not_picked":["Bludgeon","Double Tap"],"picked":"Barricade","floor":16},{"not_picked":["Sword Boomerang","Whirlwind"],"picked":"Iron Wave","floor":17},{"not_picked":["Flex","Combust"],"picked":"Metallicize","floor":17},{"not_picked":["Anger","Demon Form"],"picked":"Metallicize","floor":17},{"not_picked":["True Grit","Clash"],"picked":"Perfected Strike","floor":17},{"not_picked":["Infernal Blade","Perfected Strike"],"picked":"Metallicize","floor":17},{"not_picked":["Limit Break","Bloodletting","Corruption"],"picked":"SKIP","floor":18},{"not_picked":["Sword Boomerang","Fire Breathing+1"],"picked":"Ghostly Armor","floor":21},{"not_picked":["Flex","Clothesline"],"picked":"Battle Trance","floor":22}],"player_experience":4446,"relics_obtained":[{"floor":9,"key":"Lantern"},{"floor":19,"key":"Nilry\u0027s Codex"}],"event_choices":[{"damage_healed":0,"gold_gain":0,"player_choice":"Ignored","damage_taken":0,"max_hp_gain":0,"max_hp_loss":0,"event_name":"Liars Game","floor":5,"gold_loss":0},{"damage_healed":0,"gold_gain":0,"player_choice":"Success","damage_taken":3,"relics_obtained":["Kunai"],"max_hp_gain":0,"max_hp_loss":0,"event_name":"Scrap Ooze","floor":13,"gold_loss":0},{"damage_healed":0,"gold_gain":0,"player_choice":"Obtained Book","damage_taken":16,"max_hp_gain":0,"max_hp_loss":0,"event_name":"Cursed Tome","floor":19,"gold_loss":0},{"damage_healed":0,"gold_gain":0,"player_choice":"Opened","damage_taken":0,"relics_obtained":["Centennial Puzzle"],"max_hp_gain":0,"max_hp_loss":0,"event_name":"The Mausoleum","floor":20,"gold_loss":0,"cards_obtained":["Writhe"]}],"is_beta":false,"boss_relics":[{"not_picked":["Calling Bell","Ectoplasm"],"picked":"Orrery"}],"items_purged_floors":[24],"is_endless":false,"potions_floor_spawned":[3,7,16,18,21],"killed_by":"3 Cultists","ascension_level":0}