{"gold_per_floor":[109,109,109,123,173,200,200,29,54,2,35,54,83,152,152,254,254,274,324,67,117,82,82,150,177,200,200,250,261,108,124,124,225,225,242,260,273,339,389,416,416,429,729,757,807,807,80,98,98,98],"floor_reached":50,"playtime":4296,"items_purged":[],"score":876,"play_id":"814d0e31-be59-4c2d-b52d-8c03a18e60ed","local_time":"20180717102649","is_ascension_mode":true,"campfire_choices":[{"data":"Double Energy","floor":7.0,"key":"SMITH"},{"data":"Seek","floor":15.0,"key":"SMITH"},{"data":"Creative AI","floor":23.0,"key":"SMITH"},{"data":"Buffer","floor":27.0,"key":"SMITH"},{"floor":32.0,"key":"REST"},{"floor":41.0,"key":"REST"},{"floor":46.0,"key":"REST"},{"floor":49.0,"key":"REST"}],"neow_cost":"NONE","seed_source_timestamp":0,"circlet_count":0,"master_deck":["Strike_B","Strike_B","Strike_B","Strike_B","Defend_B","Defend_B","Defend_B","Defend_B","Zap","Dualcast","Turbo","Glacier","Double Energy+1","Static Discharge","Conserve Battery","Sweeping Beam","Darkness","Coolheaded","Fusion+1","Seek+1","Glacier","Redo","Creative AI+1","Steam Power","Leap","Rainbow","Buffer+1","Gash","BootSequence","Gash","Conserve Battery","Loop","Streamline","Fission","Double Energy","All For One","Steam Power+1","Hologram","Compile Driver+1","Darkness+1","Force Field+1","Meteor Strike","Static Discharge","Hologram","Coolheaded","Enlightenment","Double Energy+1","Go for the Eyes"],"special_seed":17728,"relics":["Cracked Core","Mercury Hourglass","SsserpentHead","Potion Belt","Boot","Orichalcum","Girya","Black Star","OrangePellets","Nloth\u0027s Gift","Question Card","Bag of Preparation","Art of War","Centennial Puzzle","Lizard Tail","Thread and Needle","Oddly Smooth Stone","DataDisk","Old Coin","Mummified Hand","Dodecahedron","Lantern","Dream Catcher"],"potions_floor_usage":[50],"damage_taken":[{"damage":0.0,"enemies":"Jaw Worm","floor":1.0,"turns":1.0},{"damage":0.0,"enemies":"2 Louse","floor":4.0,"turns":1.0},{"damage":0.0,"enemies":"Lagavulin","floor":6.0,"turns":1.0},{"damage":18.0,"enemies":"Gremlin Nob","floor":11.0,"turns":5.0},{"damage":0.0,"enemies":"Cultist","floor":12.0,"turns":3.0},{"damage":21.0,"enemies":"Lagavulin","floor":13.0,"turns":7.0},{"damage":5.0,"enemies":"Blue Slaver","floor":14.0,"turns":4.0},{"damage":9.0,"enemies":"Hexaghost","floor":16.0,"turns":15.0},{"damage":2.0,"enemies":"Shell Parasite","floor":18.0,"turns":6.0},{"damage":1.0,"enemies":"3 Byrds","floor":24.0,"turns":4.0},{"damage":39.0,"enemies":"Slavers","floor":25.0,"turns":8.0},{"damage":8.0,"enemies":"Centurion and Healer","floor":29.0,"turns":13.0},{"damage":5.0,"enemies":"Snake Plant","floor":31.0,"turns":7.0},{"damage":37.0,"enemies":"Collector","floor":33.0,"turns":16.0},{"damage":11.0,"enemies":"Orb Walker","floor":35.0,"turns":4.0},{"damage":12.0,"enemies":"Flame Bruiser 1 Orb","floor":36.0,"turns":9.0},{"damage":44.0,"enemies":"Maw","floor":37.0,"turns":10.0},{"damage":3.0,"enemies":"Transient","floor":38.0,"turns":5.0},{"damage":0.0,"floor":39.0,"turns":9.0},{"damage":23.0,"enemies":"2 Orb Walkers","floor":40.0,"turns":7.0},{"damage":12.0,"enemies":"3 Darklings","floor":42.0,"turns":5.0},{"damage":41.0,"enemies":"Giant Head","floor":44.0,"turns":14.0},{"damage":0.0,"enemies":"Flame Bruiser 2 Orb","floor":48.0,"turns":8.0},{"damage":67,"enemies":"Awakened One","floor":50,"turns":8}],"seed_played":"-2205032152784244808","potions_obtained":[{"floor":4.0,"key":"Block Potion"},{"floor":11.0,"key":"FearPotion"},{"floor":12.0,"key":"Energy Potion"},{"floor":13.0,"key":"FocusPotion"},{"floor":25.0,"key":"PowerPotion"},{"floor":29.0,"key":"Swift Potion"},{"floor":33.0,"key":"AttackPotion"},{"floor":35.0,"key":"Weak Potion"},{"floor":39.0,"key":"LiquidBronze"},{"floor":40.0,"key":"Strength Potion"},{"floor":44.0,"key":"Strength Potion"}],"is_trial":false,"path_per_floor":["M","?","?","M","?","E","R","$","T","$","E","M","E","M","R","B",null,"M","?","$","?","?","R","M","E","T","R","?","M","$","M","R","B",null,"M","M","M","M","?","E","R","M","T","E","?","R","$","M","R"],"character_chosen":"DEFECT","items_purchased":["Static Discharge","Conserve Battery","Sweeping Beam","Darkness","Coolheaded","Leap","OrangePellets","BootSequence","Gash","Conserve Battery","Loop","Meteor Strike","Static Discharge","Hologram","Coolheaded","Enlightenment","Lantern","Dream Catcher"],"campfire_rested":4,"item_purchase_floors":[8,8,8,8,10,20,20,30,30,30,30,47,47,47,47,47,47,47],"current_hp_per_floor":[75,72,72,72,77,77,77,77,77,77,59,59,38,33,33,24,80,78,78,78,78,78,78,77,38,38,38,38,30,30,25,49,12,80,69,57,13,10,10,40,64,52,52,11,3,27,27,27,51,0],"gold":98,"neow_bonus":"THREE_ENEMY_KILL","is_prod":false,"is_daily":false,"chose_seed":false,"campfire_upgraded":4,"win_rate":0,"timestamp":1531794409,"path_taken":["M","?","?","M","?","E","R","?","T","$","E","M","E","?","R","BOSS","M","?","$","?","?","R","?","E","T","R","?","M","?","M","R","BOSS","M","M","M","?","?","E","R","M","T","E","?","R","?","M","R","BOSS"],"build_version":"2018-07-12","purchased_purges":0,"victory":false,"max_hp_per_floor":[75,75,75,75,80,80,80,80,80,80,80,80,80,80,80,80,80,80,80,80,80,80,80,80,80,80,80,80,80,80,80,80,80,80,80,80,80,80,80,80,80,80,80,80,80,80,80,80,80,80],"card_choices":[{"not_picked":["Steam","Double Energy"],"picked":"Turbo","floor":1.0},{"not_picked":["Coolheaded","Sunder"],"picked":"Glacier","floor":4.0},{"not_picked":["BootSequence","Chill"],"picked":"Double Energy","floor":6.0},{"not_picked":["Rebound","Auto Shields"],"picked":"Fusion","floor":11.0},{"not_picked":["Storm","Turbo"],"picked":"Seek","floor":12.0},{"not_picked":["Leap","Melter"],"picked":"Glacier","floor":13.0},{"not_picked":["Steam","Reprogram"],"picked":"Redo","floor":14.0},{"not_picked":["Fission","Thunder Strike"],"picked":"Creative AI","floor":16.0},{"not_picked":["Coolheaded","Static Discharge"],"picked":"Steam Power","floor":18.0},{"not_picked":["Barrage","Gash","Ball Lightning"],"picked":"Rainbow","floor":24.0},{"not_picked":["Rebound","Hologram","Reprogram"],"picked":"Buffer","floor":25.0},{"not_picked":["Barrage","Recycle+1","Go for the Eyes+1"],"picked":"Gash","floor":29.0},{"not_picked":["Go for the Eyes","Sweeping Beam","Leap+1"],"picked":"Streamline","floor":31.0},{"not_picked":["Multi-Cast","All For One","Seek"],"picked":"Fission","floor":33.0},{"not_picked":["Ball Lightning+1","Melter+1","Redo+1"],"picked":"Double Energy","floor":35.0},{"not_picked":["Conserve Battery","Steam+1","Redo","Recycle"],"picked":"SKIP","floor":36.0},{"not_picked":["Heatsinks+1","Beam Cell","Sweeping Beam+1"],"picked":"All For One","floor":37.0},{"not_picked":["Chaos","Cold Snap","Static Discharge+1"],"picked":"Steam Power+1","floor":38.0},{"not_picked":["Doom and Gloom","Rebound+1","Conserve Battery"],"picked":"Hologram","floor":39.0},{"not_picked":["Core Surge","Ball Lightning","Conserve Battery+1"],"picked":"Compile Driver+1","floor":40.0},{"not_picked":["Fission","Hologram+1","Gash+1"],"picked":"Darkness+1","floor":42.0},{"not_picked":["Rebound","Redo","Barrage"],"picked":"Force Field+1","floor":44.0},{"not_picked":["Ball Lightning+1","Leap+1","Auto Shields+1"],"picked":"Double Energy+1","floor":48.0},{"not_picked":["Barrage","Stack+1","Beam Cell+1"],"picked":"Go for the Eyes","floor":49.0}],"player_experience":96028,"relics_obtained":[{"floor":6.0,"key":"Potion Belt"},{"floor":9.0,"key":"Boot"},{"floor":11.0,"key":"Orichalcum"},{"floor":13.0,"key":"Girya"},{"floor":25.0,"key":"Bag of Preparation"},{"floor":25.0,"key":"Art of War"},{"floor":26.0,"key":"Centennial Puzzle"},{"floor":39.0,"key":"Thread and Needle"},{"floor":40.0,"key":"Oddly Smooth Stone"},{"floor":40.0,"key":"DataDisk"},{"floor":43.0,"key":"Old Coin"},{"floor":44.0,"key":"Mummified Hand"},{"floor":44.0,"key":"Dodecahedron"}],"event_choices":[{"event_name":"Scrap Ooze","player_choice":"success","floor":2.0,"damage_taken":3.0},{"event_name":"FaceTrader","player_choice":"Trade","floor":3.0,"damage_taken":0.0},{"event_name":"Big Fish","player_choice":"Donut","floor":5.0,"damage_taken":0.0},{"event_name":"Upgrade Shrine","player_choice":"Upgraded","floor":19.0,"damage_taken":0.0},{"event_name":"N\u0027loth","player_choice":"Traded a NeowsBlessing","floor":21.0,"damage_taken":0.0},{"event_name":"Addict","player_choice":"Obtained Relic","floor":22.0,"damage_taken":0.0},{"event_name":"Drug Dealer","player_choice":"Ignored","floor":28.0,"damage_taken":0.0},{"event_name":"MindBloom","player_choice":"Fight","floor":39.0,"damage_taken":0.0},{"event_name":"Wheel of Change","player_choice":"Damage","floor":45.0,"damage_taken":0.0}],"boss_relics":[{"not_picked":["Tiny House","Snecko Eye"],"picked":"Black Star"},{"not_picked":["Sozu","Velvet Choker"],"picked":"Lizard Tail"}],"items_purged_floors":[],"is_endless":false,"potions_floor_spawned":[4,11,12,13,25,29,33,35,39,40,44],"killed_by":"Awakened One","ascension_level":1}