{"gold_per_floor":[116,136,136,136,136,136,174,174,174,194,369,400,400,45,45,171,209,227,83,104,104,104,104,122,1,24,24],"floor_reached":27,"playtime":1234,"items_purged":[],"score":254,"play_id":"47d8cd4c-77d4-41e8-88a4-d89e12fe72f2","local_time":"20180711115630","is_ascension_mode":true,"campfire_choices":[{"floor":6,"key":"REST"},{"data":"Aggregate","floor":8,"key":"SMITH"},{"floor":13,"key":"REST"},{"data":"Static Discharge","floor":15,"key":"SMITH"},{"data":"Darkness","floor":23,"key":"SMITH"}],"neow_cost":"NONE","seed_source_timestamp":0,"circlet_count":0,"master_deck":["Strike_B","Strike_B","Strike_B","Strike_B","Defend_B","Defend_B","Defend_B","Defend_B+1","Zap","Dualcast","Beam Cell","Skim+1","Injury","Aggregate+1","Darkness+1","Doubt","White Noise+1","Static Discharge+1","Core Surge","Amplify","Rebound","Thunder Strike","Seek","Heatsinks","Good Instincts","Hologram+1","Defragment","Conserve Battery"],"special_seed":17723,"relics":["Cracked Core","NeowsBlessing","Gambling Chip","Golden Idol","Pen Nib","Meat on the Bone","Omamori","Orichalcum","Tiny House","DataDisk"],"potions_floor_usage":[12,24,27,27],"damage_taken":[{"damage":0,"enemies":"Small Slimes","floor":1,"turns":1},{"damage":0,"enemies":"Jaw Worm","floor":2,"turns":1},{"damage":0,"enemies":"3 Sentries","floor":7,"turns":1},{"damage":5,"enemies":"2 Louse","floor":10,"turns":2},{"damage":38,"enemies":"Gremlin Nob","floor":12,"turns":5},{"damage":34,"enemies":"Hexaghost","floor":16,"turns":7},{"damage":4,"enemies":"Chosen","floor":18,"turns":3},{"damage":19,"enemies":"Shell Parasite","floor":20,"turns":6},{"damage":32,"enemies":"Snecko","floor":24,"turns":6},{"damage":43,"enemies":"Gremlin Leader","floor":27,"turns":4}],"seed_played":"-1904894230533814690","potions_obtained":[{"floor":2,"key":"AttackPotion"},{"floor":12,"key":"Energy Potion"},{"floor":16,"key":"Energy Potion"},{"floor":17,"key":"EssenceOfSteel"}],"is_trial":false,"path_per_floor":["M","M","?","?","?","R","E","R","T","M","?","E","R","$","R","B",null,"M","$","M","?","?","R","M","$","T"],"character_chosen":"DEFECT","items_purchased":["Static Discharge","Core Surge","Orichalcum","Seek","Heatsinks","Defragment","Conserve Battery"],"campfire_rested":2,"item_purchase_floors":[14,14,14,19,19,25,25],"current_hp_per_floor":[75,75,60,42,42,64,64,64,64,59,59,33,55,55,55,33,80,76,76,71,76,60,60,40,40,40,0],"gold":24,"neow_bonus":"THREE_ENEMY_KILL","is_prod":false,"is_daily":false,"chose_seed":false,"campfire_upgraded":3,"win_rate":0,"timestamp":1531281390,"path_taken":["M","M","?","?","?","R","E","R","T","M","?","E","R","$","R","BOSS","M","?","M","?","?","R","?","$","T","E"],"build_version":"2018-07-05","purchased_purges":0,"victory":false,"max_hp_per_floor":[75,75,75,75,75,75,75,75,75,75,75,75,75,75,75,75,80,80,80,80,80,80,80,80,80,80,80],"card_choices":[{"not_picked":["Streamline","Rebound"],"picked":"Beam Cell","floor":1},{"not_picked":["Reinforced Body","Beam Cell"],"picked":"Skim","floor":2},{"not_picked":["Redo","Steam"],"picked":"Aggregate","floor":7},{"not_picked":["Rip and Tear","Rebound"],"picked":"Darkness","floor":10},{"not_picked":["Self Repair","Turbo"],"picked":"White Noise","floor":12},{"not_picked":["Multi-Cast","Thunder Strike"],"picked":"Amplify","floor":16},{"not_picked":["Lockon","Gash"],"picked":"Rebound","floor":17},{"not_picked":["Rebound","Redo"],"picked":"Thunder Strike","floor":18},{"not_picked":["Rip and Tear+1","Compile Driver"],"picked":"Stack","floor":20},{"not_picked":["Gash+1","Recycle+1"],"picked":"Hologram+1","floor":24}],"player_experience":87655,"relics_obtained":[{"floor":7,"key":"Pen Nib"},{"floor":9,"key":"Meat on the Bone"},{"floor":12,"key":"Omamori"},{"floor":26,"key":"DataDisk"}],"event_choices":[{"event_name":"Shining Light","player_choice":"Entered Light","floor":3,"damage_taken":0},{"event_name":"Scrap Ooze","player_choice":"success","floor":4,"damage_taken":18},{"event_name":"Golden Idol","player_choice":"Take Wound","floor":5,"damage_taken":0},{"event_name":"Liars Game","player_choice":"agreed","floor":11,"damage_taken":0},{"event_name":"Bonfire Elementals","player_choice":"COMMON","floor":21,"damage_taken":0},{"event_name":"Knowing Skull","player_choice":"CARD ","floor":22,"damage_taken":0}],"boss_relics":[{"not_picked":["Velvet Choker","Empty Cage"],"picked":"Tiny House"}],"items_purged_floors":[],"is_endless":false,"potions_floor_spawned":[2,12,16],"killed_by":"Gremlin Leader","ascension_level":1}