{"gold_per_floor":[112,123,198,210,228,261,261,280,350,368,543,141,174,191,191,290,290,302,315,326,401,414,449,449,479,479,489,489,506,506,208,208,306,306,322,322,336,351,197,197,225,239,239,3,3,20,20,20,20,20],"floor_reached":51,"playtime":10939,"items_purged":["Doubt","Prepared"],"score":776,"play_id":"a9ebe61b-f072-4ec8-84ca-11f746f0fdc0","local_time":"20190804230554","is_ascension_mode":false,"campfire_choices":[{"floor":7.0,"key":"REST"},{"data":"Footwork","floor":15.0,"key":"SMITH"},{"floor":24.0,"key":"REST"},{"floor":30.0,"key":"REST"},{"floor":32.0,"key":"REST"},{"data":"Skewer","floor":40,"key":"SMITH"},{"data":"Reflex","floor":45,"key":"SMITH"},{"data":"Expertise","floor":49,"key":"SMITH"}],"neow_cost":"NONE","seed_source_timestamp":0,"circlet_count":0,"master_deck":["Strike_G","Strike_G","Strike_G","Strike_G","Strike_G","Defend_G","Defend_G","Defend_G","Defend_G","Defend_G","Survivor","Neutralize+1","Deflect","Skewer+1","Flying Knee","Dash","Heel Hook","Footwork+1","Backflip","Envenom","Escape Plan","Adrenaline","Backflip","Masterful Stab+1","Blur+1","Terror","Eviscerate+1","Reflex+1","Dodge and Roll+1","Adrenaline","Phantasmal Killer","Underhanded Strike","Crippling Poison+1","Predator","Acrobatics","Expertise+1","Acrobatics+1","Impatience"],"special_seed":0,"relics":["Ring of the Snake","Snake Skull","Paper Crane","MealTicket","Ice Cream","HoveringKite","Potion Belt","FossilizedHelix","Bronze Scales","Sozu","Strawberry","Regal Pillow","Centennial Puzzle","TheAbacus"],"potions_floor_usage":[50,50],"damage_taken":[{"damage":5.0,"enemies":"2 Louse","floor":1.0,"turns":3.0},{"damage":0.0,"enemies":"Jaw Worm","floor":2.0,"turns":5.0},{"damage":0.0,"enemies":"Cultist","floor":4.0,"turns":4.0},{"damage":5.0,"enemies":"Blue Slaver","floor":5.0,"turns":3.0},{"damage":16.0,"enemies":"Lagavulin","floor":6.0,"turns":9.0},{"damage":0.0,"enemies":"Looter","floor":8.0,"turns":3.0},{"damage":1.0,"enemies":"Lots of Slimes","floor":10.0,"turns":4.0},{"damage":20.0,"enemies":"3 Sentries","floor":13.0,"turns":9.0},{"damage":0.0,"enemies":"Blue Slaver","floor":14.0,"turns":4.0},{"damage":16.0,"enemies":"Slime Boss","floor":16.0,"turns":12.0},{"damage":2.0,"enemies":"3 Byrds","floor":18.0,"turns":7.0},{"damage":0.0,"enemies":"Shell Parasite","floor":19.0,"turns":6.0},{"damage":7.0,"enemies":"Snake Plant","floor":20.0,"turns":6.0},{"damage":1.0,"enemies":"Snecko","floor":22.0,"turns":5.0},{"damage":24.0,"enemies":"Slavers","floor":23.0,"turns":9.0},{"damage":15.0,"enemies":"Gremlin Leader","floor":25.0,"turns":6.0},{"damage":0.0,"enemies":"Shelled Parasite and Fungi","floor":27.0,"turns":4.0},{"damage":20.0,"enemies":"Slavers","floor":28.0,"turns":2.0},{"damage":0.0,"enemies":"Snake Plant","floor":29.0,"turns":3.0},{"damage":34.0,"enemies":"Collector","floor":33.0,"turns":9.0},{"damage":0.0,"enemies":"Orb Walker","floor":35.0,"turns":3.0},{"damage":9.0,"enemies":"3 Darklings","floor":37.0,"turns":6.0},{"damage":0,"enemies":"Transient","floor":38,"turns":5},{"damage":0,"enemies":"Giant Head","floor":41,"turns":7},{"damage":1,"enemies":"Spire Growth","floor":42,"turns":6},{"damage":0,"enemies":"4 Shapes","floor":46,"turns":4},{"damage":46,"enemies":"Time Eater","floor":50,"turns":8}],"seed_played":"-7475542977956897814","potions_obtained":[{"floor":2.0,"key":"Block Potion"},{"floor":5.0,"key":"SmokeBomb"},{"floor":10.0,"key":"FearPotion"},{"floor":14.0,"key":"Strength Potion"},{"floor":16.0,"key":"FearPotion"},{"floor":18.0,"key":"AttackPotion"},{"floor":22.0,"key":"Energy Potion"},{"floor":27.0,"key":"Block Potion"},{"floor":33.0,"key":"Dexterity Potion"}],"is_trial":false,"path_per_floor":["M","M","?","M","M","E","R","M","T","M","?","$","E","M","R","B",null,"M","M","M","?","M","E","R","E","T","M","E","M","R","$","R","B",null,"M","?","M","M","$","R","E","M","T","$","R","M","?","?","R","B",null],"character_chosen":"THE_SILENT","items_purchased":["Footwork","Backflip","MealTicket","Energy Potion","Adrenaline","Strawberry","TheAbacus","Expertise"],"campfire_rested":4,"item_purchase_floors":[12,12,12,31,31,39,44,44],"current_hp_per_floor":[65,65,54,54,49,33,54,54,54,53,53,53,33,33,33,17,70,68,68,61,54,53,29,50,35,35,35,15,15,36,51,70,36,70,70,70,61,61,77,77,77,76,76,77,77,77,77,77,77,31],"gold":20,"neow_bonus":"UPGRADE_CARD","is_prod":false,"is_daily":false,"chose_seed":false,"campfire_upgraded":4,"win_rate":0.0,"timestamp":1564949154,"path_taken":["M","M","?","M","M","E","R","M","T","M","?","$","E","M","R","BOSS","M","M","M","?","M","E","R","E","T","M","E","M","R","$","R","BOSS","M","?","M","M","$","R","E","M","T","$","R","M","?","?","R","BOSS"],"build_version":"2019-07-17","purchased_purges":2,"victory":true,"max_hp_per_floor":[70,70,70,70,70,70,70,70,70,70,70,70,70,70,70,70,70,70,70,70,70,70,70,70,70,70,70,70,70,70,70,70,70,70,70,70,70,70,77,77,77,77,77,77,77,77,77,77,77,77],"card_choices":[{"not_picked":["Prepared","Dagger Throw"],"picked":"Deflect","floor":1.0},{"not_picked":["Dagger Spray","PiercingWail"],"picked":"Skewer","floor":2.0},{"not_picked":["Choke","Poisoned Stab"],"picked":"Flying Knee","floor":4.0},{"not_picked":["Expertise","Poisoned Stab"],"picked":"Dash","floor":5.0},{"not_picked":["Dagger Throw","Infinite Blades"],"picked":"Heel Hook","floor":6.0},{"not_picked":["Reflex","Sucker Punch","Escape Plan"],"picked":"SKIP","floor":8.0},{"not_picked":["Deflect","Distraction"],"picked":"Prepared","floor":10.0},{"not_picked":["Backflip","Deflect"],"picked":"Envenom","floor":13.0},{"not_picked":["Dash","Deadly Poison"],"picked":"Escape Plan","floor":14.0},{"not_picked":["Glass Knife","Phantasmal Killer"],"picked":"Adrenaline","floor":16.0},{"not_picked":["Infinite Blades","Blade Dance"],"picked":"Backflip","floor":18.0},{"not_picked":["Dodge and Roll","Prepared"],"picked":"Infinite Blades","floor":19.0},{"not_picked":["PiercingWail","Expertise"],"picked":"Masterful Stab+1","floor":20.0},{"not_picked":["Slice+1","Dodge and Roll"],"picked":"Blur+1","floor":22.0},{"not_picked":["Sucker Punch","Dash"],"picked":"Terror","floor":23.0},{"not_picked":["Prepared+1","Burst"],"picked":"Eviscerate+1","floor":25.0},{"not_picked":["All Out Attack","Acrobatics+1"],"picked":"Reflex","floor":27.0},{"not_picked":["Sucker Punch","Poisoned Stab+1"],"picked":"Dodge and Roll+1","floor":29.0},{"not_picked":["Malaise","Burst"],"picked":"Phantasmal Killer","floor":33.0},{"not_picked":["Poisoned Stab","Crippling Poison"],"picked":"Underhanded Strike","floor":35.0},{"not_picked":["Sucker Punch","Heel Hook"],"picked":"Crippling Poison+1","floor":37.0},{"not_picked":["Quick Slash","Deflect","Dagger Spray"],"picked":"SKIP","floor":38},{"not_picked":["Slice+1","Flying Knee"],"picked":"Predator","floor":41},{"not_picked":["Outmaneuver+1","Dodge and Roll"],"picked":"Acrobatics","floor":42},{"not_picked":["Dodge and Roll+1","Quick Slash"],"picked":"Acrobatics+1","floor":46},{"not_picked":["Discovery","Enlightenment"],"picked":"Impatience","floor":47}],"player_experience":41278,"relics_obtained":[{"floor":6.0,"key":"Snake Skull"},{"floor":9.0,"key":"Paper Crane"},{"floor":13.0,"key":"Ice Cream"},{"floor":23.0,"key":"Potion Belt"},{"floor":25.0,"key":"FossilizedHelix"},{"floor":26.0,"key":"Bronze Scales"},{"floor":41,"key":"Regal Pillow"},{"floor":43,"key":"Centennial Puzzle"}],"event_choices":[{"damage_healed":0.0,"max_hp_gain":0.0,"max_hp_loss":0.0,"gold_gain":75.0,"event_name":"World of Goop","player_choice":"Gather Gold","floor":3.0,"gold_loss":0.0,"damage_taken":11.0},{"damage_healed":0.0,"max_hp_gain":0.0,"max_hp_loss":0.0,"gold_gain":175.0,"event_name":"Liars Game","player_choice":"AGREE","floor":11.0,"gold_loss":0.0,"damage_taken":0.0,"cards_obtained":["Doubt"]},{"damage_healed":0.0,"max_hp_gain":0.0,"max_hp_loss":0.0,"gold_gain":75.0,"event_name":"FaceTrader","player_choice":"Touch","floor":21.0,"gold_loss":0.0,"damage_taken":7.0},{"cards_removed":["Infinite Blades"],"damage_healed":0.0,"max_hp_gain":0.0,"max_hp_loss":0.0,"gold_gain":0.0,"event_name":"Falling","player_choice":"Removed Power","floor":36.0,"gold_loss":0.0,"damage_taken":0.0},{"damage_healed":0,"gold_gain":0,"player_choice":"Memory 1","damage_taken":0,"max_hp_gain":0,"max_hp_loss":0,"event_name":"SensoryStone","floor":47,"gold_loss":0},{"damage_healed":0,"gold_gain":0,"player_choice":"Ignored","damage_taken":0,"max_hp_gain":0,"max_hp_loss":0,"event_name":"SecretPortal","floor":48,"gold_loss":0}],"is_beta":false,"boss_relics":[{"not_picked":["Fusion Hammer","Empty Cage"],"picked":"HoveringKite"},{"not_picked":["Cursed Key","White Beast Statue"],"picked":"Sozu"}],"items_purged_floors":[12,31],"is_endless":false,"potions_floor_spawned":[2,5,10,14,16,18,22,27,33,37,46],"ascension_level":0}