{"gold_per_floor":[110,110,129,148,8,34,34,34,34,54,78,91,91,120,120,215,215,229,229,245,261,360,392,409,409,409,439,439,457,97,97,97,194,194,208,228,47,57,0,10,10],"floor_reached":41,"playtime":3975,"items_purged":[],"score":604,"play_id":"b42bb639-9842-41a0-bcf8-66161c0b4ec8","local_time":"20190810155108","is_ascension_mode":true,"campfire_choices":[{"floor":7,"key":"REST"},{"floor":13,"key":"REST"},{"data":"Footwork","floor":15,"key":"SMITH"},{"data":"Dodge and Roll","floor":25,"key":"SMITH"},{"data":"Neutralize","floor":32,"key":"SMITH"}],"neow_cost":"NONE","seed_source_timestamp":396109968937977,"circlet_count":0,"master_deck":["Strike_G","Strike_G","Defend_G","Defend_G","Defend_G","Defend_G","Defend_G","Survivor","Neutralize+1","Dodge and Roll","Backflip","Venomology","Well Laid Plans","Footwork+1","Deadly Poison+1","Deadly Poison","Escape Plan","Corpse Explosion","Leg Sweep+1","Dodge and Roll+1","PiercingWail+1","Infinite Blades+1","Envenom","Backflip+1","Deflect","Dodge and Roll+1","Bandage Up","Infinite Blades","Crippling Poison","Burst","Predator+1","Quick Slash+1","Dash+1","Poisoned Stab+1","PiercingWail","Cloak And Dagger+1","Sadistic Nature","Backflip","Escape Plan","Cloak And Dagger+1"],"relics":["Ring of the Snake","NeowsBlessing","Kunai","Prayer Wheel","Pear","Bronze Scales","Art of War","Coffee Dripper","War Paint","Bottled Lightning","Dream Catcher","Happy Flower","Astrolabe","Red Mask"],"potions_floor_usage":[6,16,16,16,16,18,21,23,27,28,28,28,33,33,36,38,40,41,41,41],"damage_taken":[{"damage":0,"enemies":"Small Slimes","floor":1,"turns":1},{"damage":0,"enemies":"Cultist","floor":3,"turns":1},{"damage":0,"enemies":"Jaw Worm","floor":4,"turns":1},{"damage":58,"enemies":"Lagavulin","floor":6,"turns":18},{"damage":3,"enemies":"Blue Slaver","floor":10,"turns":6},{"damage":0,"enemies":"Looter","floor":12,"turns":3},{"damage":27,"enemies":"3 Sentries","floor":14,"turns":10},{"damage":8,"enemies":"Slime Boss","floor":16,"turns":21},{"damage":0,"enemies":"3 Byrds","floor":18,"turns":4},{"damage":12,"enemies":"2 Thieves","floor":20,"turns":4},{"damage":7,"enemies":"Cultist and Chosen","floor":21,"turns":7},{"damage":10,"enemies":"Slavers","floor":23,"turns":3},{"damage":4,"enemies":"Shelled Parasite and Fungi","floor":24,"turns":6},{"damage":2,"enemies":"Gremlin Leader","floor":27,"turns":8},{"damage":0,"enemies":"Colosseum Slavers","floor":28,"turns":4},{"damage":0,"enemies":"Colosseum Nobs","floor":28,"turns":2},{"damage":4,"enemies":"Centurion and Healer","floor":29,"turns":4},{"damage":16,"enemies":"Collector","floor":33,"turns":11},{"damage":8,"enemies":"3 Darklings","floor":35,"turns":5},{"damage":2,"enemies":"Orb Walker","floor":36,"turns":4},{"damage":22,"enemies":"Spire Growth","floor":38,"turns":4},{"damage":49,"enemies":"Transient","floor":40,"turns":5},{"damage":4,"enemies":"Nemesis","floor":41,"turns":2}],"seed_played":"2687043634220940479","potions_obtained":[{"floor":1,"key":"SkillPotion"},{"floor":6,"key":"Energy Potion"},{"floor":12,"key":"Fire Potion"},{"floor":14,"key":"Dexterity Potion"},{"floor":20,"key":"Regen Potion"},{"floor":24,"key":"Explosive Potion"},{"floor":29,"key":"AttackPotion"},{"floor":40,"key":"Dexterity Potion"}],"is_trial":false,"path_per_floor":["M","?","M","M","$","E","R","$","T","M","T","M","R","E","R","B",null,"M","?","M","M","?","E","M","R","T","E","?","M","$","?","R","B",null,"M","M","$","M","?","M","E"],"character_chosen":"THE_SILENT","items_purchased":["Venomology","Well Laid Plans","Bandage Up","Happy Flower","Infinite Blades","Crippling Poison","Sadistic Nature"],"campfire_rested":2,"item_purchase_floors":[5,5,30,30,30,30,37],"current_hp_per_floor":[70,70,70,70,70,12,33,33,43,40,40,40,64,37,37,29,67,80,65,53,61,61,51,47,47,47,45,45,41,41,41,41,29,71,67,65,65,47,47,2,0],"gold":10,"neow_bonus":"THREE_ENEMY_KILL","is_prod":false,"is_daily":false,"chose_seed":false,"campfire_upgraded":3,"win_rate":0,"timestamp":1565466668,"path_taken":["M","?","?","M","$","E","R","?","T","?","?","?","R","E","R","BOSS","M","?","M","M","?","E","M","R","T","E","?","?","$","?","R","BOSS","M","M","$","M","?","M","E"],"build_version":"2019-07-17","purchased_purges":0,"victory":false,"max_hp_per_floor":[70,70,70,70,70,70,70,70,80,80,80,80,80,80,80,80,80,80,85,85,85,85,85,85,85,85,85,85,85,85,85,85,85,85,85,85,85,85,85,85,85],"card_choices":[{"not_picked":["Endless Agony","PiercingWail","Deflect"],"picked":"SKIP","floor":1},{"not_picked":["Concentrate","Heel Hook"],"picked":"Dodge and Roll","floor":3},{"not_picked":["Deflect","Outmaneuver"],"picked":"Backflip","floor":4},{"not_picked":["Eviscerate","Prepared"],"picked":"Footwork","floor":6},{"not_picked":["Underhanded Strike","Acrobatics"],"picked":"Deadly Poison","floor":10},{"not_picked":["Prepared","PiercingWail","Sucker Punch"],"picked":"SKIP","floor":10},{"not_picked":["Glass Knife","Dagger Spray"],"picked":"Deadly Poison","floor":12},{"not_picked":["Prepared","Outmaneuver","Acrobatics"],"picked":"SKIP","floor":12},{"not_picked":["Unload","Dodge and Roll"],"picked":"Escape Plan","floor":14},{"not_picked":["Malaise","Wraith Form v2"],"picked":"Corpse Explosion","floor":16},{"not_picked":["Crippling Poison","Backstab"],"picked":"Leg Sweep","floor":18},{"not_picked":["Expertise+1","Prepared+1","Heel Hook"],"picked":"SKIP","floor":18},{"not_picked":["Deadly Poison+1","Outmaneuver+1"],"picked":"Dodge and Roll","floor":20},{"not_picked":["Skewer","Eviscerate"],"picked":"PiercingWail+1","floor":20},{"not_picked":["Endless Agony","Underhanded Strike"],"picked":"Infinite Blades+1","floor":21},{"not_picked":["Flying Knee","Heel Hook","Masterful Stab"],"picked":"SKIP","floor":21},{"not_picked":["Sucker Punch","Dodge and Roll","Cloak And Dagger"],"picked":"SKIP","floor":23},{"not_picked":["Expertise","Dagger Spray"],"picked":"Envenom","floor":24},{"not_picked":["Distraction","Dash","Quick Slash"],"picked":"SKIP","floor":24},{"not_picked":["Sucker Punch","Dagger Spray"],"picked":"Backflip+1","floor":27},{"not_picked":["Acrobatics+1","Dagger Throw"],"picked":"Deflect","floor":29},{"not_picked":["Dagger Spray","Backflip"],"picked":"Dodge and Roll+1","floor":29},{"not_picked":["Die Die Die","Malaise"],"picked":"Burst","floor":33},{"not_picked":["Leg Sweep+1","Underhanded Strike"],"picked":"Poisoned Stab+1","floor":35},{"not_picked":["Prepared+1","Quick Slash+1"],"picked":"PiercingWail","floor":35},{"not_picked":["Calculated Gamble+1","Choke"],"picked":"Cloak And Dagger+1","floor":36},{"not_picked":["Outmaneuver+1","Doppelganger","Prepared"],"picked":"SKIP","floor":36},{"not_picked":["Endless Agony+1","Expertise"],"picked":"Backflip","floor":38},{"not_picked":["Deflect+1","Accuracy"],"picked":"Escape Plan","floor":38},{"not_picked":["Quick Slash+1","PiercingWail+1"],"picked":"Cloak And Dagger+1","floor":40},{"not_picked":["PiercingWail","Dagger Throw","Die Die Die"],"picked":"SKIP","floor":40}],"player_experience":149992,"relics_obtained":[{"floor":6,"key":"Prayer Wheel"},{"floor":9,"key":"Pear"},{"floor":11,"key":"Bronze Scales"},{"floor":14,"key":"Art of War"},{"floor":23,"key":"War Paint"},{"floor":26,"key":"Bottled Lightning"},{"floor":27,"key":"Dream Catcher"}],"event_choices":[{"damage_healed":0,"gold_gain":0,"player_choice":"Gave Potion","damage_taken":0,"relics_obtained":["Kunai"],"max_hp_gain":0,"max_hp_loss":0,"event_name":"WeMeetAgain","floor":2,"gold_loss":0},{"damage_healed":0,"gold_gain":0,"player_choice":"Shed Blood","damage_taken":20,"max_hp_gain":5,"max_hp_loss":0,"event_name":"Forgotten Altar","floor":19,"gold_loss":0},{"damage_healed":0,"gold_gain":99,"player_choice":"Stole From Cult","damage_taken":0,"max_hp_gain":0,"max_hp_loss":0,"event_name":"Nest","floor":22,"gold_loss":0},{"damage_healed":0,"gold_gain":0,"player_choice":"Fight","damage_taken":0,"max_hp_gain":0,"max_hp_loss":0,"event_name":"Colosseum","floor":28,"gold_loss":0},{"damage_healed":0,"gold_gain":0,"player_choice":"Fought Nobs","damage_taken":0,"max_hp_gain":0,"max_hp_loss":0,"event_name":"Colosseum","floor":28,"gold_loss":0},{"damage_healed":0,"gold_gain":0,"player_choice":"Ignored","damage_taken":0,"max_hp_gain":0,"max_hp_loss":0,"event_name":"Ghosts","floor":31,"gold_loss":0},{"damage_healed":0,"gold_gain":0,"player_choice":"Paid","damage_taken":0,"relics_obtained":["Red Mask"],"max_hp_gain":0,"max_hp_loss":0,"event_name":"Tomb of Lord Red Mask","floor":39,"gold_loss":57}],"is_beta":false,"boss_relics":[{"not_picked":["Fusion Hammer","Pandora\u0027s Box"],"picked":"Coffee Dripper"},{"not_picked":["Busted Crown","Velvet Choker"],"picked":"Astrolabe"}],"items_purged_floors":[],"is_endless":false,"potions_floor_spawned":[1,6,12,14,20,24,27,28,29,38,40],"killed_by":"Nemesis","ascension_level":5}