{"gold_per_floor":[116,116,116,39,39,68,68,99,126,140,140,140],"floor_reached":12,"playtime":291,"items_purged":[],"score":139,"play_id":"ce814d9a-074d-4a54-98a5-967d8406ff88","local_time":"20190128174232","is_ascension_mode":true,"campfire_choices":[{"data":"Whirlwind","floor":11.0,"key":"SMITH"}],"neow_cost":"NONE","seed_source_timestamp":32122968102184,"circlet_count":0,"master_deck":["AscendersBane","Strike_R","Strike_R","Strike_R","Defend_R+1","Defend_R+1","Defend_R","Defend_R","Bash","Spot Weakness","Whirlwind+1"],"special_seed":0,"relics":["Burning Blood","Bag of Marbles","Blue Candle","Ice Cream","Happy Flower"],"potions_floor_usage":[],"damage_taken":[{"damage":10.0,"enemies":"Small Slimes","floor":1.0,"turns":4.0},{"damage":23.0,"enemies":"3 Sentries","floor":6.0,"turns":5.0},{"damage":44.0,"enemies":"Lagavulin","floor":8.0,"turns":7.0},{"damage":0.0,"enemies":"2 Louse","floor":10.0,"turns":1.0},{"damage":22,"enemies":"3 Sentries","floor":12,"turns":3}],"seed_played":"-4333067989055074962","potions_obtained":[{"floor":1.0,"key":"SkillPotion"},{"floor":6.0,"key":"Regen Potion"}],"is_trial":false,"path_per_floor":["M","?","?","$","?","E","?","E","T","M","R","E"],"character_chosen":"IRONCLAD","items_purchased":["Whirlwind"],"campfire_rested":0,"item_purchase_floors":[4],"current_hp_per_floor":[68,61,61,61,66,49,32,9,9,15,15,0],"gold":140,"neow_bonus":"RANDOM_COMMON_RELIC","is_prod":false,"is_daily":false,"chose_seed":false,"campfire_upgraded":1,"win_rate":0,"timestamp":1548668552,"path_taken":["M","?","?","$","?","E","?","E","T","M","R","E"],"build_version":"2019-01-23","purchased_purges":0,"victory":false,"max_hp_per_floor":[80,80,80,80,85,85,85,85,85,85,85,85],"card_choices":[{"not_picked":["Fire Breathing","Body Slam","Sword Boomerang"],"picked":"SKIP","floor":1.0},{"not_picked":["Anger","Twin Strike","Cleave"],"picked":"SKIP","floor":6.0},{"not_picked":["Burning Pact","Inflame","Pommel Strike"],"picked":"SKIP","floor":8.0},{"not_picked":["Uppercut","Disarm","Body Slam"],"picked":"SKIP","floor":10.0}],"player_experience":706167,"relics_obtained":[{"floor":6.0,"key":"Blue Candle"},{"floor":8.0,"key":"Ice Cream"},{"floor":9.0,"key":"Happy Flower"}],"event_choices":[{"cards_removed":["Strike_R"],"damage_healed":0.0,"max_hp_gain":0.0,"max_hp_loss":0.0,"gold_gain":0.0,"event_name":"Golden Wing","player_choice":"Card Removal","floor":2.0,"gold_loss":0.0,"damage_taken":7.0},{"damage_healed":0.0,"max_hp_gain":0.0,"max_hp_loss":0.0,"gold_gain":0.0,"cards_transformed":["Strike_R"],"event_name":"Living Wall","player_choice":"Change","floor":3.0,"gold_loss":0.0,"damage_taken":0.0,"cards_obtained":["Spot Weakness"]},{"damage_healed":0.0,"max_hp_gain":5.0,"max_hp_loss":0.0,"gold_gain":0.0,"event_name":"Big Fish","player_choice":"Donut","floor":5.0,"gold_loss":0.0,"damage_taken":0.0},{"damage_healed":0.0,"max_hp_gain":0.0,"max_hp_loss":0.0,"gold_gain":0.0,"event_name":"Shining Light","player_choice":"Entered Light","floor":7.0,"gold_loss":0.0,"damage_taken":17.0,"cards_upgraded":["Defend_R","Defend_R"]}],"is_beta":true,"boss_relics":[],"items_purged_floors":[],"is_endless":false,"potions_floor_spawned":[1,6],"killed_by":"3 Sentries","ascension_level":13}