{"gold_per_floor":[116,41,216,216,229,258,268,268,318,329,329,389,147,161,161,261,261,274,274,125,125,57,83,8,8,8,8,28,43,60,70,70,169,169,182,182,182,182,192,192,245,245,245,263,61,76,76,91,91,91],"floor_reached":51,"playtime":2475,"items_purged":["Parasite","Doubt"],"score":765,"play_id":"643bb585-b657-4600-9b6f-67a829d76cad","local_time":"20180722171022","is_ascension_mode":false,"campfire_choices":[{"data":"Neutralize","floor":8.0,"key":"SMITH"},{"data":"Apotheosis","floor":15.0,"key":"SMITH"},{"floor":32.0,"key":"REST"},{"data":"After Image","floor":40,"key":"SMITH"},{"floor":42,"key":"REST"},{"floor":49,"key":"REST"}],"neow_cost":"NONE","seed_source_timestamp":29790453983700,"circlet_count":0,"master_deck":["Defend_G","Defend_G","Defend_G","Defend_G","Defend_G","Strike_G","Strike_G","Strike_G","Strike_G+1","Strike_G","Survivor","Neutralize+1","Dagger Throw","Die Die Die","Night Terror","Neutralize+1","Leg Sweep","Die Die Die","PiercingWail","Deadly Poison","Corpse Explosion","Apotheosis+1","Flying Knee","Dagger Spray","Infinite Blades","After Image+1","Crippling Poison+1","Distraction+1","Catalyst+1","Noxious Fumes","Escape Plan+1","Bouncing Flask+1","Deadly Poison+1","Decay","Catalyst+1","Expertise+1","After Image","Deflect+1","Acrobatics+1","Accuracy","Escape Plan+1","PiercingWail+1","Burst+1","Backflip+1","Calculated Gamble+1","Dodge and Roll+1","After Image","Catalyst+1","Noxious Fumes+1","Cloak And Dagger+1","Bouncing Flask+1","PiercingWail+1","Footwork","Venomology+1","Prepared+1","Madness+1","Madness+1","Calculated Gamble+1","Sucker Punch"],"special_seed":0,"relics":["Ring of the Snake","NeowsBlessing","Omamori","Whetstone","Ninja Scroll","Prayer Wheel","Calling Bell","Blood Vial","Toxic Egg 2","The Specimen","Anchor","Bottled Lightning","Lizard Tail","Strawberry","Turnip","Pantograph"],"potions_floor_usage":[33,33,33,50,50],"damage_taken":[{"damage":0.0,"enemies":"2 Louse","floor":1.0,"turns":1.0},{"damage":0.0,"enemies":"Small Slimes","floor":5.0,"turns":1.0},{"damage":0.0,"enemies":"Lagavulin","floor":6.0,"turns":1.0},{"damage":1.0,"enemies":"Cultist","floor":7.0,"turns":4.0},{"damage":0.0,"enemies":"Looter","floor":10.0,"turns":3.0},{"damage":3.0,"enemies":"3 Sentries","floor":12.0,"turns":4.0},{"damage":12.0,"enemies":"Blue Slaver","floor":14.0,"turns":2.0},{"damage":17.0,"enemies":"The Guardian","floor":16.0,"turns":9.0},{"damage":10.0,"enemies":"2 Thieves","floor":18.0,"turns":3.0},{"damage":51.0,"enemies":"Slavers","floor":23.0,"turns":5.0},{"damage":2.0,"enemies":"Spheric Guardian","floor":28.0,"turns":3.0},{"damage":4.0,"enemies":"Cultist and Chosen","floor":29.0,"turns":4.0},{"damage":5.0,"enemies":"Centurion and Healer","floor":30.0,"turns":3.0},{"damage":2.0,"enemies":"Snecko","floor":31.0,"turns":6.0},{"damage":27,"enemies":"Champ","floor":33,"turns":7},{"damage":5,"enemies":"Flame Bruiser 1 Orb","floor":35,"turns":5},{"damage":2,"enemies":"Orb Walker","floor":39,"turns":3},{"damage":33,"floor":41,"turns":4},{"damage":16,"enemies":"Spire Growth","floor":44,"turns":6},{"damage":3,"enemies":"Maw","floor":46,"turns":5},{"damage":29,"enemies":"Sphere and 2 Shapes","floor":48,"turns":5},{"damage":60,"enemies":"Donu and Deca","floor":50,"turns":12}],"seed_played":"-2710795457099612975","potions_obtained":[{"floor":1.0,"key":"EssenceOfSteel"},{"floor":5.0,"key":"PowerPotion"},{"floor":10.0,"key":"PowerPotion"},{"floor":16.0,"key":"Explosive Potion"},{"floor":23.0,"key":"FearPotion"},{"floor":29.0,"key":"Energy Potion"},{"floor":33,"key":"SpeedPotion"},{"floor":35,"key":"AttackPotion"},{"floor":41,"key":"Swift Potion"}],"is_trial":false,"path_per_floor":["M","$","?","?","M","E","M","R","T","M","?","?","$","M","R","B",null,"M","?","$","?","$","E","$","?","T","?","M","M","M","M","R","B",null,"M","?","T","?","M","R","?","R","T","M","$","M","?","M","R","B"],"character_chosen":"THE_SILENT","items_purchased":["Die Die Die","Apotheosis","Flying Knee","Noxious Fumes","Escape Plan+1","Bouncing Flask+1","PiercingWail+1","Footwork"],"campfire_rested":3,"item_purchase_floors":[2,13,13,20,20,22,45,45],"current_hp_per_floor":[70,70,70,70,70,70,69,69,69,69,69,66,66,54,54,37,70,60,60,60,60,60,11,11,11,11,11,11,9,6,6,26,1,67,62,62,69,69,69,69,38,60,60,46,46,45,36,9,31,37],"gold":91,"neow_bonus":"THREE_ENEMY_KILL","is_prod":false,"is_daily":false,"chose_seed":false,"campfire_upgraded":3,"win_rate":0,"timestamp":1532250622,"path_taken":["M","$","?","?","M","E","M","R","T","M","?","?","$","M","R","BOSS","M","?","$","?","$","E","$","?","T","?","M","M","M","M","R","BOSS","M","?","?","?","M","R","?","R","T","M","$","M","?","?","R","BOSS"],"build_version":"2018-07-19v2","purchased_purges":2,"victory":true,"max_hp_per_floor":[70,70,70,70,70,70,70,70,70,70,70,70,70,70,70,70,70,70,70,70,70,70,70,67,67,67,67,67,67,67,67,67,67,67,67,67,74,74,74,74,74,74,74,74,74,74,74,74,74,74],"card_choices":[{"not_picked":["Backstab","Deadly Poison"],"picked":"Dagger Throw","floor":1.0},{"not_picked":["Dodge and Roll","Acrobatics"],"picked":"Leg Sweep","floor":5.0},{"not_picked":["Expertise","Underhanded Strike"],"picked":"Die Die Die","floor":6.0},{"not_picked":["Footwork","Calculated Gamble"],"picked":"PiercingWail","floor":7.0},{"not_picked":["Acrobatics","Bane"],"picked":"Deadly Poison","floor":10.0},{"not_picked":["Poisoned Stab","Reflex"],"picked":"Corpse Explosion","floor":12.0},{"not_picked":["Cloak And Dagger","Finisher"],"picked":"Dagger Spray","floor":14.0},{"not_picked":["Deflect","Slice"],"picked":"Infinite Blades","floor":14.0},{"not_picked":["Venomology","Wraith Form v2"],"picked":"After Image","floor":16.0},{"not_picked":["Sucker Punch","Deflect+1"],"picked":"Crippling Poison+1","floor":18.0},{"not_picked":["Dagger Spray","Flying Knee"],"picked":"Distraction+1","floor":18.0},{"not_picked":["Dodge and Roll+1","Flying Knee"],"picked":"Deadly Poison+1","floor":23.0},{"not_picked":["PiercingWail+1","Deflect+1"],"picked":"Catalyst+1","floor":28.0},{"not_picked":["Underhanded Strike","Eviscerate+1"],"picked":"Expertise+1","floor":28.0},{"not_picked":["Accuracy","Sucker Punch+1"],"picked":"After Image","floor":29.0},{"not_picked":["Flying Knee+1","Tactician+1"],"picked":"Deflect+1","floor":29.0},{"not_picked":["Endless Agony","Deadly Poison+1"],"picked":"Acrobatics+1","floor":30.0},{"not_picked":["Terror+1","Unload"],"picked":"Accuracy","floor":30.0},{"not_picked":["Predator","Flechettes"],"picked":"Escape Plan+1","floor":31.0},{"not_picked":["Noxious Fumes","Dagger Throw"],"picked":"PiercingWail+1","floor":31.0},{"not_picked":["Tools of the Trade","Unload"],"picked":"Burst+1","floor":33},{"not_picked":["Dagger Throw+1","Riddle With Holes+1"],"picked":"Backflip+1","floor":35},{"not_picked":["Acrobatics+1","Leg Sweep+1"],"picked":"Calculated Gamble+1","floor":35},{"not_picked":["Escape Plan+1","PiercingWail+1"],"picked":"Catalyst+1","floor":39},{"not_picked":["Sucker Punch","Underhanded Strike"],"picked":"Noxious Fumes+1","floor":39},{"not_picked":["Backflip+1","PiercingWail+1"],"picked":"Cloak And Dagger+1","floor":44},{"not_picked":["Dagger Throw","Dagger Spray+1"],"picked":"Bouncing Flask+1","floor":44},{"not_picked":["Deadly Poison+1","Underhanded Strike+1"],"picked":"Venomology+1","floor":46},{"not_picked":["Poisoned Stab","Backflip+1"],"picked":"Prepared+1","floor":46},{"not_picked":["Dagger Throw+1","Slice+1"],"picked":"Calculated Gamble+1","floor":48},{"not_picked":["Dagger Throw+1","Expertise+1"],"picked":"Sucker Punch","floor":48}],"player_experience":157197,"relics_obtained":[{"floor":6.0,"key":"Omamori"},{"floor":9.0,"key":"Whetstone"},{"floor":12.0,"key":"Prayer Wheel"},{"floor":17.0,"key":"Blood Vial"},{"floor":17.0,"key":"Toxic Egg 2"},{"floor":17.0,"key":"The Specimen"},{"floor":23.0,"key":"Anchor"},{"floor":26.0,"key":"Bottled Lightning"},{"floor":37,"key":"Strawberry"},{"floor":41,"key":"Turnip"},{"floor":43,"key":"Pantograph"}],"event_choices":[{"event_name":"Liars Game","player_choice":"agreed","floor":3.0,"damage_taken":0.0},{"event_name":"Match and Keep!","player_choice":"2 cards matched","floor":4.0,"damage_taken":0.0},{"event_name":"Wheel of Change","player_choice":"Relic","floor":11.0,"damage_taken":0.0},{"event_name":"Dead Adventurer","player_choice":"Searched \u00271\u0027 times","floor":12.0,"damage_taken":0.0},{"event_name":"The Library","player_choice":"Read","floor":19.0,"damage_taken":0.0},{"event_name":"Addict","player_choice":"Ignored","floor":21.0,"damage_taken":0.0},{"event_name":"Cursed Tome","player_choice":"Ignored","floor":25.0,"damage_taken":0.0},{"event_name":"Forgotten Altar","player_choice":"Smashed Altar","floor":27.0,"damage_taken":0.0},{"event_name":"Match and Keep!","player_choice":"2 cards matched","floor":36,"damage_taken":0},{"event_name":"Tomb of Lord Red Mask","player_choice":"Ignored","floor":38,"damage_taken":0},{"event_name":"Mysterious Sphere","player_choice":"Fight","floor":41,"damage_taken":0},{"event_name":"Winding Halls","player_choice":"Embrace Madness","floor":47,"damage_taken":0}],"is_beta":false,"boss_relics":[{"not_picked":["Snecko Eye","Empty Cage"],"picked":"Calling Bell"},{"not_picked":["Philosopher\u0027s Stone","Velvet Choker"],"picked":"Lizard Tail"}],"items_purged_floors":[24,45],"is_endless":false,"potions_floor_spawned":[1,5,10,16,23,29,33,35,41],"ascension_level":0}