{"gold_per_floor":[111,111,111,125,145,145,176,176,231,257,222,222,148,161,161,259,259,275,290,100,100,8,37,49,87,99,129,69,100,4,62,62,62],"floor_reached":33,"playtime":1171,"items_purged":["Strike_B"],"score":598,"play_id":"67e57940-21fb-4e7c-b6fd-c68910856dcd","local_time":"20181007190228","is_ascension_mode":true,"campfire_choices":[{"data":"Sunder","floor":6.0,"key":"SMITH"},{"data":"Go for the Eyes","floor":8.0,"key":"SMITH"},{"data":"Dualcast","floor":12.0,"key":"SMITH"},{"data":"Steam","floor":15,"key":"SMITH"},{"floor":24,"key":"REST"},{"floor":32,"key":"REST"}],"neow_cost":"NONE","seed_source_timestamp":4587072833585,"circlet_count":0,"master_deck":["Strike_B+1","Strike_B+1","Defend_B","Defend_B","Defend_B+1","Defend_B","Zap+1","Dualcast+1","AscendersBane","Rebound+1","Sunder+1","Ball Lightning","Go for the Eyes+1","Hello World","Steam+1","All For One","Beam Cell","Chill+1","Turbo","Deep Breath","Reprogram","Cold Snap","Melter","Stack","Fission","Multi-Cast","Enlightenment"],"special_seed":0,"relics":["Cracked Core","Art of War","Whetstone","PreservedInsect","Nuclear Battery","MawBank","Centennial Puzzle","Mango","Red Mask","Tiny Chest"],"potions_floor_usage":[25,31,33],"damage_taken":[{"damage":6.0,"enemies":"Cultist","floor":1.0,"turns":3.0},{"damage":0.0,"enemies":"Small Slimes","floor":4.0,"turns":2.0},{"damage":7.0,"enemies":"Jaw Worm","floor":5.0,"turns":2.0},{"damage":12.0,"enemies":"3 Sentries","floor":7.0,"turns":5.0},{"damage":4.0,"enemies":"2 Fungi Beasts","floor":14.0,"turns":2.0},{"damage":0,"enemies":"The Guardian","floor":16,"turns":12},{"damage":19,"enemies":"Shell Parasite","floor":18,"turns":4},{"damage":7,"enemies":"Chosen","floor":19,"turns":3},{"damage":14,"enemies":"Slavers","floor":23,"turns":4},{"damage":0,"enemies":"Gremlin Leader","floor":25,"turns":8},{"damage":22,"enemies":"Snake Plant","floor":27,"turns":3},{"damage":7,"enemies":"Masked Bandits","floor":29,"turns":3},{"damage":18,"enemies":"Book of Stabbing","floor":31,"turns":4},{"damage":45,"enemies":"Champ","floor":33,"turns":9}],"seed_played":"-8846831759031380805","potions_obtained":[{"floor":5.0,"key":"SteroidPotion"},{"floor":14,"key":"Energy Potion"},{"floor":18,"key":"Energy Potion"},{"floor":23,"key":"FocusPotion"},{"floor":27,"key":"Energy Potion"}],"is_trial":false,"path_per_floor":["M","?","?","M","M","R","E","R","T","T","?","R","$","M","R","B",null,"M","M","$","?","$","E","R","E","T","M","$","?","$","E","R"],"character_chosen":"DEFECT","items_purchased":["Hello World","Turbo","Deep Breath","Reprogram","Cold Snap","Fission","Enlightenment"],"campfire_rested":2,"item_purchase_floors":[13,20,20,22,22,28,30],"current_hp_per_floor":[62,55,40,40,33,33,21,21,21,21,39,39,39,35,35,35,65,46,39,39,32,32,18,40,40,54,32,32,25,25,7,33,0],"gold":62,"neow_bonus":"UPGRADE_CARD","is_prod":false,"is_daily":false,"chose_seed":false,"campfire_upgraded":4,"win_rate":0,"timestamp":1538910148,"path_taken":["M","?","?","M","?","R","E","R","T","?","?","R","$","M","R","BOSS","M","M","$","?","?","E","R","E","T","?","$","?","$","E","R","BOSS"],"build_version":"2018-10-04","purchased_purges":1,"victory":false,"max_hp_per_floor":[75,75,75,75,75,75,75,75,75,75,75,75,75,75,75,75,75,75,75,75,75,75,75,75,75,89,89,89,89,89,89,89,89],"card_choices":[{"not_picked":["Turbo","Heatsinks"],"picked":"Rebound","floor":1.0},{"not_picked":["Turbo","Self Repair"],"picked":"Sunder","floor":4.0},{"not_picked":["Darkness","Aggregate"],"picked":"Ball Lightning","floor":5.0},{"not_picked":["Hologram","Stack"],"picked":"Go for the Eyes","floor":7.0},{"not_picked":["Sunder","Beam Cell"],"picked":"Steam","floor":14},{"not_picked":["Amplify","Thunder Strike"],"picked":"All For One","floor":16},{"not_picked":["Coolheaded","Compile Driver"],"picked":"Beam Cell","floor":18},{"not_picked":["Streamline","Double Energy"],"picked":"Chill+1","floor":19},{"not_picked":["Recycle","Lockon","Steam"],"picked":"SKIP","floor":23},{"not_picked":["Scrape","Turbo+1"],"picked":"Melter","floor":25},{"not_picked":["Go for the Eyes","Hologram"],"picked":"Stack","floor":27},{"not_picked":["Barrage","Hologram"],"picked":"Multi-Cast","floor":29},{"not_picked":["Coolheaded","Streamline+1","Echo Form"],"picked":"SKIP","floor":31}],"player_experience":429537,"relics_obtained":[{"floor":7.0,"key":"Art of War"},{"floor":9.0,"key":"Whetstone"},{"floor":10.0,"key":"PreservedInsect"},{"floor":23,"key":"MawBank"},{"floor":25,"key":"Centennial Puzzle"},{"floor":26,"key":"Mango"},{"floor":29,"key":"Red Mask"},{"floor":31,"key":"Tiny Chest"}],"event_choices":[{"event_name":"Golden Wing","player_choice":"Card Removal","floor":2.0,"damage_taken":0.0},{"event_name":"Shining Light","player_choice":"Entered Light","floor":3.0,"damage_taken":0.0},{"event_name":"The Cleric","player_choice":"Healed","floor":11.0,"damage_taken":0.0},{"event_name":"Wheel of Change","player_choice":"Damage","floor":21,"damage_taken":0},{"event_name":"Masked Bandits","player_choice":"Fought Bandits","floor":29,"damage_taken":0}],"is_beta":true,"boss_relics":[{"not_picked":["Tiny House","Eternal Feather"],"picked":"Nuclear Battery"}],"items_purged_floors":[20],"is_endless":false,"potions_floor_spawned":[5,14,18,23,27],"killed_by":"Champ","ascension_level":12}