{"gold_per_floor":[209,209,229,239,64,64,64,64,64,64,94,43,43,57,57,57],"floor_reached":16,"playtime":260,"items_purged":[],"score":196,"play_id":"0c268e61-5db5-40c4-ae27-717c7c7123ff","local_time":"20190407113413","is_ascension_mode":true,"campfire_choices":[{"data":"Sunder","floor":6.0,"key":"SMITH"},{"data":"Consume","floor":8.0,"key":"SMITH"},{"data":"Doom and Gloom","floor":10.0,"key":"SMITH"},{"floor":15.0,"key":"REST"}],"neow_cost":"NONE","seed_source_timestamp":334304952374,"circlet_count":0,"master_deck":["AscendersBane","Strike_B","Strike_B","Strike_B","Strike_B","Defend_B","Defend_B","Defend_B","Defend_B","Zap","Dualcast","Ball Lightning","Sunder+1","Consume+1","Self Repair","Doom and Gloom+1","Beam Cell+1"],"special_seed":0,"relics":["Cracked Core","DataDisk","Blood Vial","Molten Egg 2"],"potions_floor_usage":[16],"damage_taken":[{"damage":10.0,"enemies":"Small Slimes","floor":1.0,"turns":3.0},{"damage":0.0,"enemies":"2 Louse","floor":3.0,"turns":2.0},{"damage":7.0,"enemies":"Jaw Worm","floor":4.0,"turns":2.0},{"damage":35.0,"enemies":"Lagavulin","floor":11.0,"turns":4.0},{"damage":0.0,"enemies":"2 Fungi Beasts","floor":14.0,"turns":2.0},{"damage":37,"enemies":"The Guardian","floor":16,"turns":7}],"seed_played":"-8706622177878860374","potions_obtained":[{"floor":4.0,"key":"Energy Potion"},{"floor":14.0,"key":"SteroidPotion"}],"is_trial":false,"path_per_floor":["M","?","M","M","$","R","?","R","T","R","E","?","?","M","R","B"],"character_chosen":"DEFECT","items_purchased":["Self Repair","Doom and Gloom"],"campfire_rested":1,"item_purchase_floors":[5,5],"current_hp_per_floor":[54,43,43,36,36,36,36,36,36,36,10,10,10,12,33,0],"gold":57,"neow_bonus":"HUNDRED_GOLD","is_prod":false,"is_daily":false,"chose_seed":false,"campfire_upgraded":3,"win_rate":0,"timestamp":1554608053,"path_taken":["M","?","M","M","$","R","?","R","T","R","E","?","?","M","R","BOSS"],"build_version":"2019-01-23","purchased_purges":0,"victory":false,"max_hp_per_floor":[71,71,71,71,71,71,71,71,71,71,71,71,71,71,71,71],"card_choices":[{"not_picked":["Leap","Coolheaded"],"picked":"Ball Lightning","floor":1.0},{"not_picked":["Stack","Capacitor"],"picked":"Sunder","floor":3.0},{"not_picked":["Hologram","Gash"],"picked":"Consume","floor":4.0},{"not_picked":["Compile Driver","Gash","Rebound"],"picked":"SKIP","floor":11.0},{"not_picked":["Ball Lightning+1","Turbo"],"picked":"Beam Cell+1","floor":14.0}],"player_experience":921926,"relics_obtained":[{"floor":9.0,"key":"Blood Vial"},{"floor":11.0,"key":"Molten Egg 2"}],"event_choices":[{"damage_healed":0.0,"max_hp_gain":0.0,"max_hp_loss":0.0,"gold_gain":0.0,"event_name":"Scrap Ooze","player_choice":"Success","floor":2.0,"gold_loss":0.0,"damage_taken":11.0,"relics_obtained":["DataDisk"]},{"damage_healed":0.0,"max_hp_gain":0.0,"max_hp_loss":0.0,"gold_gain":0.0,"event_name":"Shining Light","player_choice":"Ignored","floor":7.0,"gold_loss":0.0,"damage_taken":0.0},{"damage_healed":0.0,"max_hp_gain":0.0,"max_hp_loss":0.0,"gold_gain":0.0,"event_name":"World of Goop","player_choice":"Left Gold","floor":12.0,"gold_loss":51.0,"damage_taken":0.0},{"damage_healed":0.0,"max_hp_gain":0.0,"max_hp_loss":0.0,"gold_gain":0.0,"event_name":"Liars Game","player_choice":"Ignored","floor":13.0,"gold_loss":0.0,"damage_taken":0.0}],"is_beta":false,"boss_relics":[],"items_purged_floors":[],"is_endless":false,"potions_floor_spawned":[4,14],"killed_by":"The Guardian","ascension_level":20}