{"gold_per_floor":[118,118,118,118,133,168,186,213,239,265,265,291,291,101,101,205,205,250,175,198,198,198,198,228,270,270,306,318],"floor_reached":28,"playtime":1277,"items_purged":[],"score":542,"play_id":"5c4bdc6a-cd11-4f0e-9f6c-af5d3d8c2d6a","local_time":"20190518202519","is_ascension_mode":true,"campfire_choices":[{"data":"Neutralize","floor":11.0,"key":"SMITH"},{"data":"Strike_G+1","floor":13.0,"key":"PURGE"},{"data":"vexMod:CalendarSmash","floor":15.0,"key":"SMITH"},{"data":"ReplayTheSpireMod:Necrosis","floor":23.0,"key":"SMITH"}],"neow_cost":"NONE","seed_source_timestamp":28453276816332,"circlet_count":0,"master_deck":["AscendersBane","Defend_G","Defend_G","Defend_G","Defend_G","Defend_G+1","Strike_G+1","Strike_G+1","Survivor+1","Neutralize+1","Backstab","Skewer+1","vexMod:NamedBlast","vexMod:CalendarSmash+1","The Bomb","Atom Bomb","Deadly Poison","Footwork","ReplayTheSpireMod:Necrosis+1"],"special_seed":0,"relics":["Ring of the Snake","NeowsBlessing","Peace Pipe","ReplayTheSpireMod:Bottled Eggs","vexMod:ConsolationPrize","ReplayTheSpireMod:TigerMarble","Bandana","ReplayTheSpireMod:ShopPack","Orrery","Happy Flower","Chameleon Ring"],"potions_floor_usage":[],"damage_taken":[{"damage":0.0,"enemies":"Cultist","floor":1.0,"turns":1.0},{"damage":0.0,"enemies":"Jaw Worm","floor":5.0,"turns":1.0},{"damage":0.0,"enemies":"Lagavulin","floor":6.0,"turns":1.0},{"damage":0.0,"enemies":"2 Louse","floor":7.0,"turns":2.0},{"damage":19.0,"enemies":"Gremlin Nob","floor":8.0,"turns":4.0},{"damage":8.0,"enemies":"Looter","floor":10.0,"turns":3.0},{"damage":14.0,"enemies":"vexMod:DaggerThrower","floor":16.0,"turns":10.0},{"damage":13.0,"enemies":"Spheric Guardian","floor":18.0,"turns":7.0},{"damage":0.0,"enemies":"Chosen","floor":20.0,"turns":3.0},{"damage":15.0,"enemies":"Snake Plant","floor":24.0,"turns":4.0},{"damage":7.0,"enemies":"Slavers","floor":25.0,"turns":5.0},{"damage":15,"enemies":"Shelled Parasite and Fungi","floor":27,"turns":10},{"damage":4,"enemies":"Sentry and Sphere","floor":28,"turns":2}],"seed_played":"-4928399411026852544","potions_obtained":[{"floor":7.0,"key":"GamblersBrew"},{"floor":8.0,"key":"Fire Potion"},{"floor":10.0,"key":"Fire Potion"},{"floor":27,"key":"Fire Potion"}],"is_trial":false,"path_per_floor":["M","?","T","?","M","E","M","E","T","M","R","T","R","$","R","B",null,"M","?","M","?","?","R","M","E","T","M","M"],"character_chosen":"THE_SILENT","items_purchased":["Skewer+1","ReplayTheSpireMod:ShopPack"],"campfire_rested":0,"item_purchase_floors":[14,14],"current_hp_per_floor":[59,64,64,43,43,43,43,24,24,16,16,16,16,16,16,2,54,41,41,41,41,41,41,26,19,19,4,0],"gold":318,"neow_bonus":"THREE_ENEMY_KILL","is_prod":false,"is_daily":false,"chose_seed":false,"campfire_upgraded":3,"win_rate":0,"timestamp":1558182319,"path_taken":["M","?","?","?","M","E","M","E","T","M","R","?","R","$","R","BOSS","M","?","M","?","?","R","M","E","T","?","M"],"build_version":"2019-01-23","purchased_purges":0,"victory":false,"max_hp_per_floor":[66,71,71,71,71,71,71,71,71,71,71,71,71,71,71,71,71,71,71,71,71,71,71,71,71,71,71,71],"card_choices":[{"not_picked":["Flying Knee","Bane","Cloak And Dagger"],"picked":"SKIP","floor":1.0},{"not_picked":["vexMod:PrepareVictim","vexMod:ShadowStrike"],"picked":"Backstab","floor":5.0},{"not_picked":["Blade Dance","Replay:Poison Smokescreen","Acrobatics"],"picked":"SKIP","floor":6.0},{"not_picked":["Deflect","ReplayTheSpireMod:Scrap Shanks","Dagger Throw"],"picked":"SKIP","floor":7.0},{"not_picked":["Sucker Punch","Poisoned Stab","Deflect"],"picked":"SKIP","floor":8.0},{"not_picked":["Storm of Steel","Prepared","PiercingWail"],"picked":"SKIP","floor":10.0},{"not_picked":["Storm of Steel","Prepared","PiercingWail"],"picked":"SKIP","floor":10.0},{"not_picked":["Transmutation","vexMod:Deathsprout"],"picked":"vexMod:NamedBlast","floor":14.0},{"not_picked":["Finesse","Transmutation"],"picked":"vexMod:CalendarSmash","floor":14.0},{"not_picked":["Swift Strike","Forethought"],"picked":"The Bomb","floor":14.0},{"not_picked":["Die Die Die","Envenom"],"picked":"Atom Bomb","floor":16.0},{"not_picked":["vexMod:BandageWhip","Underhanded Strike"],"picked":"Deadly Poison","floor":17.0},{"not_picked":["vexMod:PinpointKick","Dagger Spray"],"picked":"Footwork","floor":17.0},{"not_picked":["vexMod:PrepareVictim","Bane"],"picked":"ReplayTheSpireMod:Necrosis","floor":17.0},{"not_picked":["Flechettes","Dagger Spray","vexMod:ShadowStrike"],"picked":"SKIP","floor":18.0},{"not_picked":["All Out Attack","Underhanded Strike","Terror"],"picked":"SKIP","floor":20.0},{"not_picked":["ReplayTheSpireMod:The Works+1","Fluid Movement","Dash"],"picked":"SKIP","floor":24.0},{"not_picked":["Finisher","Accuracy","All Out Attack"],"picked":"SKIP","floor":25.0},{"not_picked":["Sucker Punch","Quick Slash","vexMod:PinpointKick"],"picked":"SKIP","floor":27}],"player_experience":979129,"relics_obtained":[{"floor":3.0,"key":"Peace Pipe"},{"floor":6.0,"key":"ReplayTheSpireMod:Bottled Eggs"},{"floor":8.0,"key":"vexMod:ConsolationPrize"},{"floor":9.0,"key":"ReplayTheSpireMod:TigerMarble"},{"floor":12.0,"key":"Bandana"},{"floor":25.0,"key":"Happy Flower"},{"floor":26.0,"key":"Chameleon Ring"}],"event_choices":[{"damage_healed":0.0,"max_hp_gain":5.0,"max_hp_loss":0.0,"gold_gain":0.0,"event_name":"Big Fish","player_choice":"Donut","floor":2.0,"gold_loss":0.0,"damage_taken":0.0},{"damage_healed":0.0,"max_hp_gain":0.0,"max_hp_loss":0.0,"gold_gain":0.0,"event_name":"Shining Light","player_choice":"Entered Light","floor":4.0,"gold_loss":0.0,"damage_taken":21.0,"cards_upgraded":["Survivor","Defend_G"]},{"cards_removed":["Strike_G"],"damage_healed":0.0,"max_hp_gain":0.0,"max_hp_loss":0.0,"gold_gain":0.0,"event_name":"Beggar","player_choice":"Gave Gold","floor":19.0,"gold_loss":75.0,"damage_taken":0.0},{"cards_removed":["Strike_G"],"damage_healed":0.0,"max_hp_gain":0.0,"max_hp_loss":0.0,"gold_gain":0.0,"event_name":"Purifier","player_choice":"Purged","floor":22.0,"gold_loss":0.0,"damage_taken":0.0}],"is_beta":false,"boss_relics":[{"not_picked":["Snecko Scales","Replay:Drink Me"],"picked":"Orrery"}],"items_purged_floors":[],"is_endless":false,"potions_floor_spawned":[7,8,10,24,27],"killed_by":"Sentry and Sphere","ascension_level":20}