{"gold_per_floor":[447,9,124,235,348,348,33,33,151,151],"floor_reached":10,"playtime":523,"items_purged":["Strike_B"],"score":1266,"play_id":"4ef1b27a-03b9-4fef-a083-3864fa01419c","local_time":"20190404212554","daily_mods":["Uncertain Future"],"is_ascension_mode":true,"campfire_choices":[{"data":"Zap","floor":8,"key":"SMITH"}],"neow_cost":"","seed_source_timestamp":8538905758071,"circlet_count":0,"master_deck":["AscendersBane","Strike_B","Strike_B","Strike_B","Defend_B","Defend_B","Defend_B","Defend_B","Zap+1","Dualcast","Glacier+1","Doom and Gloom+1","Lockon+1","Conserve Battery+1","Capacitor+1","Consume+1","Heatsinks+1","Master of Strategy+1","Good Instincts+1","Go for the Eyes+1","Chill+1","Loop+1","Recycle+1","Double Energy+1","Dark Shackles+1","Self Repair+1","Bandage Up+1","Capacitor+1","BootSequence+1"],"relics":["Cracked Core","The Courier","Molten Egg 2","Toxic Egg 2","Frozen Egg 2","OrangePellets","Happy Flower","Dream Catcher","Mummified Hand","Darkstone Periapt","Coffee Dripper","Omamori"],"potions_floor_usage":[10,10],"damage_taken":[{"damage":13,"enemies":"Slime Boss","floor":3,"turns":6},{"damage":20,"enemies":"The Guardian","floor":4,"turns":8},{"damage":0,"enemies":"Hexaghost","floor":5,"turns":8},{"damage":8,"enemies":"Champ","floor":9,"turns":10},{"damage":45,"enemies":"Automaton","floor":10,"turns":6}],"seed_played":"-6595739304674113625","potions_obtained":[{"floor":3,"key":"EssenceOfSteel"},{"floor":5,"key":"Explosive Potion"}],"is_trial":true,"path_per_floor":["$","$","M","M","M","T","$","R","M","M"],"character_chosen":"DEFECT","items_purchased":["Glacier+1","Doom and Gloom+1","Lockon+1","Conserve Battery+1","OrangePellets","Happy Flower","Capacitor+1","Consume+1","Heatsinks+1","Master of Strategy+1","Good Instincts+1","Go for the Eyes+1","Double Energy+1","Dark Shackles+1","Self Repair+1","Bandage Up+1","Capacitor+1"],"campfire_rested":0,"item_purchase_floors":[1,1,1,1,1,1,2,2,2,2,2,2,7,7,7,7,7],"current_hp_per_floor":[64,64,51,31,31,31,31,31,39,0],"gold":151,"neow_bonus":"","is_prod":false,"is_daily":false,"chose_seed":false,"campfire_upgraded":1,"win_rate":0,"timestamp":1554384354,"path_taken":["$","$","M","M","M","T","$","R","M","M"],"build_version":"2019-01-23","purchased_purges":1,"victory":false,"max_hp_per_floor":[71,71,71,71,71,71,71,71,71,71],"card_choices":[{"not_picked":["Tempest+1","Streamline+1"],"picked":"Chill+1","floor":3},{"not_picked":["Steam+1","Hologram+1"],"picked":"Loop+1","floor":4},{"not_picked":["Barrage+1","Hologram+1"],"picked":"Recycle+1","floor":5},{"not_picked":["Barrage+1","Conserve Battery+1"],"picked":"BootSequence+1","floor":9}],"player_experience":915212,"relics_obtained":[{"floor":3,"key":"Dream Catcher"},{"floor":4,"key":"Mummified Hand"},{"floor":5,"key":"Darkstone Periapt"},{"floor":9,"key":"Omamori"}],"event_choices":[],"is_beta":false,"boss_relics":[{"not_picked":["Inserter","FrozenCore"],"picked":"Coffee Dripper"}],"items_purged_floors":[1],"is_endless":false,"potions_floor_spawned":[3,5],"killed_by":"Automaton","ascension_level":20}