{"gold_per_floor":[14,93,93,0,12,12,23,23,23,58,72,72,92,102,102,198,198,217,68,84,96,112,140,140,175,175,49,64,64,164,164,164,262,262,280,290,33,45,45,76,26,26,26,56,75,107,107,8,8,8,8,8,8,34,34],"floor_reached":56,"playtime":7995,"items_purged":["Undo","Strike_B","Strike_B+1","Streamline","Strike_B+1"],"score":1565,"play_id":"b31d8e10-686c-46be-9c20-ff1cd98256b7","local_time":"20190809232107","is_ascension_mode":true,"campfire_choices":[{"data":"Hologram","floor":6,"key":"SMITH"},{"data":"Coolheaded","floor":8,"key":"SMITH"},{"data":"Defragment","floor":12,"key":"SMITH"},{"data":"Hologram","floor":15,"key":"SMITH"},{"floor":24,"key":"REST"},{"data":"Defragment","floor":29,"key":"SMITH"},{"data":"Go for the Eyes","floor":32,"key":"SMITH"},{"floor":42,"key":"REST"},{"floor":47,"key":"RECALL"},{"floor":49,"key":"REST"},{"data":"Capacitor","floor":52,"key":"SMITH"}],"neow_cost":"NO_GOLD","seed_source_timestamp":14781480432861,"circlet_count":0,"master_deck":["Defend_B+1","Defend_B+1","Defend_B+1","Defend_B+1","Zap","Gash","Coolheaded+1","Hologram+1","Gash","Gash","Hologram+1","Defragment+1","Glacier","Core Surge","Gash","Buffer","Cold Snap+1","Gash+1","Go for the Eyes+1","Coolheaded+1","Defragment+1","Glacier","All For One+1","Hologram+1","Capacitor+1","Gash+1","BootSequence+1"],"relics":["Cracked Core","Matryoshka","Ancient Tea Set","Regal Pillow","Mercury Hourglass","Incense Burner","Runic Pyramid","Pen Nib","Pantograph","Smiling Mask","Pocketwatch","Molten Egg 2","White Beast Statue","MealTicket","Bag of Marbles","FossilizedHelix","Girya","Shuriken","Happy Flower"],"potions_floor_usage":[20,21,22,23,25,33,38,40,44,45,45,45,45,46,50,50,55,55],"damage_taken":[{"damage":0,"enemies":"Cultist","floor":1,"turns":4},{"damage":0,"enemies":"Small Slimes","floor":5,"turns":2},{"damage":2,"enemies":"2 Louse","floor":7,"turns":2},{"damage":0,"enemies":"Gremlin Nob","floor":10,"turns":3},{"damage":0,"enemies":"Large Slime","floor":11,"turns":4},{"damage":10,"enemies":"Lots of Slimes","floor":13,"turns":3},{"damage":0,"enemies":"2 Fungi Beasts","floor":14,"turns":2},{"damage":2,"enemies":"The Guardian","floor":16,"turns":8},{"damage":0,"enemies":"Chosen","floor":18,"turns":5},{"damage":10,"enemies":"Spheric Guardian","floor":20,"turns":4},{"damage":21,"enemies":"Snake Plant","floor":21,"turns":5},{"damage":3,"enemies":"Chosen and Byrds","floor":22,"turns":6},{"damage":11,"enemies":"Gremlin Leader","floor":23,"turns":5},{"damage":20,"enemies":"Slavers","floor":25,"turns":5},{"damage":0,"enemies":"Centurion and Healer","floor":28,"turns":6},{"damage":0,"enemies":"Colosseum Slavers","floor":30,"turns":4},{"damage":12,"enemies":"Colosseum Nobs","floor":30,"turns":5},{"damage":0,"enemies":"Champ","floor":33,"turns":12},{"damage":9,"enemies":"Orb Walker","floor":35,"turns":4},{"damage":24,"enemies":"3 Shapes","floor":36,"turns":4},{"damage":2,"enemies":"Spire Growth","floor":38,"turns":6},{"damage":12,"enemies":"Nemesis","floor":40,"turns":9},{"damage":0,"enemies":"Giant Head","floor":44,"turns":8},{"damage":28,"enemies":"Jaw Worm Horde","floor":45,"turns":4},{"damage":38,"enemies":"Nemesis","floor":46,"turns":7},{"damage":8,"enemies":"Awakened One","floor":50,"turns":10},{"damage":14,"enemies":"Shield and Spear","floor":54,"turns":3},{"damage":55,"enemies":"The Heart","floor":55,"turns":10}],"seed_played":"5999062966022580579","potions_obtained":[{"floor":1,"key":"EntropicBrew"},{"floor":11,"key":"Block Potion"},{"floor":13,"key":"Block Potion"},{"floor":16,"key":"Explosive Potion"},{"floor":20,"key":"AttackPotion"},{"floor":23,"key":"Fire Potion"},{"floor":30,"key":"FocusPotion"},{"floor":35,"key":"PowerPotion"},{"floor":36,"key":"Weak Potion"},{"floor":38,"key":"EntropicBrew"},{"floor":40,"key":"FearPotion"},{"floor":44,"key":"Swift Potion"},{"floor":45,"key":"PowerPotion"},{"floor":46,"key":"Fire Potion"},{"floor":54,"key":"SpeedPotion"}],"is_trial":false,"path_per_floor":["M","T","?","$","M","R","M","R","T","E","M","R","M","M","R","B",null,"M","$","M","M","M","E","R","E","T","$","M","R","?","?","R","B",null,"M","M","$","M","?","E","$","R","T","E","M","E","R","$","R","B",null,"R","$","E","B",null],"character_chosen":"DEFECT","items_purchased":["Hologram","Gash","Buffer","Defragment","MealTicket","Weak Potion"],"campfire_rested":3,"item_purchase_floors":[4,4,19,27,37,48],"current_hp_per_floor":[75,75,75,75,75,75,73,73,73,73,73,73,63,63,63,61,75,75,75,65,44,41,30,67,47,47,47,47,47,35,35,35,60,75,66,42,42,40,40,28,43,75,75,75,47,9,9,24,61,67,75,75,75,61,20],"gold":34,"neow_bonus":"TRANSFORM_TWO_CARDS","is_prod":false,"is_daily":false,"chose_seed":false,"campfire_upgraded":7,"win_rate":0,"timestamp":1565382067,"path_taken":["M","?","?","$","M","R","M","R","T","E","?","R","M","M","R","BOSS","M","$","M","M","M","E","R","E","T","$","M","R","?","?","R","BOSS","M","M","$","M","?","E","$","R","T","E","?","E","R","$","R","BOSS","R","$","E","BOSS"],"build_version":"2019-07-17","purchased_purges":5,"victory":true,"max_hp_per_floor":[75,75,75,75,75,75,75,75,75,75,75,75,75,75,75,75,75,75,75,75,75,75,75,75,75,75,75,75,75,75,75,75,75,75,75,75,75,75,75,75,75,75,75,75,75,75,75,75,75,75,75,75,75,75,75],"card_choices":[{"not_picked":["Auto Shields","Rip and Tear"],"picked":"Streamline","floor":1},{"not_picked":["Turbo","Compile Driver"],"picked":"Gash","floor":5},{"not_picked":["Ball Lightning","Stack"],"picked":"Hologram","floor":7},{"not_picked":["Chill","Sweeping Beam"],"picked":"Undo","floor":10},{"not_picked":["Redo","Loop"],"picked":"Defragment","floor":11},{"not_picked":["Beam Cell","Rip and Tear"],"picked":"Glacier","floor":13},{"not_picked":["Barrage","Steam Power","Melter"],"picked":"SKIP","floor":14},{"not_picked":["Creative AI","Rainbow"],"picked":"Core Surge","floor":16},{"not_picked":["Lockon","Go for the Eyes"],"picked":"Gash","floor":18},{"not_picked":["Sweeping Beam","Ball Lightning","Stack"],"picked":"SKIP","floor":20},{"not_picked":["Steam+1","Rip and Tear"],"picked":"Cold Snap+1","floor":21},{"not_picked":["Steam+1","Machine Learning"],"picked":"Gash+1","floor":22},{"not_picked":["Fusion+1","Tempest"],"picked":"Go for the Eyes","floor":23},{"not_picked":["Turbo","Heatsinks"],"picked":"Coolheaded+1","floor":25},{"not_picked":["Steam","Defragment"],"picked":"Glacier","floor":28},{"not_picked":["Fission","Amplify"],"picked":"All For One+1","floor":33},{"not_picked":["Go for the Eyes+1","Beam Cell+1"],"picked":"Hologram+1","floor":35},{"not_picked":["Coolheaded","Streamline+1","Turbo"],"picked":"SKIP","floor":36},{"not_picked":["Steam","Leap+1"],"picked":"Capacitor","floor":38},{"not_picked":["Thunder Strike+1","Conserve Battery+1"],"picked":"BootSequence+1","floor":40},{"not_picked":["Sweeping Beam+1","BootSequence","Blizzard+1"],"picked":"SKIP","floor":44},{"not_picked":["Steam+1","Compile Driver+1","Leap"],"picked":"SKIP","floor":45},{"not_picked":["Compile Driver+1","Chill+1","Steam Power+1"],"picked":"SKIP","floor":46},{"not_picked":["Force Field","Storm","Cold Snap+1"],"picked":"SKIP","floor":54}],"player_experience":153301,"relics_obtained":[{"floor":2,"key":"Matryoshka"},{"floor":9,"key":"Regal Pillow"},{"floor":9,"key":"Mercury Hourglass"},{"floor":10,"key":"Incense Burner"},{"floor":23,"key":"Pen Nib"},{"floor":25,"key":"Pantograph"},{"floor":26,"key":"Smiling Mask"},{"floor":30,"key":"Pocketwatch"},{"floor":30,"key":"Molten Egg 2"},{"floor":40,"key":"Bag of Marbles"},{"floor":43,"key":"FossilizedHelix"},{"floor":44,"key":"Girya"},{"floor":46,"key":"Shuriken"},{"floor":54,"key":"Happy Flower"}],"event_choices":[{"damage_healed":0,"gold_gain":0,"player_choice":"Gave Potion","damage_taken":0,"relics_obtained":["Ancient Tea Set"],"max_hp_gain":0,"max_hp_loss":0,"event_name":"WeMeetAgain","floor":3,"gold_loss":0},{"damage_healed":0,"gold_gain":0,"player_choice":"Fight","damage_taken":0,"max_hp_gain":0,"max_hp_loss":0,"event_name":"Colosseum","floor":30,"gold_loss":0},{"damage_healed":0,"gold_gain":0,"player_choice":"Fought Nobs","damage_taken":0,"max_hp_gain":0,"max_hp_loss":0,"event_name":"Colosseum","floor":30,"gold_loss":0},{"damage_healed":0,"gold_gain":0,"player_choice":"Simplicity","damage_taken":0,"max_hp_gain":0,"max_hp_loss":0,"event_name":"Back to Basics","floor":31,"gold_loss":0,"cards_upgraded":["Strike_B","Strike_B","Defend_B","Defend_B","Defend_B","Defend_B"]},{"damage_healed":0,"gold_gain":0,"player_choice":"Copied","damage_taken":0,"max_hp_gain":0,"max_hp_loss":0,"event_name":"Duplicator","floor":39,"gold_loss":0,"cards_obtained":["Gash"]}],"is_beta":false,"boss_relics":[{"not_picked":["Coffee Dripper","Orrery"],"picked":"Runic Pyramid"},{"not_picked":["Runic Dome","Calling Bell"],"picked":"White Beast Statue"}],"items_purged_floors":[19,27,37,41,48],"is_endless":false,"potions_floor_spawned":[1,11,13,16,18,20,23,30,35,36,38,40,44,45,46,54],"ascension_level":4}