{"gold_per_floor":[119,131,141,154,164,164,197,197,197,229,229,239,239,61,61,159,159,170,170,186,186],"floor_reached":21,"playtime":1017,"items_purged":[],"score":210,"play_id":"cc5df106-358b-4e5e-a5e0-9e2974929552","local_time":"20190807134428","is_ascension_mode":true,"campfire_choices":[{"data":"Uppercut","floor":6,"key":"SMITH"},{"floor":8,"key":"REST"},{"data":"Spot Weakness","floor":13,"key":"SMITH"},{"floor":15,"key":"REST"}],"neow_cost":"NONE","seed_source_timestamp":1313488219051107,"circlet_count":0,"master_deck":["Strike_R","Strike_R","Strike_R","Strike_R","Strike_R","Defend_R+1","Defend_R","Defend_R","Defend_R","Bash","Uppercut+1","Spot Weakness+1","Battle Trance","Headbutt","Power Through+1","Searing Blow","Inflame","Pommel Strike","Panache","Double Tap","Anger","Battle Trance","Metallicize"],"relics":["Burning Blood","Vajra","Omamori","War Paint","Gremlin Horn","Eternal Feather"],"potions_floor_usage":[2,7,10,16,16,20],"damage_taken":[{"damage":3,"enemies":"Small Slimes","floor":1,"turns":4},{"damage":2,"enemies":"Jaw Worm","floor":2,"turns":3},{"damage":4,"enemies":"Cultist","floor":3,"turns":4},{"damage":16,"enemies":"Blue Slaver","floor":4,"turns":6},{"damage":13,"enemies":"Exordium Wildlife","floor":5,"turns":3},{"damage":21,"enemies":"Lagavulin","floor":7,"turns":6},{"damage":18,"enemies":"3 Sentries","floor":10,"turns":5},{"damage":19,"enemies":"Exordium Thugs","floor":12,"turns":4},{"damage":16,"enemies":"The Guardian","floor":16,"turns":10},{"damage":30,"enemies":"Shell Parasite","floor":18,"turns":9},{"damage":22,"enemies":"3 Byrds","floor":20,"turns":3},{"damage":50,"enemies":"Sentry and Sphere","floor":21,"turns":5}],"seed_played":"1526693460828721441","potions_obtained":[{"floor":0,"key":"Ancient Potion"},{"floor":0,"key":"AttackPotion"},{"floor":0,"key":"Explosive Potion"},{"floor":1,"key":"Strength Potion"},{"floor":4,"key":"Weak Potion"},{"floor":12,"key":"Block Potion"},{"floor":18,"key":"LiquidBronze"}],"is_trial":false,"path_per_floor":["M","M","M","M","M","R","E","R","T","E","?","M","R","$","R","B",null,"M","?","M","M"],"character_chosen":"IRONCLAD","items_purchased":["Panache"],"campfire_rested":2,"item_purchase_floors":[14],"current_hp_per_floor":[80,80,80,70,63,63,48,72,72,60,60,47,47,47,71,61,80,56,56,40,0],"gold":186,"neow_bonus":"THREE_SMALL_POTIONS","is_prod":false,"is_daily":false,"chose_seed":false,"campfire_upgraded":2,"win_rate":0,"timestamp":1565199868,"path_taken":["M","M","M","M","M","R","E","R","T","E","?","M","R","$","R","BOSS","M","?","M","M"],"build_version":"2019-06-28","purchased_purges":0,"victory":false,"max_hp_per_floor":[80,80,80,80,80,80,80,80,80,80,80,80,80,80,80,80,80,80,80,80,80],"card_choices":[{"not_picked":["Evolve","Iron Wave"],"picked":"Uppercut","floor":1},{"not_picked":["Clash","Entrench"],"picked":"Spot Weakness","floor":2},{"not_picked":["Corruption","Twin Strike"],"picked":"Battle Trance","floor":3},{"not_picked":["Armaments","Warcry"],"picked":"Headbutt","floor":4},{"not_picked":["Cleave","Perfected Strike"],"picked":"Power Through","floor":5},{"not_picked":["Entrench","Sword Boomerang"],"picked":"Searing Blow","floor":7},{"not_picked":["Anger","Entrench"],"picked":"Inflame","floor":10},{"not_picked":["Evolve","Disarm"],"picked":"Pommel Strike","floor":12},{"not_picked":["Reaper","Bludgeon"],"picked":"Double Tap","floor":16},{"not_picked":["Iron Wave","Clothesline+1"],"picked":"Anger","floor":18},{"not_picked":["Battle Trance","Clash"],"picked":"Metallicize","floor":20}],"player_experience":45164,"relics_obtained":[{"floor":7,"key":"Vajra"},{"floor":9,"key":"Omamori"},{"floor":10,"key":"War Paint"}],"event_choices":[{"damage_healed":0,"gold_gain":0,"player_choice":"Box","damage_taken":0,"relics_obtained":["Gremlin Horn"],"max_hp_gain":0,"max_hp_loss":0,"event_name":"Big Fish","floor":11,"gold_loss":0,"cards_obtained":["Regret"]},{"damage_healed":0,"gold_gain":0,"player_choice":"Read","damage_taken":0,"max_hp_gain":0,"max_hp_loss":0,"event_name":"The Library","floor":19,"gold_loss":0,"cards_obtained":["Battle Trance"]}],"is_beta":true,"boss_relics":[{"not_picked":["Fusion Hammer","Lizard Tail"],"picked":"Eternal Feather"}],"items_purged_floors":[],"is_endless":false,"potions_floor_spawned":[1,4,5,12,18],"killed_by":"Sentry and Sphere","ascension_level":2}