{"gold_per_floor":[109,126,138,138,12,36,74,90,90,90,115,115],"floor_reached":12,"playtime":412,"items_purged":["Injury"],"score":156,"play_id":"3f8af0b6-2874-4c65-814d-f96808bd7453","local_time":"20181012204833","is_ascension_mode":true,"campfire_choices":[{"data":"Perfected Strike","floor":10,"key":"SMITH"}],"neow_cost":"NONE","seed_source_timestamp":4589006154266,"circlet_count":0,"master_deck":["Strike_R","Strike_R","Strike_R","Strike_R","Strike_R","Defend_R","Defend_R","Defend_R","Defend_R","Bash","AscendersBane","Feed","Feel No Pain","True Grit","Body Slam","Perfected Strike+1","Sever Soul","Entrench","Whirlwind"],"relics":["Burning Blood","Golden Idol","Du-Vu Doll","Bottled Flame"],"potions_floor_usage":[7,7],"damage_taken":[{"damage":11,"enemies":"Small Slimes","floor":1,"turns":4},{"damage":13,"enemies":"Jaw Worm","floor":2,"turns":4},{"damage":6,"enemies":"2 Louse","floor":3,"turns":3},{"damage":29,"enemies":"Lots of Slimes","floor":6,"turns":6},{"damage":20,"enemies":"Lagavulin","floor":7,"turns":7},{"damage":32,"enemies":"Exordium Wildlife","floor":8,"turns":5},{"damage":12,"enemies":"Looter","floor":11,"turns":3},{"damage":19,"enemies":"Blue Slaver","floor":12,"turns":3}],"seed_played":"-1478115092096329537","potions_obtained":[{"floor":1,"key":"SpeedPotion"},{"floor":8,"key":"SpeedPotion"}],"is_trial":false,"path_per_floor":["M","M","M","?","$","M","E","M","T","R","M"],"character_chosen":"IRONCLAD","items_purchased":["Energy Potion"],"campfire_rested":0,"item_purchase_floors":[5],"current_hp_per_floor":[70,66,69,69,69,49,38,15,15,15,12,0],"gold":115,"neow_bonus":"ONE_RANDOM_RARE_CARD","is_prod":false,"is_daily":false,"chose_seed":false,"campfire_upgraded":1,"win_rate":0,"timestamp":1539348513,"path_taken":["M","M","M","?","$","M","E","M","T","R","M","?"],"build_version":"2018-10-11","purchased_purges":1,"victory":false,"max_hp_per_floor":[83,86,89,89,89,92,95,98,98,98,101,101],"card_choices":[{"not_picked":["Flex","Clash"],"picked":"Feel No Pain","floor":1},{"not_picked":["Sword Boomerang","Warcry"],"picked":"True Grit","floor":2},{"not_picked":["Seeing Red","Thunderclap"],"picked":"Body Slam","floor":3},{"not_picked":["Brutality","Flex"],"picked":"Perfected Strike","floor":6},{"not_picked":["Headbutt","Impervious"],"picked":"Sever Soul","floor":7},{"not_picked":["Iron Wave","Armaments"],"picked":"Entrench","floor":8},{"not_picked":["Pommel Strike","Infernal Blade"],"picked":"Whirlwind","floor":11}],"player_experience":808200,"relics_obtained":[{"floor":7,"key":"Du-Vu Doll"},{"floor":9,"key":"Bottled Flame"}],"event_choices":[{"event_name":"Golden Idol","player_choice":"Take Wound","floor":4,"damage_taken":0}],"is_beta":false,"boss_relics":[],"items_purged_floors":[5],"is_endless":false,"potions_floor_spawned":[1,8],"killed_by":"Blue Slaver","ascension_level":12}