{"gold_per_floor":[112,126,51,51,67,67,94,94,94,94,114,114,114,14,14,117,117,136,136,136,136,11,11],"floor_reached":23,"playtime":1913,"items_purged":["Defend_R","Defend_R","Strike_R"],"score":194,"play_id":"7fca34e9-33be-40fb-a9fe-26c31a737025","local_time":"20190802141330","is_ascension_mode":true,"campfire_choices":[{"data":"Armaments","floor":6,"key":"SMITH"},{"data":"Armaments","floor":8,"key":"SMITH"},{"data":"Fiend Fire","floor":10,"key":"SMITH"},{"data":"Bash","floor":15,"key":"SMITH"}],"neow_cost":"NONE","seed_source_timestamp":18288880048227,"circlet_count":0,"master_deck":["Strike_R","Strike_R","Strike_R","Strike_R","Defend_R+1","Defend_R","Bash+1","Fiend Fire+1","Armaments+1","Spot Weakness+1","Armaments+1","Bludgeon+1","Shrug It Off"],"relics":["Burning Blood","Self Forming Clay","Regal Pillow","Juzu Bracelet","Black Star"],"potions_floor_usage":[23],"damage_taken":[{"damage":7,"enemies":"Small Slimes","floor":1,"turns":4},{"damage":2,"enemies":"Jaw Worm","floor":2,"turns":5},{"damage":2,"enemies":"Cultist","floor":5,"turns":4},{"damage":10,"enemies":"Gremlin Nob","floor":7,"turns":4},{"damage":6,"enemies":"3 Louse","floor":11,"turns":4},{"damage":29,"enemies":"The Guardian","floor":16,"turns":10},{"damage":44,"enemies":"3 Byrds","floor":18,"turns":9},{"damage":38,"enemies":"Slavers","floor":23,"turns":4}],"seed_played":"-7620947495702027577","potions_obtained":[{"floor":1,"key":"Poison Potion"},{"floor":2,"key":"BloodPotion"},{"floor":11,"key":"Swift Potion"},{"floor":18,"key":"Block Potion"}],"is_trial":false,"path_per_floor":["M","M","$","?","M","R","E","R","T","R","M","?","?","$","R","B",null,"M","?","?","?","$","E"],"character_chosen":"IRONCLAD","items_purchased":[],"campfire_rested":0,"item_purchase_floors":[],"current_hp_per_floor":[79,80,80,77,80,80,76,76,76,76,76,60,65,65,65,42,85,47,31,31,31,31,15],"gold":11,"neow_bonus":"ONE_RANDOM_RARE_CARD","is_prod":false,"is_daily":false,"chose_seed":false,"campfire_upgraded":4,"win_rate":0,"timestamp":1564744410,"path_taken":["M","M","$","?","M","R","E","R","T","R","M","?","?","$","R","BOSS","M","?","?","?","$","E"],"build_version":"2019-07-17","purchased_purges":3,"victory":false,"max_hp_per_floor":[80,80,80,80,80,80,80,80,80,80,80,80,85,85,85,85,85,85,90,90,90,90,90],"card_choices":[{"not_picked":["Burning Pact","Inflame"],"picked":"Armaments","floor":1},{"not_picked":["Cleave","Warcry"],"picked":"Spot Weakness","floor":2},{"not_picked":["Rupture","Dropkick"],"picked":"Armaments","floor":5},{"not_picked":["Iron Wave","Headbutt","Sword Boomerang"],"picked":"SKIP","floor":7},{"not_picked":["Dual Wield","Rupture","True Grit"],"picked":"SKIP","floor":11},{"not_picked":["Brutality","Reaper"],"picked":"Bludgeon","floor":16},{"not_picked":["Blood for Blood","Heavy Blade"],"picked":"Shrug It Off","floor":18}],"player_experience":28132,"relics_obtained":[{"floor":7,"key":"Regal Pillow"},{"floor":9,"key":"Juzu Bracelet"}],"event_choices":[{"damage_healed":0,"gold_gain":0,"player_choice":"Success","damage_taken":3,"relics_obtained":["Self Forming Clay"],"max_hp_gain":0,"max_hp_loss":0,"event_name":"Scrap Ooze","floor":4,"gold_loss":0},{"damage_healed":0,"gold_gain":0,"player_choice":"Entered Light","damage_taken":16,"max_hp_gain":0,"max_hp_loss":0,"event_name":"Shining Light","floor":12,"gold_loss":0,"cards_upgraded":["Spot Weakness","Defend_R"]},{"damage_healed":0,"gold_gain":0,"player_choice":"Donut","damage_taken":0,"max_hp_gain":5,"max_hp_loss":0,"event_name":"Big Fish","floor":13,"gold_loss":0},{"damage_healed":0,"gold_gain":0,"player_choice":"Shed Blood","damage_taken":21,"max_hp_gain":5,"max_hp_loss":0,"event_name":"Forgotten Altar","floor":19,"gold_loss":0},{"damage_healed":0,"gold_gain":0,"player_choice":"Forge","damage_taken":0,"max_hp_gain":0,"max_hp_loss":0,"event_name":"Accursed Blacksmith","floor":20,"gold_loss":0,"cards_upgraded":["Bludgeon"]},{"damage_healed":0,"gold_gain":0,"player_choice":"Ignored","damage_taken":0,"max_hp_gain":0,"max_hp_loss":0,"event_name":"The Mausoleum","floor":21,"gold_loss":0}],"is_beta":false,"boss_relics":[{"not_picked":["Philosopher\u0027s Stone","Black Blood"],"picked":"Black Star"}],"items_purged_floors":[3,14,22],"is_endless":false,"potions_floor_spawned":[1,2,11,18],"killed_by":"Slavers","ascension_level":1}