{"gold_per_floor":[114,125,125,125,50,50,61,76,76,76,96,96,59,119,119,195,195,209,264,281,57,73,73,100,100,100,100,100,100,135,149,149,223,223,233,5,0,0,19,49,66,96,96,107,107,107,107,121,121,121,121],"floor_reached":51,"playtime":1892,"items_purged":["Strike_B"],"score":1436,"play_id":"d911c3f1-5fb1-492c-b4e3-995987c507db","local_time":"20190407135746","is_ascension_mode":true,"campfire_choices":[{"data":"Self Repair","floor":6.0,"key":"SMITH"},{"data":"Turbo","floor":10.0,"key":"SMITH"},{"data":"Skim","floor":12.0,"key":"SMITH"},{"data":"Darkness","floor":15.0,"key":"SMITH"},{"floor":23.0,"key":"REST"},{"data":"Hologram","floor":25.0,"key":"SMITH"},{"data":"Hologram","floor":29.0,"key":"SMITH"},{"data":"Fission","floor":32.0,"key":"SMITH"},{"data":"Defragment","floor":47.0,"key":"SMITH"},{"floor":49.0,"key":"RECALL"}],"neow_cost":"TEN_PERCENT_HP_LOSS","seed_source_timestamp":6278603636878,"circlet_count":0,"master_deck":["AscendersBane","Defend_B","Defend_B","Zap","Dualcast","Self Repair+1","Sunder+1","Conserve Battery+1","Turbo+1","Skim+1","Darkness+1","Hologram+1","Electrodynamics","Beam Cell","Capacitor","Auto Shields","Hologram+1","Turbo","Fission+1","White Noise","Multi-Cast","Defragment+1","Double Energy","Tempest","Coolheaded+1","Hologram+1"],"special_seed":0,"relics":["Cracked Core","Gambling Chip","Tiny Chest","Empty Cage","PreservedInsect","Medical Kit","Matryoshka","Cables","Calipers","Question Card","Coffee Dripper","Chemical X","Red Mask","Omamori","The Courier","Anchor","StoneCalendar"],"potions_floor_usage":[],"damage_taken":[{"damage":1.0,"enemies":"Cultist","floor":1.0,"turns":3.0},{"damage":7.0,"enemies":"Jaw Worm","floor":2.0,"turns":2.0},{"damage":0.0,"enemies":"2 Louse","floor":7.0,"turns":1.0},{"damage":7.0,"enemies":"Looter","floor":8.0,"turns":3.0},{"damage":1.0,"enemies":"3 Louse","floor":11.0,"turns":2.0},{"damage":0.0,"enemies":"Gremlin Nob","floor":14.0,"turns":2.0},{"damage":33.0,"enemies":"Slime Boss","floor":16.0,"turns":6.0},{"damage":0.0,"enemies":"Spheric Guardian","floor":18.0,"turns":3.0},{"damage":12.0,"enemies":"2 Thieves","floor":20.0,"turns":3.0},{"damage":24.0,"enemies":"Sentry and Sphere","floor":22.0,"turns":5.0},{"damage":16.0,"enemies":"Slavers","floor":24.0,"turns":4.0},{"damage":14.0,"enemies":"Book of Stabbing","floor":30.0,"turns":3.0},{"damage":8.0,"enemies":"Shelled Parasite and Fungi","floor":31.0,"turns":3.0},{"damage":24.0,"enemies":"Collector","floor":33.0,"turns":8.0},{"damage":0.0,"enemies":"3 Darklings","floor":35.0,"turns":1.0},{"damage":0.0,"enemies":"3 Shapes","floor":39.0,"turns":1.0},{"damage":45.0,"enemies":"Nemesis","floor":40.0,"turns":5.0},{"damage":5.0,"enemies":"Sphere and 2 Shapes","floor":41.0,"turns":3.0},{"damage":10.0,"enemies":"Giant Head","floor":42.0,"turns":5.0},{"damage":15.0,"enemies":"Spire Growth","floor":44.0,"turns":3.0},{"damage":13.0,"enemies":"Jaw Worm Horde","floor":48.0,"turns":3.0},{"damage":42.0,"enemies":"Awakened One","floor":50.0,"turns":9.0},{"damage":16,"enemies":"Time Eater","floor":51,"turns":4}],"seed_played":"764376331487513484","potions_obtained":[{"floor":7.0,"key":"SpeedPotion"},{"floor":11.0,"key":"Energy Potion"},{"floor":24.0,"key":"SpeedPotion"},{"floor":30.0,"key":"Swift Potion"},{"floor":31.0,"key":"EssenceOfSteel"},{"floor":35.0,"key":"SkillPotion"},{"floor":42.0,"key":"SteroidPotion"}],"is_trial":false,"path_per_floor":["M","M","?","?","$","R","M","M","T","R","M","R","$","E","R","B",null,"M","T","M","$","M","R","E","R","T","?","?","R","E","M","R","B",null,"M","$","?","?","M","E","M","E","T","M","?","?","R","M","R","B","B"],"character_chosen":"DEFECT","items_purchased":["Darkness","Medical Kit","Chemical X"],"campfire_rested":1,"item_purchase_floors":[13,21,36],"current_hp_per_floor":[64,57,46,27,27,27,37,40,40,40,39,39,39,39,39,16,52,52,52,40,40,26,45,39,39,39,39,39,39,25,27,27,13,51,51,51,51,51,51,16,21,21,21,16,52,52,52,49,49,17,1],"gold":121,"neow_bonus":"TRANSFORM_TWO_CARDS","is_prod":false,"is_daily":false,"chose_seed":false,"campfire_upgraded":8,"win_rate":0,"timestamp":1554616666,"path_taken":["M","M","?","?","$","R","M","M","T","R","M","R","?","E","R","BOSS","M","?","M","$","M","R","E","R","T","?","?","R","E","M","R","BOSS","M","$","?","?","M","E","M","E","T","M","?","?","R","?","R","BOSS","BOSS"],"build_version":"2019-01-23","purchased_purges":1,"victory":false,"max_hp_per_floor":[64,64,64,64,64,64,64,64,64,64,64,64,64,64,64,64,64,64,64,64,64,64,64,64,64,64,64,64,64,64,64,64,64,64,64,64,64,64,64,64,64,64,64,64,52,52,52,52,52,52,52],"card_choices":[{"not_picked":["Beam Cell","Melter"],"picked":"Sunder","floor":1.0},{"not_picked":["Steam","Stack"],"picked":"Conserve Battery","floor":2.0},{"not_picked":["Barrage","Stack","Redo"],"picked":"SKIP","floor":7.0},{"not_picked":["Go for the Eyes","Coolheaded"],"picked":"Turbo","floor":8.0},{"not_picked":["Scrape","Reprogram"],"picked":"Skim","floor":11.0},{"not_picked":["Tempest","Machine Learning"],"picked":"Hologram","floor":14.0},{"not_picked":["Creative AI","Buffer"],"picked":"Electrodynamics","floor":16.0},{"not_picked":["Coolheaded","Turbo"],"picked":"Beam Cell","floor":18.0},{"not_picked":["Streamline","Scrape","Steam"],"picked":"SKIP","floor":20.0},{"not_picked":["Barrage","Blizzard"],"picked":"Capacitor","floor":22.0},{"not_picked":["White Noise","Lockon"],"picked":"Auto Shields","floor":24.0},{"not_picked":["Auto Shields","Ball Lightning"],"picked":"Fission","floor":30.0},{"not_picked":["Conserve Battery","Streamline","Compile Driver+1"],"picked":"White Noise","floor":31.0},{"not_picked":["Machine Learning","Amplify","Core Surge"],"picked":"Multi-Cast","floor":33.0},{"not_picked":["Stack","Doom and Gloom","Hologram+1","Aggregate"],"picked":"SKIP","floor":35.0},{"not_picked":["Streamline","Go for the Eyes","Compile Driver"],"picked":"Defragment","floor":39.0},{"not_picked":["Go for the Eyes","Sweeping Beam","Chaos+1","Turbo"],"picked":"SKIP","floor":40.0},{"not_picked":["Coolheaded","Barrage+1","Steam"],"picked":"Double Energy","floor":41.0},{"not_picked":["Scrape","Gash","Sweeping Beam"],"picked":"Tempest","floor":42.0},{"not_picked":["Conserve Battery","Stack","Capacitor+1"],"picked":"Coolheaded","floor":44.0},{"not_picked":["Aggregate","Leap","Redo"],"picked":"Hologram+1","floor":48.0}],"player_experience":926000,"relics_obtained":[{"floor":14.0,"key":"Tiny Chest"},{"floor":19.0,"key":"PreservedInsect"},{"floor":24.0,"key":"Matryoshka"},{"floor":26.0,"key":"Cables"},{"floor":26.0,"key":"Calipers"},{"floor":30.0,"key":"Question Card"},{"floor":40.0,"key":"Omamori"},{"floor":42.0,"key":"The Courier"},{"floor":43.0,"key":"Anchor"},{"floor":43.0,"key":"StoneCalendar"}],"event_choices":[{"damage_healed":0.0,"max_hp_gain":0.0,"max_hp_loss":0.0,"gold_gain":0.0,"event_name":"Scrap Ooze","player_choice":"Success","floor":3.0,"gold_loss":0.0,"damage_taken":11.0,"relics_obtained":["Gambling Chip"]},{"damage_healed":0.0,"max_hp_gain":0.0,"max_hp_loss":0.0,"gold_gain":0.0,"event_name":"Shining Light","player_choice":"Entered Light","floor":4.0,"gold_loss":0.0,"damage_taken":19.0,"cards_upgraded":["Conserve Battery","Sunder"]},{"damage_healed":0.0,"max_hp_gain":0.0,"max_hp_loss":0.0,"gold_gain":0.0,"event_name":"Ghosts","player_choice":"Ignored","floor":27.0,"gold_loss":0.0,"damage_taken":0.0},{"damage_healed":0.0,"max_hp_gain":0.0,"max_hp_loss":0.0,"gold_gain":0.0,"cards_transformed":["Rebound","Defend_B"],"event_name":"Drug Dealer","player_choice":"Became Test Subject","floor":28.0,"gold_loss":0.0,"damage_taken":0.0,"cards_obtained":["Hologram","Turbo"]},{"damage_healed":0.0,"max_hp_gain":0.0,"max_hp_loss":0.0,"gold_gain":0.0,"event_name":"Tomb of Lord Red Mask","player_choice":"Paid","floor":37.0,"gold_loss":5.0,"damage_taken":0.0,"relics_obtained":["Red Mask"]},{"damage_healed":0.0,"max_hp_gain":0.0,"max_hp_loss":0.0,"gold_gain":0.0,"event_name":"Mysterious Sphere","player_choice":"Ignored","floor":38.0,"gold_loss":0.0,"damage_taken":0.0},{"damage_healed":52.0,"max_hp_gain":0.0,"max_hp_loss":12.0,"gold_gain":0.0,"event_name":"The Moai Head","player_choice":"Heal","floor":45.0,"gold_loss":0.0,"damage_taken":0.0},{"damage_healed":0.0,"max_hp_gain":0.0,"max_hp_loss":0.0,"gold_gain":0.0,"event_name":"Upgrade Shrine","player_choice":"Upgraded","floor":46.0,"gold_loss":0.0,"damage_taken":0.0,"cards_upgraded":["Coolheaded"]}],"is_beta":false,"boss_relics":[{"not_picked":["Snecko Eye","Fusion Hammer"],"picked":"Empty Cage"},{"not_picked":["Astrolabe","Sozu"],"picked":"Coffee Dripper"}],"items_purged_floors":[5],"is_endless":false,"potions_floor_spawned":[7,11,24,30,31,35,42],"killed_by":"Time Eater","ascension_level":20}