{"gold_per_floor":[113,132,148,148,3,33,51,51,51,78,98,98,108,139,139,240,240,259,141,151,0,20,51,51,76,76,76,76,110,110,137,137,240,240,257,257,270,270,94,94,120,120,120,155,169,169,119,119,119,119,119,119,11,37,37],"floor_reached":56,"playtime":11215,"items_purged":["Strike_R","Searing Blow"],"score":1734,"play_id":"ddda0ec2-49fd-4c35-b32b-103d785aa054","local_time":"20190806222740","is_ascension_mode":true,"campfire_choices":[{"data":"Bash","floor":8.0,"key":"SMITH"},{"floor":12.0,"key":"REST"},{"floor":15.0,"key":"REST"},{"data":"Armaments","floor":24,"key":"SMITH"},{"data":"Whirlwind","floor":27,"key":"SMITH"},{"data":"Evolve","floor":30,"key":"SMITH"},{"data":"True Grit","floor":32,"key":"SMITH"},{"data":"Armaments","floor":40,"key":"SMITH"},{"floor":42,"key":"RECALL"},{"floor":49,"key":"REST"},{"data":"Strike_R","floor":52,"key":"PURGE"}],"neow_cost":"NONE","seed_source_timestamp":0,"circlet_count":0,"master_deck":["Strike_R+1","Defend_R","Defend_R","Defend_R","Bash+1","Evolve+1","Shockwave","Clothesline+1","Whirlwind+1","Armaments+1","Barricade","Heavy Blade","Immolate","Power Through","Shrug It Off","Power Through","True Grit+1","Dark Embrace","Transmutation","Armaments+1","Flame Barrier+1","Flame Barrier+1","Inflame","Entrench","Searing Blow+1"],"special_seed":0,"relics":["Snecko Eye","Omamori","Paper Frog","Dream Catcher","Dodecahedron","Thread and Needle","Velvet Choker","FossilizedHelix","Orichalcum","Incense Burner","Potion Belt","Whetstone","Empty Cage","PreservedInsect","Juzu Bracelet","Peace Pipe","Strawberry"],"potions_floor_usage":[33,33,45,54,54,54,55,55,55,55,55],"damage_taken":[{"damage":0.0,"enemies":"Cultist","floor":1.0,"turns":3.0},{"damage":0.0,"enemies":"2 Louse","floor":2.0,"turns":1.0},{"damage":0.0,"enemies":"Small Slimes","floor":3.0,"turns":2.0},{"damage":16.0,"enemies":"Lagavulin","floor":6.0,"turns":6.0},{"damage":3.0,"enemies":"Blue Slaver","floor":7.0,"turns":2.0},{"damage":11.0,"enemies":"Gremlin Nob","floor":10.0,"turns":3.0},{"damage":3.0,"enemies":"3 Louse","floor":11.0,"turns":3.0},{"damage":16.0,"enemies":"Gremlin Gang","floor":13.0,"turns":4.0},{"damage":18.0,"enemies":"Lagavulin","floor":14.0,"turns":5.0},{"damage":14.0,"enemies":"The Guardian","floor":16.0,"turns":9.0},{"damage":0,"enemies":"3 Byrds","floor":18,"turns":2},{"damage":0,"enemies":"2 Thieves","floor":20,"turns":2},{"damage":0,"enemies":"Sentry and Sphere","floor":22,"turns":3},{"damage":0,"enemies":"Book of Stabbing","floor":23,"turns":5},{"damage":0,"enemies":"Slavers","floor":25,"turns":3},{"damage":0,"enemies":"Book of Stabbing","floor":29,"turns":6},{"damage":0,"enemies":"Gremlin Leader","floor":31,"turns":6},{"damage":0,"enemies":"Champ","floor":33,"turns":8},{"damage":0,"enemies":"3 Darklings","floor":35,"turns":3},{"damage":0,"enemies":"Orb Walker","floor":37,"turns":3},{"damage":0,"enemies":"Nemesis","floor":41,"turns":7},{"damage":0,"enemies":"Giant Head","floor":44,"turns":7},{"damage":7,"enemies":"Sphere and 2 Shapes","floor":45,"turns":4},{"damage":0,"enemies":"Time Eater","floor":50,"turns":12},{"damage":0,"enemies":"Shield and Spear","floor":54,"turns":8},{"damage":0,"enemies":"The Heart","floor":55,"turns":8}],"seed_played":"1778047058114296935","potions_obtained":[{"floor":3.0,"key":"FearPotion"},{"floor":6.0,"key":"Strength Potion"},{"floor":10.0,"key":"Weak Potion"},{"floor":11.0,"key":"SpeedPotion"},{"floor":25,"key":"Swift Potion"},{"floor":29,"key":"SkillPotion"},{"floor":33,"key":"SteroidPotion"},{"floor":35,"key":"SpeedPotion"}],"is_trial":false,"path_per_floor":["M","M","M","?","$","E","M","R","T","E","M","R","M","E","R","B",null,"M","$","M","$","M","E","R","E","T","R","?","E","R","E","R","B",null,"M","?","M","?","$","R","E","R","T","E","M","T","$","?","R","B",null,"R","$","E","B",null],"character_chosen":"IRONCLAD","items_purchased":["Shockwave","Power Through","Shrug It Off","True Grit","Swift Potion","EntropicBrew","Armaments","Block Potion","Inflame","Entrench"],"campfire_rested":3,"item_purchase_floors":[5,19,19,21,39,39,39,47,53,53],"current_hp_per_floor":[80,80,80,80,80,64,61,61,61,50,47,71,55,37,61,47,80,80,80,80,80,80,80,80,80,80,80,65,65,65,65,65,65,85,85,85,85,85,85,85,85,85,85,85,78,78,78,78,85,85,85,85,85,92,92],"gold":37,"neow_bonus":"BOSS_RELIC","is_prod":false,"is_daily":false,"chose_seed":false,"campfire_upgraded":6,"win_rate":0,"timestamp":1565119660,"path_taken":["M","M","M","?","$","E","M","R","T","E","?","R","M","E","R","BOSS","M","$","M","$","M","E","R","E","T","R","?","E","R","E","R","BOSS","M","?","M","?","$","R","E","R","T","E","M","?","$","?","R","BOSS","R","$","E","BOSS"],"build_version":"2019-07-17","purchased_purges":2,"victory":true,"max_hp_per_floor":[80,80,80,80,80,80,80,80,80,80,80,80,80,80,80,80,80,80,80,80,80,80,80,80,80,80,80,85,85,85,85,85,85,85,85,85,85,85,85,85,85,85,85,85,85,85,85,85,85,85,85,85,85,92,92],"card_choices":[{"not_picked":["Headbutt","Bloodletting"],"picked":"Searing Blow","floor":1.0},{"not_picked":["Thunderclap","Iron Wave","Spot Weakness"],"picked":"SKIP","floor":2.0},{"not_picked":["Wild Strike","Rage"],"picked":"Evolve","floor":3.0},{"not_picked":["Wild Strike","Infernal Blade","Twin Strike"],"picked":"SKIP","floor":6.0},{"not_picked":["Anger","Pommel Strike","Bloodletting"],"picked":"SKIP","floor":7.0},{"not_picked":["Bloodletting","Limit Break"],"picked":"Clothesline","floor":10.0},{"not_picked":["Pummel","Blood for Blood"],"picked":"Whirlwind","floor":11.0},{"not_picked":["Shockwave","Cleave"],"picked":"Armaments","floor":13.0},{"not_picked":["Reckless Charge","True Grit"],"picked":"Barricade","floor":14.0},{"not_picked":["Ghostly Armor","Iron Wave"],"picked":"Heavy Blade","floor":15.0},{"not_picked":["Double Tap","Brutality"],"picked":"Immolate","floor":16.0},{"not_picked":["Rampage","Body Slam+1","Headbutt"],"picked":"SKIP","floor":18},{"not_picked":["Seeing Red+1","Headbutt"],"picked":"Power Through","floor":20},{"not_picked":["Anger","Infernal Blade","Thunderclap"],"picked":"SKIP","floor":22},{"not_picked":["Sword Boomerang","Body Slam+1","True Grit"],"picked":"SKIP","floor":23},{"not_picked":["Cleave","Sever Soul+1","Perfected Strike+1"],"picked":"SKIP","floor":25},{"not_picked":["Iron Wave","Cleave","Body Slam"],"picked":"SKIP","floor":29},{"not_picked":["Clothesline","Searing Blow","Barricade"],"picked":"SKIP","floor":31},{"not_picked":["Double Tap","Limit Break"],"picked":"Dark Embrace","floor":33},{"not_picked":["Hemokinesis+1","Flex","Body Slam+1"],"picked":"SKIP","floor":35},{"not_picked":["Corruption","Anger","Carnage"],"picked":"SKIP","floor":37},{"not_picked":["Bandage Up","Good Instincts"],"picked":"Transmutation","floor":38},{"not_picked":["Heavy Blade+1","Headbutt","Infernal Blade"],"picked":"SKIP","floor":41},{"not_picked":["Rage","Armaments"],"picked":"Flame Barrier+1","floor":44},{"not_picked":["Fire Breathing+1","Clash","Thunderclap"],"picked":"SKIP","floor":45},{"not_picked":["Armaments","Dual Wield"],"picked":"Searing Blow+1","floor":54}],"player_experience":82907,"relics_obtained":[{"floor":6.0,"key":"Paper Frog"},{"floor":9.0,"key":"Dream Catcher"},{"floor":10.0,"key":"Dodecahedron"},{"floor":14.0,"key":"Thread and Needle"},{"floor":23,"key":"FossilizedHelix"},{"floor":25,"key":"Orichalcum"},{"floor":26,"key":"Incense Burner"},{"floor":29,"key":"Potion Belt"},{"floor":31,"key":"Whetstone"},{"floor":41,"key":"PreservedInsect"},{"floor":44,"key":"Juzu Bracelet"},{"floor":46,"key":"Peace Pipe"},{"floor":54,"key":"Strawberry"}],"event_choices":[{"damage_healed":0.0,"max_hp_gain":0.0,"max_hp_loss":0.0,"gold_gain":0.0,"event_name":"WeMeetAgain","player_choice":"Gave Potion","floor":4.0,"gold_loss":0.0,"damage_taken":0.0,"relics_obtained":["Omamori"]},{"damage_healed":0,"gold_gain":0,"player_choice":"Shed Blood","damage_taken":20,"max_hp_gain":5,"max_hp_loss":0,"event_name":"Forgotten Altar","floor":28,"gold_loss":0},{"cards_removed":["Defend_R"],"damage_healed":0,"gold_gain":0,"player_choice":"Removed Skill","damage_taken":0,"max_hp_gain":0,"max_hp_loss":0,"event_name":"Falling","floor":36,"gold_loss":0},{"damage_healed":0,"gold_gain":0,"player_choice":"Memory 1","damage_taken":0,"max_hp_gain":0,"max_hp_loss":0,"event_name":"SensoryStone","floor":38,"gold_loss":0},{"damage_healed":0,"gold_gain":0,"player_choice":"Copied","damage_taken":0,"max_hp_gain":0,"max_hp_loss":0,"event_name":"Duplicator","floor":48,"gold_loss":0,"cards_obtained":["Flame Barrier"]}],"is_beta":false,"boss_relics":[{"not_picked":["Eternal Feather","Runic Pyramid"],"picked":"Velvet Choker"},{"not_picked":["Cursed Key","Coffee Dripper"],"picked":"Empty Cage"}],"items_purged_floors":[5,21],"is_endless":false,"potions_floor_spawned":[3,6,10,11,25,29,33,35],"ascension_level":2}