{"gold_per_floor":[216,316,36,46,62,89,109,141,141,111,126,151,151,190,190,316,316,337,42,62,87,101,101,144,144,144,144],"floor_reached":27,"playtime":7553,"items_purged":[],"score":302,"play_id":"a9df3dd5-4aef-4f5c-ba1a-9e10d6df6c4f","local_time":"20190807234336","is_ascension_mode":true,"campfire_choices":[{"floor":15,"key":"REST"},{"data":"True Grit","floor":23,"key":"SMITH"},{"data":"True Grit","floor":25,"key":"SMITH"}],"neow_cost":"NONE","seed_source_timestamp":10905746714434,"circlet_count":0,"master_deck":["Strike_R","Strike_R","Strike_R","Strike_R","Strike_R","Defend_R","Bash","Twin Strike","Inflame","True Grit+1","Shrug It Off","Shrug It Off","True Grit+1","Perfected Strike","Shrug It Off","Demon Form","Limit Break","Power Through+1","Double Tap+1","Power Through+1","Whirlwind","Flame Barrier","Clothesline"],"relics":["Burning Blood","Lantern","Bag of Preparation","Paper Frog","Dodecahedron","Boot","Golden Idol","PreservedInsect","Astrolabe","Pocketwatch","Bottled Flame"],"potions_floor_usage":[6,11,14,16,16,24,24,27],"damage_taken":[{"damage":0,"enemies":"2 Louse","floor":1,"turns":2},{"damage":6,"enemies":"Cultist","floor":4,"turns":3},{"damage":0,"enemies":"Small Slimes","floor":5,"turns":3},{"damage":29,"enemies":"3 Sentries","floor":6,"turns":10},{"damage":3,"enemies":"2 Fungi Beasts","floor":7,"turns":4},{"damage":27,"enemies":"Gremlin Nob","floor":8,"turns":5},{"damage":0,"enemies":"Blue Slaver","floor":11,"turns":4},{"damage":23,"enemies":"Lagavulin","floor":12,"turns":8},{"damage":22,"enemies":"Gremlin Nob","floor":14,"turns":4},{"damage":50,"enemies":"Slime Boss","floor":16,"turns":16},{"damage":1,"enemies":"Shell Parasite","floor":18,"turns":6},{"damage":4,"enemies":"2 Thieves","floor":20,"turns":5},{"damage":0,"enemies":"Chosen and Byrds","floor":21,"turns":6},{"damage":0,"enemies":"Cultist and Chosen","floor":22,"turns":5},{"damage":22,"enemies":"Slavers","floor":24,"turns":9},{"damage":71,"enemies":"Masked Bandits","floor":27,"turns":7}],"seed_played":"-7175220609038964175","potions_obtained":[{"floor":4,"key":"AttackPotion"},{"floor":5,"key":"BloodPotion"},{"floor":10,"key":"SkillPotion"},{"floor":10,"key":"AttackPotion"},{"floor":14,"key":"Ancient Potion"},{"floor":16,"key":"LiquidBronze"},{"floor":21,"key":"Dexterity Potion"},{"floor":22,"key":"Ancient Potion"}],"is_trial":false,"path_per_floor":["M","?","$","M","M","E","M","E","T","?","M","E","?","E","R","B",null,"M","$","M","M","M","R","E","R","T","?"],"character_chosen":"IRONCLAD","items_purchased":["Inflame","True Grit","Lantern","Pocketwatch"],"campfire_rested":1,"item_purchase_floors":[3,3,3,19],"current_hp_per_floor":[80,80,80,80,80,57,60,39,39,39,45,28,28,12,34,8,74,74,74,74,74,74,74,58,58,58,0],"gold":144,"neow_bonus":"HUNDRED_GOLD","is_prod":false,"is_daily":false,"chose_seed":false,"campfire_upgraded":2,"win_rate":0,"timestamp":1565210616,"path_taken":["M","?","$","M","M","E","?","E","T","?","?","E","?","E","R","BOSS","M","$","M","M","M","R","E","R","T","?"],"build_version":"2019-07-17","purchased_purges":0,"victory":false,"max_hp_per_floor":[80,80,80,80,80,80,80,80,80,80,80,80,74,74,74,74,74,74,74,74,74,74,74,74,74,74,74],"card_choices":[{"not_picked":["Thunderclap","Clash"],"picked":"Twin Strike","floor":1},{"not_picked":["Clash","Thunderclap"],"picked":"Shrug It Off","floor":4},{"not_picked":["Iron Wave","Bloodletting"],"picked":"Shrug It Off","floor":5},{"not_picked":["Body Slam","Armaments"],"picked":"True Grit","floor":6},{"not_picked":["Thunderclap","Shrug It Off","Offering"],"picked":"SKIP","floor":7},{"not_picked":["Disarm","Twin Strike"],"picked":"Perfected Strike","floor":8},{"not_picked":["Dual Wield","Clash"],"picked":"Shrug It Off","floor":11},{"not_picked":["Rampage","Sword Boomerang","Flex"],"picked":"SKIP","floor":12},{"not_picked":["Whirlwind","Shockwave"],"picked":"Demon Form","floor":14},{"not_picked":["Dark Embrace","Demon Form"],"picked":"Limit Break","floor":16},{"not_picked":["Thunderclap","Havoc","Spot Weakness"],"picked":"SKIP","floor":18},{"not_picked":["Rupture+1","Blood for Blood+1"],"picked":"Whirlwind","floor":20},{"not_picked":["Thunderclap+1","Anger+1"],"picked":"Flame Barrier","floor":21},{"not_picked":["Bludgeon","Body Slam"],"picked":"Clothesline","floor":22},{"not_picked":["Sentinel","Feel No Pain+1","Pummel"],"picked":"SKIP","floor":24}],"player_experience":112007,"relics_obtained":[{"floor":6,"key":"Bag of Preparation"},{"floor":8,"key":"Paper Frog"},{"floor":9,"key":"Dodecahedron"},{"floor":12,"key":"Boot"},{"floor":14,"key":"PreservedInsect"},{"floor":24,"key":"Bottled Flame"}],"event_choices":[{"damage_healed":0,"gold_gain":100,"player_choice":"Pray","damage_taken":0,"max_hp_gain":0,"max_hp_loss":0,"event_name":"Golden Shrine","floor":2,"gold_loss":0},{"damage_healed":0,"gold_gain":0,"player_choice":"Bought 2 Potions","damage_taken":0,"max_hp_gain":0,"max_hp_loss":0,"event_name":"The Woman in Blue","floor":10,"gold_loss":0},{"damage_healed":0,"gold_gain":0,"player_choice":"Lose Max HP","damage_taken":0,"relics_obtained":["Golden Idol"],"max_hp_gain":0,"max_hp_loss":6,"event_name":"Golden Idol","floor":13,"gold_loss":0},{"damage_healed":0,"gold_gain":0,"player_choice":"Fought Bandits","damage_taken":0,"max_hp_gain":0,"max_hp_loss":0,"event_name":"Masked Bandits","floor":27,"gold_loss":0}],"is_beta":false,"boss_relics":[{"not_picked":["Calling Bell","Black Star"],"picked":"Astrolabe"}],"items_purged_floors":[],"is_endless":false,"potions_floor_spawned":[4,5,14,16,21,22],"killed_by":"Masked Bandits","ascension_level":3}