{"gold_per_floor":[112,112,123,142,217,217,248,248,248,248,263,274,274],"floor_reached":13,"playtime":357,"items_purged":[],"score":149,"play_id":"bd83cfe0-8721-4429-a62a-5e2cbd0a3f16","local_time":"20190210160126","is_ascension_mode":true,"campfire_choices":[{"data":"Dualcast","floor":6,"key":"SMITH"},{"data":"Zap","floor":8,"key":"SMITH"},{"data":"1","floor":10,"key":"LIFT"}],"neow_cost":"TEN_PERCENT_HP_LOSS","seed_source_timestamp":1599280146165,"circlet_count":0,"master_deck":["AscendersBane","Strike_B","Strike_B","Strike_B","Defend_B","Defend_B","Defend_B","Zap+1","Dualcast+1","Beam Cell+1","Auto Shields","Skim","Static Discharge"],"relics":["Cracked Core","Dead Branch","Girya"],"potions_floor_usage":[7],"damage_taken":[{"damage":0,"enemies":"2 Louse","floor":1,"turns":2},{"damage":1,"enemies":"Cultist","floor":3,"turns":3},{"damage":2,"enemies":"Jaw Worm","floor":4,"turns":3},{"damage":20,"enemies":"3 Sentries","floor":7,"turns":8},{"damage":0,"enemies":"Blue Slaver","floor":11,"turns":3},{"damage":6,"enemies":"Exordium Wildlife","floor":12,"turns":4},{"damage":9,"enemies":"Lagavulin","floor":13,"turns":4}],"seed_played":"6047013267802413227","potions_obtained":[{"floor":3,"key":"SteroidPotion"},{"floor":7,"key":"SteroidPotion"},{"floor":12,"key":"Poison Potion"}],"is_trial":false,"path_per_floor":["M","?","M","M","?","R","E","R","T","R","M","M","E"],"character_chosen":"DEFECT","items_purchased":[],"campfire_rested":0,"item_purchase_floors":[],"current_hp_per_floor":[64,64,63,61,50,50,30,30,30,30,30,24,15],"gold":274,"neow_bonus":"REMOVE_TWO","is_prod":false,"is_daily":false,"chose_seed":false,"campfire_upgraded":2,"win_rate":0,"timestamp":1549785686,"path_taken":["M","?","M","?","?","R","E","R","T","R","M","M","E"],"build_version":"2019-02-06","purchased_purges":0,"victory":false,"max_hp_per_floor":[64,64,64,64,64,64,64,64,64,64,64,64,64],"card_choices":[{"not_picked":["Compile Driver","Stack"],"picked":"Beam Cell","floor":1},{"not_picked":["Redo","Steam"],"picked":"Auto Shields","floor":3},{"not_picked":["Compile Driver","Coolheaded"],"picked":"Skim","floor":4},{"not_picked":["Sweeping Beam","Amplify","Redo"],"picked":"SKIP","floor":7},{"not_picked":["Sweeping Beam","Amplify","Redo"],"picked":"SKIP","floor":7},{"not_picked":["Storm","Redo","Capacitor"],"picked":"SKIP","floor":11},{"not_picked":["Steam","Turbo"],"picked":"Static Discharge","floor":12}],"player_experience":774047,"relics_obtained":[{"floor":7,"key":"Dead Branch"},{"floor":9,"key":"Girya"}],"event_choices":[{"damage_healed":0,"gold_gain":0,"player_choice":"Upgraded","damage_taken":0,"max_hp_gain":0,"max_hp_loss":0,"event_name":"Upgrade Shrine","floor":2,"gold_loss":0,"cards_upgraded":["Beam Cell"]},{"damage_healed":0,"gold_gain":75,"player_choice":"Gather Gold","damage_taken":11,"max_hp_gain":0,"max_hp_loss":0,"event_name":"World of Goop","floor":5,"gold_loss":0}],"is_beta":true,"boss_relics":[],"items_purged_floors":[],"is_endless":false,"potions_floor_spawned":[3,7,12],"killed_by":"Lagavulin","ascension_level":15}