{"gold_per_floor":[17,92,92,92,35,75,75,114,114,114],"floor_reached":10,"playtime":218,"items_purged":[],"score":144,"play_id":"ab6161c0-3aaf-49b8-952f-bf857308eb3c","local_time":"20181208212909","is_ascension_mode":true,"campfire_choices":[{"floor":7,"key":"REST"}],"neow_cost":"NO_GOLD","seed_source_timestamp":0,"circlet_count":0,"master_deck":["AscendersBane","Strike_B","Strike_B","Strike_B","Strike_B","Defend_B","Defend_B","Defend_B","Defend_B","Zap","Dualcast","Enlightenment","Purity","Streamline","Ball Lightning","Loop","Buffer"],"relics":["Cracked Core","Golden Idol","Lantern","Prayer Wheel","Darkstone Periapt"],"potions_floor_usage":[8],"damage_taken":[{"damage":2,"enemies":"2 Louse","floor":1,"turns":3},{"damage":44,"enemies":"Gremlin Nob","floor":6,"turns":4},{"damage":20,"enemies":"3 Sentries","floor":8,"turns":6},{"damage":9,"enemies":"Small Slimes","floor":10,"turns":1}],"seed_played":"-95672771496789869","potions_obtained":[{"floor":6,"key":"Fire Potion"}],"is_trial":false,"path_per_floor":["M","?","?","?","$","E","R","E","T","M"],"character_chosen":"DEFECT","items_purchased":["Ball Lightning"],"campfire_rested":1,"item_purchase_floors":[5],"current_hp_per_floor":[62,51,51,51,51,7,26,6,6,0],"gold":114,"neow_bonus":"RANDOM_COLORLESS_2","is_prod":false,"is_daily":false,"chose_seed":true,"campfire_upgraded":0,"win_rate":0,"timestamp":1544275749,"path_taken":["M","?","?","?","$","E","R","E","T","M"],"build_version":"2018-12-06","purchased_purges":0,"victory":false,"max_hp_per_floor":[71,71,71,64,64,64,64,64,64,64],"card_choices":[{"not_picked":["Conserve Battery","Leap"],"picked":"Streamline","floor":1},{"not_picked":["Barrage","Compile Driver"],"picked":"Loop","floor":6},{"not_picked":["Rip and Tear","Hologram"],"picked":"Buffer","floor":8}],"player_experience":603543,"relics_obtained":[{"floor":6,"key":"Lantern"},{"floor":8,"key":"Prayer Wheel"},{"floor":9,"key":"Darkstone Periapt"}],"event_choices":[{"damage_healed":0,"gold_gain":75,"player_choice":"Gather Gold","damage_taken":11,"max_hp_gain":0,"max_hp_loss":0,"event_name":"World of Goop","floor":2,"gold_loss":0},{"damage_healed":0,"gold_gain":0,"player_choice":"Leave","damage_taken":0,"max_hp_gain":0,"max_hp_loss":0,"event_name":"The Cleric","floor":3,"gold_loss":0},{"damage_healed":0,"gold_gain":0,"player_choice":"Lose Max HP","damage_taken":0,"relics_obtained":["Golden Idol"],"max_hp_gain":0,"max_hp_loss":7,"event_name":"Golden Idol","floor":4,"gold_loss":0}],"is_beta":true,"boss_relics":[],"items_purged_floors":[],"is_endless":false,"potions_floor_spawned":[6],"killed_by":"Small Slimes","ascension_level":20}