{"gold_per_floor":[112,123,2,13,25,25,57,57,57,75,86,99,127,32,32,127,127,139,44,44,44,54,67,67,67,67,67,97,12,12,12,12,111,111,123,123,123,73,88,88,103,103,149,164,176,87,87,103,103,103],"floor_reached":50,"playtime":8586,"items_purged":["Strike_B","Defend_B","Defend_B","Strike_B"],"score":496,"play_id":"27c00641-8d2b-4ec6-9c2e-766c7179418f","local_time":"20190805233006","is_ascension_mode":true,"campfire_choices":[{"data":"Zap","floor":6,"key":"SMITH"},{"data":"Chill","floor":8,"key":"SMITH"},{"data":"Go for the Eyes","floor":15,"key":"SMITH"},{"data":"Barrage","floor":25,"key":"SMITH"},{"data":"Streamline","floor":27,"key":"SMITH"},{"data":"Go for the Eyes","floor":30,"key":"SMITH"},{"floor":32,"key":"REST"},{"floor":40,"key":"RECALL"},{"data":"Loop","floor":47,"key":"SMITH"},{"data":"Lockon","floor":49,"key":"SMITH"}],"neow_cost":"NONE","seed_source_timestamp":6886108078057,"circlet_count":0,"master_deck":["Strike_B","Defend_B","Zap+1","Go for the Eyes+1","Steam","BootSequence","Lockon+1","FTL","Chill+1","Streamline+1","Barrage+1","Echo Form","Coolheaded+1","Redo+1","Reboot+1","Steam+1","Go for the Eyes+1","Self Repair","Steam+1","Reboot+1","Madness+1","Madness+1","Tempest+1","Blind+1","Loop+1","Go for the Eyes+1"],"relics":["Cracked Core","Smiling Mask","Bronze Scales","Toxic Egg 2","Sozu","Enchiridion","Oddly Smooth Stone","Juzu Bracelet","Empty Cage","Ancient Tea Set"],"potions_floor_usage":[16,16,16],"damage_taken":[{"damage":1,"enemies":"Cultist","floor":1,"turns":3},{"damage":0,"enemies":"Small Slimes","floor":2,"turns":2},{"damage":0,"enemies":"2 Louse","floor":4,"turns":2},{"damage":0,"enemies":"2 Fungi Beasts","floor":5,"turns":3},{"damage":2,"enemies":"Lagavulin","floor":7,"turns":6},{"damage":0,"enemies":"Blue Slaver","floor":10,"turns":3},{"damage":0,"enemies":"3 Louse","floor":11,"turns":3},{"damage":0,"enemies":"2 Fungi Beasts","floor":12,"turns":2},{"damage":21,"enemies":"Gremlin Nob","floor":13,"turns":4},{"damage":15,"enemies":"Hexaghost","floor":16,"turns":9},{"damage":1,"enemies":"2 Thieves","floor":18,"turns":3},{"damage":0,"enemies":"3 Byrds","floor":22,"turns":3},{"damage":6,"enemies":"Centurion and Healer","floor":23,"turns":4},{"damage":18,"enemies":"Slavers","floor":28,"turns":4},{"damage":37,"enemies":"Automaton","floor":33,"turns":11},{"damage":0,"enemies":"Orb Walker","floor":35,"turns":3},{"damage":0,"enemies":"3 Darklings","floor":39,"turns":4},{"damage":7,"enemies":"Writhing Mass","floor":41,"turns":5},{"damage":6,"enemies":"Sphere and 2 Shapes","floor":44,"turns":4},{"damage":11,"enemies":"Jaw Worm Horde","floor":45,"turns":5},{"damage":5,"enemies":"Transient","floor":48,"turns":5},{"damage":70,"enemies":"Time Eater","floor":50,"turns":10}],"seed_played":"-5850124139712657631","potions_obtained":[{"floor":2,"key":"FocusPotion"},{"floor":5,"key":"SkillPotion"},{"floor":7,"key":"Regen Potion"},{"floor":11,"key":"Dexterity Potion"}],"is_trial":false,"path_per_floor":["M","M","$","M","M","R","E","R","T","M","M","M","E","$","R","B",null,"M","$","?","$","M","M","?","R","T","R","E","?","R","$","R","B",null,"M","?","?","$","M","R","M","?","T","M","M","$","R","M","R","B"],"character_chosen":"DEFECT","items_purchased":["BootSequence","Lockon","Redo+1","Go for the Eyes","Loop"],"campfire_rested":1,"item_purchase_floors":[3,3,14,19,46],"current_hp_per_floor":[74,74,74,74,74,74,72,72,72,72,72,72,51,51,51,51,75,74,74,58,58,58,52,52,52,52,52,41,41,41,41,63,26,75,75,75,66,66,73,73,73,73,73,67,63,63,63,65,65,0],"gold":103,"neow_bonus":"REMOVE_CARD","is_prod":false,"is_daily":false,"chose_seed":false,"campfire_upgraded":8,"win_rate":0,"timestamp":1565037006,"path_taken":["M","M","$","M","M","R","E","R","T","M","M","M","E","?","R","BOSS","M","$","?","$","M","M","?","R","T","R","E","?","R","?","R","BOSS","M","?","?","$","M","R","M","?","T","M","M","$","R","M","R","BOSS"],"build_version":"2019-07-17","purchased_purges":4,"victory":false,"max_hp_per_floor":[75,75,75,75,75,75,75,75,75,75,75,75,75,75,75,75,75,75,75,75,75,75,75,75,75,75,75,75,75,75,75,75,75,75,75,75,75,75,75,75,75,75,75,75,75,75,75,75,75,75],"card_choices":[{"not_picked":["Streamline","Compile Driver"],"picked":"Go for the Eyes","floor":1},{"not_picked":["Beam Cell","Go for the Eyes"],"picked":"Steam","floor":2},{"not_picked":["Rip and Tear","Reprogram","Chaos"],"picked":"SKIP","floor":4},{"not_picked":["Streamline","Consume"],"picked":"FTL","floor":5},{"not_picked":["Compile Driver","Reprogram"],"picked":"Chill","floor":7},{"not_picked":["Go for the Eyes","Hologram"],"picked":"Streamline","floor":10},{"not_picked":["Stack","Leap"],"picked":"Barrage","floor":11},{"not_picked":["Beam Cell","Static Discharge"],"picked":"Echo Form","floor":12},{"not_picked":["Rebound","Ball Lightning"],"picked":"Coolheaded","floor":13},{"not_picked":["Biased Cognition","Seek+1"],"picked":"Reboot+1","floor":16},{"not_picked":["Gash","Beam Cell"],"picked":"Steam+1","floor":18},{"not_picked":["Compile Driver","Beam Cell","Streamline"],"picked":"SKIP","floor":22},{"not_picked":["Barrage+1","Force Field+1"],"picked":"Self Repair","floor":23},{"not_picked":["Consume+1","Sweeping Beam"],"picked":"Steam+1","floor":28},{"not_picked":["Multi-Cast+1","Echo Form"],"picked":"Reboot+1","floor":33},{"not_picked":["Compile Driver+1","Blizzard+1","Steam+1"],"picked":"SKIP","floor":35},{"not_picked":["Compile Driver","Reprogram+1"],"picked":"Tempest+1","floor":39},{"not_picked":["Conserve Battery+1","Cold Snap+1","Scrape+1"],"picked":"SKIP","floor":41},{"not_picked":["Bandage Up+1","Sadistic Nature"],"picked":"Blind+1","floor":42},{"not_picked":["Steam Power+1","Heatsinks+1","Hello World+1"],"picked":"SKIP","floor":44},{"not_picked":["Aggregate+1","Reprogram+1","Sweeping Beam+1"],"picked":"SKIP","floor":45},{"not_picked":["Scrape+1","Redo+1"],"picked":"Go for the Eyes+1","floor":48}],"player_experience":62238,"relics_obtained":[{"floor":7,"key":"Smiling Mask"},{"floor":9,"key":"Bronze Scales"},{"floor":13,"key":"Toxic Egg 2"},{"floor":20,"key":"Enchiridion"},{"floor":28,"key":"Oddly Smooth Stone"},{"floor":43,"key":"Ancient Tea Set"}],"event_choices":[{"damage_healed":0,"gold_gain":0,"player_choice":"Obtained Book","damage_taken":16,"max_hp_gain":0,"max_hp_loss":0,"event_name":"Cursed Tome","floor":20,"gold_loss":0},{"damage_healed":0,"gold_gain":0,"player_choice":"Ignored","damage_taken":0,"max_hp_gain":0,"max_hp_loss":0,"event_name":"The Mausoleum","floor":24,"gold_loss":0},{"damage_healed":0,"gold_gain":0,"player_choice":"Obtained Relic","damage_taken":0,"relics_obtained":["Juzu Bracelet"],"max_hp_gain":0,"max_hp_loss":0,"event_name":"Addict","floor":29,"gold_loss":85},{"damage_healed":0,"gold_gain":0,"player_choice":"Ignored","damage_taken":0,"max_hp_gain":0,"max_hp_loss":0,"event_name":"Tomb of Lord Red Mask","floor":36,"gold_loss":0},{"damage_healed":0,"gold_gain":0,"player_choice":"Embrace Madness","damage_taken":9,"max_hp_gain":0,"max_hp_loss":0,"event_name":"Winding Halls","floor":37,"gold_loss":0,"cards_obtained":["Madness","Madness"]},{"damage_healed":0,"gold_gain":0,"player_choice":"Memory 1","damage_taken":0,"max_hp_gain":0,"max_hp_loss":0,"event_name":"SensoryStone","floor":42,"gold_loss":0}],"is_beta":false,"boss_relics":[{"not_picked":["Orrery","Snecko Eye"],"picked":"Sozu"},{"not_picked":["Inserter","Calling Bell"],"picked":"Empty Cage"}],"items_purged_floors":[14,19,38,46],"is_endless":false,"potions_floor_spawned":[2,5,7,11,13,23,28,35,39,48],"killed_by":"Time Eater","ascension_level":1}