{"gold_per_floor":[113,113,288,299,310,310,3,3,3,17,17,36,0,25,25,25],"floor_reached":16,"playtime":1012,"items_purged":[],"score":100,"play_id":"f2b7620c-1c81-4427-9884-80a6dfa0bb4c","local_time":"20190804093901","is_ascension_mode":false,"campfire_choices":[{"data":"Die Die Die","floor":6,"key":"SMITH"},{"data":"Calculated Gamble","floor":11,"key":"SMITH"},{"floor":15,"key":"REST"}],"neow_cost":"NONE","seed_source_timestamp":1039573603843560,"circlet_count":0,"master_deck":["Strike_G","Strike_G","Strike_G","Strike_G","Strike_G","Defend_G","Defend_G","Defend_G","Defend_G","Defend_G","Survivor","Neutralize","Flying Knee","Doubt","Underhanded Strike","Die Die Die+1","Underhanded Strike","Calculated Gamble+1","Underhanded Strike","All Out Attack","Backstab"],"relics":["Ring of the Snake","NeowsBlessing","OrangePellets","Strawberry","Mercury Hourglass","Gremlin Horn"],"potions_floor_usage":[],"damage_taken":[{"damage":0,"enemies":"2 Louse","floor":1,"turns":1},{"damage":0,"enemies":"Jaw Worm","floor":4,"turns":1},{"damage":0,"enemies":"Small Slimes","floor":5,"turns":1},{"damage":5,"enemies":"Exordium Thugs","floor":10,"turns":2},{"damage":2,"enemies":"2 Fungi Beasts","floor":12,"turns":3},{"damage":27,"enemies":"Gremlin Nob","floor":14,"turns":5},{"damage":66,"enemies":"Hexaghost","floor":16,"turns":14}],"seed_played":"-5743536523308414638","potions_obtained":[{"floor":10,"key":"SteroidPotion"}],"is_trial":false,"path_per_floor":["M","?","?","M","M","R","$","?","T","M","R","M","?","E","R","B"],"character_chosen":"THE_SILENT","items_purchased":["OrangePellets","Underhanded Strike","Calculated Gamble"],"campfire_rested":1,"item_purchase_floors":[7,7,7],"current_hp_per_floor":[70,70,70,70,70,70,70,74,74,69,69,67,67,40,63,0],"gold":25,"neow_bonus":"THREE_ENEMY_KILL","is_prod":false,"is_daily":false,"chose_seed":false,"campfire_upgraded":2,"win_rate":0.0,"timestamp":1564925941,"path_taken":["M","?","?","M","M","R","$","?","T","M","R","M","?","E","R","BOSS"],"build_version":"2019-06-28","purchased_purges":0,"victory":false,"max_hp_per_floor":[70,70,70,70,70,70,70,77,77,77,77,77,77,77,77,77],"card_choices":[{"not_picked":["Outmaneuver","Dagger Throw"],"picked":"Flying Knee","floor":1},{"not_picked":["Deadly Poison","Crippling Poison"],"picked":"Underhanded Strike","floor":4},{"not_picked":["Quick Slash","Flying Knee"],"picked":"Die Die Die","floor":5},{"not_picked":["Deflect","Dagger Throw"],"picked":"Underhanded Strike","floor":10},{"not_picked":["Infinite Blades","Riddle With Holes"],"picked":"All Out Attack","floor":12},{"not_picked":["Dash","Dodge and Roll"],"picked":"Backstab","floor":14}],"player_experience":6685,"relics_obtained":[{"floor":9,"key":"Mercury Hourglass"},{"floor":14,"key":"Gremlin Horn"}],"event_choices":[{"damage_healed":0,"gold_gain":0,"player_choice":"Leave","damage_taken":0,"max_hp_gain":0,"max_hp_loss":0,"event_name":"The Cleric","floor":2,"gold_loss":0},{"damage_healed":0,"gold_gain":175,"player_choice":"AGREE","damage_taken":0,"max_hp_gain":0,"max_hp_loss":0,"event_name":"Liars Game","floor":3,"gold_loss":0,"cards_obtained":["Doubt"]},{"damage_healed":0,"gold_gain":0,"player_choice":"Success","damage_taken":3,"relics_obtained":["Strawberry"],"max_hp_gain":0,"max_hp_loss":0,"event_name":"Scrap Ooze","floor":8,"gold_loss":0},{"damage_healed":0,"gold_gain":0,"player_choice":"Left Gold","damage_taken":0,"max_hp_gain":0,"max_hp_loss":0,"event_name":"World of Goop","floor":13,"gold_loss":36}],"is_beta":true,"boss_relics":[],"items_purged_floors":[],"is_endless":false,"potions_floor_spawned":[10],"killed_by":"Hexaghost","ascension_level":0}