{"gold_per_floor":[116,116,136,211,231,156,156,186,210,238,250],"floor_reached":11,"playtime":218,"items_purged":[],"score":128,"play_id":"d2d05617-be41-428e-87cb-43e9550eb227","local_time":"20190210155459","is_ascension_mode":true,"campfire_choices":[],"neow_cost":"NONE","seed_source_timestamp":1351292972237,"circlet_count":0,"master_deck":["AscendersBane","Defend_G","Defend_G","Defend_G","Defend_G","Defend_G","Strike_G","Strike_G","Strike_G","Strike_G","Survivor","Neutralize+1","Masterful Stab","Escape Plan","PiercingWail","Deadly Poison","Dodge and Roll"],"relics":["Ring of the Snake","NeowsBlessing","Bag of Marbles","MawBank"],"potions_floor_usage":[8],"damage_taken":[{"damage":0,"enemies":"2 Louse","floor":1,"turns":1},{"damage":0,"enemies":"Cultist","floor":3,"turns":1},{"damage":0,"enemies":"Small Slimes","floor":5,"turns":1},{"damage":52,"enemies":"Gremlin Nob","floor":8,"turns":7},{"damage":0,"enemies":"Looter","floor":10,"turns":3},{"damage":15,"enemies":"Lagavulin","floor":11,"turns":2}],"seed_played":"-556639853925084268","potions_obtained":[{"floor":5,"key":"Swift Potion"}],"is_trial":false,"path_per_floor":["M","?","M","?","M","?","?","E","T","M","E"],"character_chosen":"THE_SILENT","items_purchased":[],"campfire_rested":0,"item_purchase_floors":[],"current_hp_per_floor":[59,59,59,48,48,48,53,1,1,1,0],"gold":250,"neow_bonus":"THREE_ENEMY_KILL","is_prod":false,"is_daily":false,"chose_seed":false,"campfire_upgraded":0,"win_rate":0,"timestamp":1549785299,"path_taken":["M","?","?","?","M","?","?","E","T","M","E"],"build_version":"2019-02-06","purchased_purges":0,"victory":false,"max_hp_per_floor":[66,66,66,66,66,66,71,71,71,71,71],"card_choices":[{"not_picked":["Acrobatics","Deflect"],"picked":"Masterful Stab","floor":1},{"not_picked":["Slice","Leg Sweep"],"picked":"Escape Plan","floor":3},{"not_picked":["Setup","Riddle With Holes"],"picked":"PiercingWail","floor":5},{"not_picked":["Prepared","Bane"],"picked":"Deadly Poison","floor":8},{"not_picked":["Deadly Poison","Dodge and Roll","Quick Slash"],"picked":"SKIP","floor":10},{"not_picked":["Deadly Poison","Quick Slash"],"picked":"Dodge and Roll","floor":10}],"player_experience":773829,"relics_obtained":[{"floor":8,"key":"Bag of Marbles"},{"floor":9,"key":"MawBank"}],"event_choices":[{"damage_healed":0,"gold_gain":0,"player_choice":"Upgraded","damage_taken":0,"max_hp_gain":0,"max_hp_loss":0,"event_name":"Upgrade Shrine","floor":2,"gold_loss":0,"cards_upgraded":["Neutralize"]},{"damage_healed":0,"gold_gain":75,"player_choice":"Gather Gold","damage_taken":11,"max_hp_gain":0,"max_hp_loss":0,"event_name":"World of Goop","floor":4,"gold_loss":0},{"cards_removed":["Strike_G"],"damage_healed":0,"gold_gain":0,"player_choice":"Card Removal","damage_taken":0,"max_hp_gain":0,"max_hp_loss":0,"event_name":"The Cleric","floor":6,"gold_loss":75},{"damage_healed":0,"gold_gain":0,"player_choice":"Donut","damage_taken":0,"max_hp_gain":5,"max_hp_loss":0,"event_name":"Big Fish","floor":7,"gold_loss":0}],"is_beta":true,"boss_relics":[],"items_purged_floors":[],"is_endless":false,"potions_floor_spawned":[5],"killed_by":"Lagavulin","ascension_level":15}