{"gold_per_floor":[116,131,131,206,222,222,237,237,264,264,264,279,279,292,292,292],"floor_reached":16,"playtime":982,"items_purged":[],"score":175,"play_id":"c1aa51b0-9fec-4df8-a5fe-948f821d7406","local_time":"20181121202104","is_ascension_mode":true,"campfire_choices":[{"data":"Neutralize","floor":6.0,"key":"SMITH"},{"data":"Terror","floor":8.0,"key":"SMITH"},{"data":"After Image","floor":10.0,"key":"SMITH"},{"floor":15,"key":"REST"}],"neow_cost":"NONE","seed_source_timestamp":2150980108207,"circlet_count":0,"master_deck":["AscendersBane","Defend_G","Defend_G","Defend_G","Defend_G","Defend_G","Strike_G","Strike_G","Strike_G","Strike_G","Survivor","Neutralize+1","Terror+1","After Image+1","Flechettes","Footwork"],"special_seed":0,"relics":["Ring of the Snake","Pantograph","Anchor","Juzu Bracelet","Bag of Marbles"],"potions_floor_usage":[14,16,16],"damage_taken":[{"damage":10.0,"enemies":"Cultist","floor":1.0,"turns":6.0},{"damage":2.0,"enemies":"Small Slimes","floor":2.0,"turns":4.0},{"damage":5.0,"enemies":"2 Louse","floor":5.0,"turns":3.0},{"damage":6.0,"enemies":"Looter","floor":7.0,"turns":3.0},{"damage":0,"enemies":"Exordium Wildlife","floor":12,"turns":5},{"damage":4,"enemies":"Large Slime","floor":14,"turns":9},{"damage":47,"enemies":"Hexaghost","floor":16,"turns":16}],"seed_played":"-1872699689810382390","potions_obtained":[{"floor":1.0,"key":"Poison Potion"},{"floor":2.0,"key":"SpeedPotion"},{"floor":14,"key":"GhostInAJar"}],"is_trial":false,"path_per_floor":["M","M","T","?","M","R","M","R","T","R","?","M","T","M","R","B"],"character_chosen":"THE_SILENT","items_purchased":[],"campfire_rested":1,"item_purchase_floors":[],"current_hp_per_floor":[49,47,47,36,31,31,25,25,25,25,7,7,7,3,22,0],"gold":292,"neow_bonus":"REMOVE_CARD","is_prod":false,"is_daily":false,"chose_seed":false,"campfire_upgraded":3,"win_rate":0,"timestamp":1542802864,"path_taken":["M","M","?","?","M","R","M","R","T","R","?","M","?","M","R","BOSS"],"build_version":"2018-11-15","purchased_purges":0,"victory":false,"max_hp_per_floor":[66,66,66,66,66,66,66,66,66,66,66,66,66,66,66,66],"card_choices":[{"not_picked":["Choke","PiercingWail"],"picked":"Terror","floor":1.0},{"not_picked":["Acrobatics","Slice","Choke"],"picked":"SKIP","floor":2.0},{"not_picked":["Quick Slash","Slice","Underhanded Strike"],"picked":"SKIP","floor":5.0},{"not_picked":["Predator","Dagger Spray"],"picked":"After Image","floor":7.0},{"not_picked":["Sucker Punch","Choke"],"picked":"Flechettes","floor":12},{"not_picked":["Bane","Leg Sweep"],"picked":"Footwork","floor":14}],"player_experience":551737,"relics_obtained":[{"floor":3.0,"key":"Pantograph"},{"floor":9.0,"key":"Anchor"},{"floor":13,"key":"Bag of Marbles"}],"event_choices":[{"damage_healed":0.0,"max_hp_gain":0.0,"max_hp_loss":0.0,"gold_gain":75.0,"event_name":"World of Goop","player_choice":"Gather Gold","floor":4.0,"gold_loss":0.0,"damage_taken":11.0},{"damage_healed":0,"gold_gain":0,"player_choice":"Success","damage_taken":18,"relics_obtained":["Juzu Bracelet"],"max_hp_gain":0,"max_hp_loss":0,"event_name":"Scrap Ooze","floor":11,"gold_loss":0}],"is_beta":true,"boss_relics":[],"items_purged_floors":[],"is_endless":false,"potions_floor_spawned":[1,2,14],"killed_by":"Hexaghost","ascension_level":18}