{"gold_per_floor":[115,265,23,23,23,55,55,55,55,55,69,69,89,108,108,108],"floor_reached":16,"playtime":479,"items_purged":["Doubt"],"score":176,"play_id":"24e3817d-7368-4431-8e96-8d787181a5b9","local_time":"20181108121750","is_ascension_mode":true,"campfire_choices":[{"data":"Glass Knife","floor":7,"key":"SMITH"},{"data":"Bane","floor":10,"key":"SMITH"},{"floor":15,"key":"REST"}],"neow_cost":"TEN_PERCENT_HP_LOSS","seed_source_timestamp":0,"circlet_count":0,"master_deck":["AscendersBane","Defend_G","Defend_G","Defend_G","Defend_G","Defend_G","Strike_G","Strike_G","Strike_G","Strike_G","Survivor","Neutralize+1","Deadly Poison","Catalyst","Well Laid Plans","Glass Knife+1","Bane+1","Blur","PiercingWail","Dagger Spray","Backflip"],"special_seed":0,"relics":["Ring of the Snake","Prayer Wheel","Calipers","Gremlin Horn"],"potions_floor_usage":[16],"damage_taken":[{"damage":4.0,"enemies":"Jaw Worm","floor":1.0,"turns":4.0},{"damage":40,"enemies":"Gremlin Nob","floor":6,"turns":5},{"damage":0,"enemies":"Small Slimes","floor":11,"turns":2},{"damage":3,"enemies":"2 Louse","floor":13,"turns":3},{"damage":1,"enemies":"Blue Slaver","floor":14,"turns":3},{"damage":25,"enemies":"The Guardian","floor":16,"turns":13}],"seed_played":"4327166498412921358","potions_obtained":[{"floor":6,"key":"Ancient Potion"},{"floor":13,"key":"FearPotion"}],"is_trial":false,"path_per_floor":["M","?","$","?","?","E","R","$","T","R","M","?","M","M","R","B"],"character_chosen":"THE_SILENT","items_purchased":["Well Laid Plans","Glass Knife"],"campfire_rested":1,"item_purchase_floors":[3,3],"current_hp_per_floor":[55,55,55,55,48,8,8,8,8,8,8,8,5,4,22,0],"gold":108,"neow_bonus":"ONE_RARE_RELIC","is_prod":false,"is_daily":false,"chose_seed":false,"campfire_upgraded":2,"win_rate":0,"timestamp":1541650670,"path_taken":["M","?","$","?","?","E","R","$","T","R","M","?","M","M","R","BOSS"],"build_version":"2018-11-06","purchased_purges":1,"victory":false,"max_hp_per_floor":[60,60,60,60,60,60,60,60,60,60,60,60,60,60,60,60],"card_choices":[{"not_picked":["Slice","Underhanded Strike"],"picked":"Deadly Poison","floor":1.0},{"not_picked":["Leg Sweep","Blade Dance"],"picked":"Catalyst","floor":1.0},{"not_picked":["Reflex","Heel Hook"],"picked":"Bane","floor":6},{"not_picked":["Backflip","Escape Plan"],"picked":"Blur","floor":11},{"not_picked":["Underhanded Strike","Poisoned Stab"],"picked":"PiercingWail","floor":11},{"not_picked":["Well Laid Plans","Backflip"],"picked":"Dagger Spray","floor":13},{"not_picked":["Expertise","Doppelganger","Outmaneuver"],"picked":"SKIP","floor":13},{"not_picked":["Acrobatics","Leg Sweep"],"picked":"Backflip","floor":14},{"not_picked":["Acrobatics","Riddle With Holes","Tactician"],"picked":"SKIP","floor":14}],"player_experience":512553,"relics_obtained":[{"floor":6,"key":"Calipers"},{"floor":9,"key":"Gremlin Horn"}],"event_choices":[{"damage_healed":0.0,"max_hp_gain":0.0,"max_hp_loss":0.0,"gold_gain":150.0,"event_name":"Liars Game","player_choice":"AGREE","floor":2.0,"gold_loss":0.0,"damage_taken":0.0,"cards_obtained":["Doubt"]},{"damage_healed":0.0,"max_hp_gain":0.0,"max_hp_loss":0.0,"gold_gain":0.0,"event_name":"The Cleric","player_choice":"Leave","floor":4.0,"gold_loss":0.0,"damage_taken":0.0},{"cards_removed":["Strike_G"],"damage_healed":0.0,"max_hp_gain":0.0,"max_hp_loss":0.0,"gold_gain":0.0,"event_name":"Golden Wing","player_choice":"Card Removal","floor":5.0,"gold_loss":0.0,"damage_taken":7.0},{"damage_healed":0,"gold_gain":0,"player_choice":"Grow","damage_taken":0,"max_hp_gain":0,"max_hp_loss":0,"event_name":"Living Wall","floor":12,"gold_loss":0,"cards_upgraded":["Neutralize"]}],"is_beta":true,"boss_relics":[],"items_purged_floors":[3],"is_endless":false,"potions_floor_spawned":[6,13],"killed_by":"The Guardian","ascension_level":16}