{"gold_per_floor":[210,210,224,241,259,259,292,292,292,320,320,346,358,378,378,452,452,465,151,151,161,161,161],"floor_reached":23,"playtime":798,"items_purged":[],"score":422,"play_id":"2c008794-11fb-4f42-a4b9-a802e29c65aa","local_time":"20190427120748","is_ascension_mode":true,"campfire_choices":[{"data":"Sunder","floor":6.0,"key":"SMITH"},{"data":"Hologram","floor":8.0,"key":"SMITH"},{"data":"Beam Cell","floor":15,"key":"SMITH"}],"neow_cost":"NONE","seed_source_timestamp":7670001972686,"circlet_count":0,"master_deck":["AscendersBane","Zap","Dualcast","Ball Lightning","Hologram+1","Sunder+1","Self Repair","Turbo","Beam Cell+1","Conserve Battery","Core Surge","Rip and Tear","Reboot","Doom and Gloom","Self Repair","Heatsinks","FTL","Coolheaded","Apotheosis","Capacitor","Redo","Glacier","Glacier"],"special_seed":0,"relics":["Cracked Core","Dodecahedron","Pear","Ornamental Fan","Blood Vial","Pandora\u0027s Box"],"potions_floor_usage":[12,16,23],"damage_taken":[{"damage":2.0,"enemies":"2 Louse","floor":1.0,"turns":3.0},{"damage":2.0,"enemies":"Cultist","floor":3.0,"turns":4.0},{"damage":4.0,"enemies":"Jaw Worm","floor":4.0,"turns":3.0},{"damage":13.0,"enemies":"Red Slaver","floor":5.0,"turns":3.0},{"damage":22.0,"enemies":"Lagavulin","floor":7.0,"turns":5.0},{"damage":20.0,"enemies":"3 Sentries","floor":10.0,"turns":4.0},{"damage":15,"enemies":"Lagavulin","floor":12,"turns":6},{"damage":0,"enemies":"Large Slime","floor":13,"turns":4},{"damage":11,"enemies":"3 Louse","floor":14,"turns":3},{"damage":18,"enemies":"Slime Boss","floor":16,"turns":7},{"damage":24,"enemies":"3 Byrds","floor":18,"turns":4},{"damage":9,"enemies":"Chosen","floor":21,"turns":4},{"damage":61,"enemies":"Book of Stabbing","floor":23,"turns":6}],"seed_played":"-3552110820122810754","potions_obtained":[{"floor":1.0,"key":"Weak Potion"},{"floor":5.0,"key":"GamblersBrew"},{"floor":10.0,"key":"Fire Potion"},{"floor":14,"key":"Dexterity Potion"},{"floor":16,"key":"SkillPotion"}],"is_trial":false,"path_per_floor":["M","?","M","M","M","R","E","R","T","E","?","E","M","M","R","B",null,"M","$","?","M","?","E"],"character_chosen":"DEFECT","items_purchased":["Apotheosis","Capacitor","Redo"],"campfire_rested":0,"item_purchase_floors":[19,19,19],"current_hp_per_floor":[62,62,60,56,43,43,21,21,31,18,18,10,19,17,17,8,63,55,55,55,62,62,3],"gold":161,"neow_bonus":"HUNDRED_GOLD","is_prod":false,"is_daily":false,"chose_seed":false,"campfire_upgraded":3,"win_rate":0,"timestamp":1556338068,"path_taken":["M","?","M","M","?","R","E","R","T","E","?","E","?","M","R","BOSS","M","$","?","M","?","E"],"build_version":"2019-01-23","purchased_purges":0,"victory":false,"max_hp_per_floor":[71,71,71,71,71,71,71,71,81,81,81,81,81,81,81,81,81,81,81,81,81,81,81],"card_choices":[{"not_picked":["Steam Power","Melter","Gash"],"picked":"SKIP","floor":1.0},{"not_picked":["Redo","Sweeping Beam"],"picked":"Ball Lightning","floor":3.0},{"not_picked":["Compile Driver","Cold Snap"],"picked":"Hologram","floor":4.0},{"not_picked":["Recycle","Barrage"],"picked":"Sunder","floor":5.0},{"not_picked":["Conserve Battery","Sweeping Beam"],"picked":"Self Repair","floor":7.0},{"not_picked":["Meteor Strike","Steam"],"picked":"Turbo","floor":10.0},{"not_picked":["Melter","Sweeping Beam"],"picked":"Beam Cell","floor":12},{"not_picked":["Steam","Go for the Eyes"],"picked":"Conserve Battery","floor":13},{"not_picked":["Melter","Barrage","Force Field"],"picked":"SKIP","floor":14},{"not_picked":["Amplify","All For One"],"picked":"Core Surge","floor":16},{"not_picked":["Hologram","Stack+1","Turbo"],"picked":"SKIP","floor":18},{"not_picked":["Beam Cell","Conserve Battery"],"picked":"Glacier","floor":21}],"player_experience":957300,"relics_obtained":[{"floor":7.0,"key":"Dodecahedron"},{"floor":9.0,"key":"Pear"},{"floor":10.0,"key":"Ornamental Fan"},{"floor":12,"key":"Blood Vial"}],"event_choices":[{"cards_removed":["Strike_B"],"damage_healed":0.0,"max_hp_gain":0.0,"max_hp_loss":0.0,"gold_gain":0.0,"event_name":"Purifier","player_choice":"Purged","floor":2.0,"gold_loss":0.0,"damage_taken":0.0},{"damage_healed":0.0,"max_hp_gain":0.0,"max_hp_loss":0.0,"gold_gain":0.0,"event_name":"Lab","player_choice":"Got Potions","floor":11.0,"gold_loss":0.0,"damage_taken":0.0},{"damage_healed":0,"gold_gain":0,"player_choice":"Read","damage_taken":0,"max_hp_gain":0,"max_hp_loss":0,"event_name":"The Library","floor":20,"gold_loss":0,"cards_obtained":["Glacier"]},{"damage_healed":0,"gold_gain":0,"player_choice":"Ignored","damage_taken":0,"max_hp_gain":0,"max_hp_loss":0,"event_name":"Vampires","floor":22,"gold_loss":0}],"is_beta":false,"boss_relics":[{"not_picked":["Inserter","Orrery"],"picked":"Pandora\u0027s Box"}],"items_purged_floors":[],"is_endless":false,"potions_floor_spawned":[1,5,10,14,16,21],"killed_by":"Book of Stabbing","ascension_level":20}