{"gold_per_floor":[115,115,131,147,161,161,190,190,217,217,228,247,281,281,281,281],"floor_reached":16,"playtime":436,"items_purged":[],"score":224,"play_id":"8cf58ce0-1165-4287-9fd9-2083c173d726","local_time":"20190414123912","is_ascension_mode":true,"campfire_choices":[{"data":"Beam Cell","floor":6.0,"key":"SMITH"},{"data":"Recycle","floor":8.0,"key":"SMITH"},{"floor":10.0,"key":"REST"},{"floor":15,"key":"REST"}],"neow_cost":"NONE","seed_source_timestamp":5445470504695,"circlet_count":0,"master_deck":["AscendersBane","Strike_B","Strike_B","Strike_B","Strike_B","Defend_B","Defend_B","Defend_B","Zap","Dualcast+1","Reinforced Body","Beam Cell+1","Recycle+1","FTL","Genetic Algorithm","Cold Snap","Skim"],"special_seed":0,"relics":["Cracked Core","Juzu Bracelet","Bag of Preparation","Orichalcum"],"potions_floor_usage":[13],"damage_taken":[{"damage":3.0,"enemies":"2 Louse","floor":1.0,"turns":2.0},{"damage":1.0,"enemies":"Cultist","floor":3.0,"turns":3.0},{"damage":0.0,"enemies":"Jaw Worm","floor":4.0,"turns":2.0},{"damage":19.0,"enemies":"Large Slime","floor":5.0,"turns":6.0},{"damage":29.0,"enemies":"Lagavulin","floor":7.0,"turns":8.0},{"damage":1.0,"enemies":"3 Louse","floor":11.0,"turns":4.0},{"damage":1.0,"enemies":"Looter","floor":12.0,"turns":3.0},{"damage":27,"enemies":"Gremlin Nob","floor":13,"turns":4},{"damage":27,"enemies":"Slime Boss","floor":16,"turns":6}],"seed_played":"-3646690080483576846","potions_obtained":[{"floor":4.0,"key":"FearPotion"},{"floor":5.0,"key":"Strength Potion"}],"is_trial":false,"path_per_floor":["M","?","M","M","M","R","E","R","T","R","M","M","E","?","R","B"],"character_chosen":"DEFECT","items_purchased":[],"campfire_rested":2,"item_purchase_floors":[],"current_hp_per_floor":[61,61,60,60,41,41,12,12,12,33,32,31,4,4,25,0],"gold":281,"neow_bonus":"UPGRADE_CARD","is_prod":false,"is_daily":false,"chose_seed":false,"campfire_upgraded":2,"win_rate":0,"timestamp":1555216752,"path_taken":["M","?","M","?","M","R","E","R","T","R","M","M","E","?","R","BOSS"],"build_version":"2019-01-23","purchased_purges":0,"victory":false,"max_hp_per_floor":[71,71,71,71,71,71,71,71,71,71,71,71,71,71,71,71],"card_choices":[{"not_picked":["Conserve Battery","Compile Driver"],"picked":"Reinforced Body","floor":1.0},{"not_picked":["Stack","Turbo"],"picked":"Beam Cell","floor":3.0},{"not_picked":["Beam Cell","Turbo"],"picked":"Recycle","floor":4.0},{"not_picked":["Blizzard","Steam"],"picked":"FTL","floor":5.0},{"not_picked":["Rip and Tear","Compile Driver"],"picked":"Genetic Algorithm","floor":7.0},{"not_picked":["Scrape","Capacitor"],"picked":"Cold Snap","floor":11.0},{"not_picked":["FTL","Go for the Eyes","Rebound"],"picked":"SKIP","floor":12.0},{"not_picked":["Fusion","Double Energy"],"picked":"Skim","floor":13}],"player_experience":943157,"relics_obtained":[{"floor":7.0,"key":"Juzu Bracelet"},{"floor":9.0,"key":"Bag of Preparation"},{"floor":13,"key":"Orichalcum"}],"event_choices":[{"cards_removed":["Defend_B"],"damage_healed":0.0,"max_hp_gain":0.0,"max_hp_loss":0.0,"gold_gain":0.0,"event_name":"Purifier","player_choice":"Purged","floor":2.0,"gold_loss":0.0,"damage_taken":0.0},{"damage_healed":0,"gold_gain":0,"player_choice":"Ignored","damage_taken":0,"max_hp_gain":0,"max_hp_loss":0,"event_name":"Golden Wing","floor":14,"gold_loss":0}],"is_beta":false,"boss_relics":[],"items_purged_floors":[],"is_endless":false,"potions_floor_spawned":[4,5],"killed_by":"Slime Boss","ascension_level":20}