{"gold_per_floor":[115,65,83,103,103,103,135,135,189,217,232,232,243,418,418,418],"floor_reached":16,"playtime":539,"items_purged":[],"score":132,"play_id":"5d422d9f-e609-49ee-82b1-720fe510842e","local_time":"20180720110450","is_ascension_mode":true,"campfire_choices":[{"data":"Dualcast","floor":6,"key":"SMITH"},{"data":"Beam Cell","floor":8,"key":"SMITH"},{"data":"Coolheaded","floor":12,"key":"SMITH"},{"data":"Go for the Eyes","floor":15,"key":"SMITH"}],"neow_cost":"","seed_source_timestamp":6793293080069,"circlet_count":0,"master_deck":["Strike_B","Strike_B","Strike_B","Defend_B","Defend_B","Defend_B","Defend_B","Zap","Dualcast+1","Cold Snap","Turbo","Cold Snap","Beam Cell+1","Conserve Battery","Coolheaded+1","Capacitor","Go for the Eyes+1","Conserve Battery","Doubt"],"relics":["Cracked Core","Boot","Prayer Wheel","Juzu Bracelet","Oddly Smooth Stone"],"potions_floor_usage":[],"damage_taken":[{"damage":1,"enemies":"Cultist","floor":1,"turns":3},{"damage":0,"enemies":"Small Slimes","floor":3,"turns":2},{"damage":0,"enemies":"2 Louse","floor":4,"turns":2},{"damage":15,"enemies":"3 Sentries","floor":7,"turns":9},{"damage":19,"enemies":"Gremlin Nob","floor":10,"turns":4},{"damage":3,"enemies":"Looter","floor":11,"turns":2},{"damage":6,"enemies":"Exordium Wildlife","floor":13,"turns":3},{"damage":28,"enemies":"Hexaghost","floor":16,"turns":9}],"seed_played":"-2464781511367089242","potions_obtained":[{"floor":4,"key":"SpeedPotion"},{"floor":7,"key":"Regen Potion"},{"floor":10,"key":"SkillPotion"},{"floor":13,"key":"SkillPotion"}],"is_trial":false,"path_per_floor":["M","?","M","M","?","R","E","R","T","E","M","R","M","?","R"],"character_chosen":"DEFECT","items_purchased":[],"campfire_rested":0,"item_purchase_floors":[],"current_hp_per_floor":[74,74,74,74,71,71,56,56,56,37,34,34,28,28,28,0],"gold":418,"neow_bonus":"","is_prod":false,"is_daily":false,"chose_seed":false,"campfire_upgraded":4,"win_rate":0,"timestamp":1532055890,"path_taken":["M","?","M","M","?","R","E","R","T","E","M","R","M","?","R","BOSS"],"build_version":"2018-07-19","purchased_purges":0,"victory":false,"max_hp_per_floor":[75,75,75,75,75,75,75,75,75,75,75,75,75,75,75,75],"card_choices":[{"not_picked":["Stack","Force Field"],"picked":"Cold Snap","floor":1},{"not_picked":["Glacier","Undo"],"picked":"Turbo","floor":3},{"not_picked":["Reprogram","Ball Lightning"],"picked":"Cold Snap","floor":4},{"not_picked":["Compile Driver","Turbo"],"picked":"Beam Cell","floor":7},{"not_picked":["Rainbow","BootSequence"],"picked":"Conserve Battery","floor":10},{"not_picked":["Recycle","Beam Cell"],"picked":"Coolheaded","floor":11},{"not_picked":["Conserve Battery","Cold Snap"],"picked":"Capacitor","floor":11},{"not_picked":["Beam Cell","Steam"],"picked":"Go for the Eyes","floor":13},{"not_picked":["Aggregate","Tempest"],"picked":"Conserve Battery","floor":13}],"player_experience":119558,"relics_obtained":[{"floor":7,"key":"Prayer Wheel"},{"floor":9,"key":"Juzu Bracelet"},{"floor":10,"key":"Oddly Smooth Stone"}],"event_choices":[{"event_name":"The Cleric","player_choice":"Card Removal","floor":2,"damage_taken":0},{"event_name":"Scrap Ooze","player_choice":"success","floor":5,"damage_taken":3},{"event_name":"Liars Game","player_choice":"agreed","floor":14,"damage_taken":0}],"is_beta":false,"boss_relics":[],"items_purged_floors":[],"is_endless":false,"potions_floor_spawned":[4,7,10,13],"killed_by":"Hexaghost","ascension_level":4}