{"gold_per_floor":[119,137,151,168,46,46,62,74,74,74,133,133],"floor_reached":12,"playtime":345,"items_purged":[],"score":140,"play_id":"5e69985d-766e-4bf9-baa7-07ce40fe0288","local_time":"20180915212935","is_ascension_mode":true,"campfire_choices":[{"data":"Zap","floor":6,"key":"SMITH"},{"data":"Chaos","floor":10,"key":"SMITH"}],"neow_cost":"CURSE","seed_source_timestamp":39664448703238,"circlet_count":0,"master_deck":["Strike_B","Strike_B","Strike_B","Strike_B","Defend_B","Defend_B","Defend_B","Defend_B","Zap+1","Dualcast","AscendersBane","Injury","Electrodynamics","Self Repair","Sunder","Ball Lightning","Loop","Chaos+1","Melter","Leap","Leap"],"special_seed":0,"relics":["Cracked Core","Bottled Flame"],"potions_floor_usage":[4],"damage_taken":[{"damage":9.0,"enemies":"Small Slimes","floor":1.0,"turns":4.0},{"damage":13.0,"enemies":"2 Louse","floor":2.0,"turns":3.0},{"damage":1.0,"enemies":"Cultist","floor":3.0,"turns":3.0},{"damage":14,"enemies":"Exordium Wildlife","floor":4,"turns":4},{"damage":13,"enemies":"Blue Slaver","floor":7,"turns":3},{"damage":39,"enemies":"Exordium Thugs","floor":8,"turns":4},{"damage":11,"enemies":"Gremlin Gang","floor":12,"turns":1}],"seed_played":"8858802323095135045","potions_obtained":[{"floor":1.0,"key":"EssenceOfSteel"},{"floor":3.0,"key":"Explosive Potion"},{"floor":4,"key":"Ancient Potion"}],"is_trial":false,"path_per_floor":["M","M","M","M","$","R","M","M","T","R","?"],"character_chosen":"DEFECT","items_purchased":["Chaos","Melter"],"campfire_rested":0,"item_purchase_floors":[5,5],"current_hp_per_floor":[55,49,55,48,48,48,42,10,10,10,10,0],"gold":133,"neow_bonus":"THREE_RARE_CARDS","is_prod":false,"is_daily":false,"chose_seed":false,"campfire_upgraded":2,"win_rate":0,"timestamp":1537018175,"path_taken":["M","M","M","M","$","R","M","M","T","R","?","M"],"build_version":"2018-09-12","purchased_purges":0,"victory":false,"max_hp_per_floor":[71,71,71,71,71,71,71,71,71,71,71,71],"card_choices":[{"not_picked":["Biased Cognition","Echo Form"],"picked":"Electrodynamics","floor":0.0},{"not_picked":["Turbo","Coolheaded"],"picked":"Self Repair","floor":1.0},{"not_picked":["Genetic Algorithm","Aggregate"],"picked":"Sunder","floor":2.0},{"not_picked":["Force Field","Auto Shields"],"picked":"Ball Lightning","floor":3.0},{"not_picked":["Steam","Aggregate"],"picked":"Loop","floor":4},{"not_picked":["Conserve Battery","Stack"],"picked":"Leap","floor":7},{"not_picked":["Streamline","White Noise"],"picked":"Leap","floor":8}],"player_experience":343895,"relics_obtained":[{"floor":9,"key":"Bottled Flame"}],"event_choices":[{"event_name":"Golden Wing","player_choice":"Gained Gold","floor":11,"damage_taken":0}],"is_beta":true,"boss_relics":[],"items_purged_floors":[],"is_endless":false,"potions_floor_spawned":[1,3,4,7],"killed_by":"Gremlin Gang","ascension_level":19}