{"gold_per_floor":[118,118,132,57,69,69,88,88,141,141,157,57,92,15,15,90,90,110,79,79],"floor_reached":20,"playtime":830,"items_purged":["Strike_R","Strike_R"],"score":328,"play_id":"f813ea1a-e0a2-45cf-a7d4-6b7e19fa4d32","local_time":"20190128173603","is_ascension_mode":true,"campfire_choices":[{"data":"Entrench","floor":6.0,"key":"SMITH"},{"data":"Armaments","floor":8.0,"key":"SMITH"},{"data":"Body Slam","floor":10.0,"key":"SMITH"},{"data":"Metallicize","floor":15.0,"key":"SMITH"}],"neow_cost":"NONE","seed_source_timestamp":31189194669428,"circlet_count":0,"master_deck":["AscendersBane","Defend_R","Defend_R+1","Defend_R","Defend_R","Bash","Armaments+1","Entrench+1","Body Slam+1","Shrug It Off+1","Evolve","Metallicize+1","Brutality","Combust+1","Infernal Blade+1","Flex+1","Second Wind"],"special_seed":0,"relics":["Burning Blood","NeowsBlessing","Omamori","War Paint","Astrolabe"],"potions_floor_usage":[20],"damage_taken":[{"damage":0.0,"enemies":"Small Slimes","floor":1.0,"turns":1.0},{"damage":0.0,"enemies":"Cultist","floor":3.0,"turns":1.0},{"damage":0.0,"enemies":"Jaw Worm","floor":5.0,"turns":1.0},{"damage":10.0,"enemies":"3 Louse","floor":7.0,"turns":6.0},{"damage":16.0,"enemies":"Red Slaver","floor":11.0,"turns":6.0},{"damage":0.0,"enemies":"Gremlin Nob","floor":13.0,"turns":3.0},{"damage":26.0,"enemies":"Slime Boss","floor":16.0,"turns":19.0},{"damage":5.0,"enemies":"3 Byrds","floor":18.0,"turns":5.0},{"damage":28.0,"enemies":"2 Thieves","floor":19.0,"turns":5.0},{"damage":34,"enemies":"Chosen and Byrds","floor":20,"turns":5}],"seed_played":"-125614332338245837","potions_obtained":[{"floor":2.0,"key":"Explosive Potion"},{"floor":2.0,"key":"Fire Potion"},{"floor":13.0,"key":"Energy Potion"},{"floor":18.0,"key":"Weak Potion"}],"is_trial":false,"path_per_floor":["M","?","M","$","M","R","M","R","T","R","M","$","E","$","R","B",null,"M","M","M"],"character_chosen":"IRONCLAD","items_purchased":["Metallicize"],"campfire_rested":0,"item_purchase_floors":[14],"current_hp_per_floor":[78,78,80,80,80,80,76,76,76,76,66,66,72,72,72,52,73,74,52,18],"gold":79,"neow_bonus":"THREE_ENEMY_KILL","is_prod":false,"is_daily":false,"chose_seed":false,"campfire_upgraded":4,"win_rate":0,"timestamp":1548668163,"path_taken":["M","?","?","$","M","R","M","R","T","R","?","$","E","?","R","BOSS","M","M","M"],"build_version":"2019-01-23","purchased_purges":2,"victory":false,"max_hp_per_floor":[80,80,80,80,80,80,80,80,80,80,80,80,80,80,80,80,80,80,80,80],"card_choices":[{"not_picked":["Perfected Strike","Twin Strike"],"picked":"Armaments","floor":1.0},{"not_picked":["Havoc","Anger"],"picked":"Entrench","floor":3.0},{"not_picked":["Headbutt","Anger"],"picked":"Body Slam","floor":5.0},{"not_picked":["Clothesline","Intimidate"],"picked":"Shrug It Off","floor":7.0},{"not_picked":["Combust","Searing Blow","Perfected Strike"],"picked":"SKIP","floor":11.0},{"not_picked":["Offering","Thunderclap"],"picked":"Evolve","floor":13.0},{"not_picked":["Dark Embrace","Bludgeon"],"picked":"Brutality","floor":16.0},{"not_picked":["Sword Boomerang","Sever Soul"],"picked":"Second Wind","floor":18.0},{"not_picked":["Dropkick","Clothesline","Reckless Charge"],"picked":"SKIP","floor":19.0}],"player_experience":705337,"relics_obtained":[{"floor":9.0,"key":"Omamori"},{"floor":13.0,"key":"War Paint"}],"event_choices":[{"damage_healed":0.0,"max_hp_gain":0.0,"max_hp_loss":0.0,"gold_gain":0.0,"event_name":"Lab","player_choice":"Got Potions","floor":2.0,"gold_loss":0.0,"damage_taken":0.0}],"is_beta":true,"boss_relics":[{"not_picked":["Runic Dome","Orrery"],"picked":"Astrolabe"}],"items_purged_floors":[4,12],"is_endless":false,"potions_floor_spawned":[5,7,13,18],"killed_by":"Chosen and Byrds","ascension_level":13}