{"gold_per_floor":[117,59,59,59,73,73,73,91,114,114,149,149,169,37,37,114,114,132,142,142,156,73,73,84,84],"floor_reached":25,"playtime":717,"items_purged":["Strike_B+1"],"score":402,"play_id":"1f0ef871-6b37-40cd-b2dc-f4bc04ca5b75","local_time":"20190426213618","is_ascension_mode":true,"campfire_choices":[{"data":"Hologram","floor":6.0,"key":"SMITH"},{"data":"Electrodynamics","floor":10.0,"key":"SMITH"},{"data":"Coolheaded","floor":12.0,"key":"SMITH"},{"data":"Defragment","floor":15.0,"key":"SMITH"},{"floor":23,"key":"REST"}],"neow_cost":"TEN_PERCENT_HP_LOSS","seed_source_timestamp":8491616495020,"circlet_count":0,"master_deck":["AscendersBane","Strike_B+1","Defend_B","Defend_B+1","Zap","Dualcast","Electrodynamics+1","Ball Lightning","Hologram+1","Capacitor","Coolheaded+1","Defragment+1","Echo Form","Fusion+1","Barrage+1","All For One+1","Self Repair+1","Defragment"],"special_seed":0,"relics":["Cracked Core","Whetstone","Vajra","Astrolabe"],"potions_floor_usage":[21,25,25,25],"damage_taken":[{"damage":7.0,"enemies":"Jaw Worm","floor":1.0,"turns":3.0},{"damage":10.0,"enemies":"Small Slimes","floor":5.0,"turns":3.0},{"damage":1.0,"enemies":"Cultist","floor":8.0,"turns":4.0},{"damage":10.0,"enemies":"3 Sentries","floor":11.0,"turns":3.0},{"damage":5.0,"enemies":"Gremlin Gang","floor":13.0,"turns":2.0},{"damage":3.0,"enemies":"Slime Boss","floor":16.0,"turns":6.0},{"damage":22,"enemies":"2 Thieves","floor":18,"turns":2},{"damage":5,"enemies":"Spheric Guardian","floor":19,"turns":4},{"damage":15,"enemies":"Centurion and Healer","floor":21,"turns":2},{"damage":21,"enemies":"Snecko","floor":24,"turns":4},{"damage":16,"enemies":"Snake Plant","floor":25,"turns":1}],"seed_played":"-5485426810692760767","potions_obtained":[{"floor":5.0,"key":"EntropicBrew"},{"floor":16.0,"key":"PowerPotion"}],"is_trial":false,"path_per_floor":["M","$","?","?","M","R","?","M","T","R","E","R","M","$","R","B",null,"M","M","?","M","$","R","M","M"],"character_chosen":"DEFECT","items_purchased":["Hologram","Swift Potion","Defragment"],"campfire_rested":1,"item_purchase_floors":[2,14,22],"current_hp_per_floor":[57,57,38,59,49,49,42,41,41,41,31,31,26,26,26,23,54,32,27,18,3,3,22,11,0],"gold":84,"neow_bonus":"THREE_RARE_CARDS","is_prod":false,"is_daily":false,"chose_seed":false,"campfire_upgraded":4,"win_rate":0,"timestamp":1556285778,"path_taken":["M","$","?","?","M","R","?","M","T","R","E","R","M","$","R","BOSS","M","M","?","?","$","R","M","?"],"build_version":"2019-01-23","purchased_purges":1,"victory":false,"max_hp_per_floor":[64,64,64,64,64,64,64,64,64,64,64,64,64,64,64,64,64,64,64,64,64,64,64,64,64],"card_choices":[{"not_picked":["Reboot","Biased Cognition"],"picked":"Electrodynamics","floor":0.0},{"not_picked":["Streamline","Capacitor"],"picked":"Ball Lightning","floor":1.0},{"not_picked":["Ball Lightning","Streamline"],"picked":"Capacitor","floor":5.0},{"not_picked":["Gash","Compile Driver","Ball Lightning"],"picked":"SKIP","floor":8.0},{"not_picked":["Doom and Gloom","Steam Power"],"picked":"Coolheaded","floor":11.0},{"not_picked":["Redo","Turbo"],"picked":"Defragment","floor":13.0},{"not_picked":["Machine Learning","Fission"],"picked":"Echo Form","floor":16.0},{"not_picked":["Melter","Cold Snap","Sweeping Beam"],"picked":"SKIP","floor":18},{"not_picked":["Darkness","Hologram"],"picked":"Self Repair+1","floor":19},{"not_picked":["Steam","Redo","Streamline"],"picked":"SKIP","floor":21},{"not_picked":["Leap","Sweeping Beam","Storm"],"picked":"SKIP","floor":24}],"player_experience":952770,"relics_obtained":[{"floor":9.0,"key":"Whetstone"},{"floor":11.0,"key":"Vajra"}],"event_choices":[{"damage_healed":0.0,"max_hp_gain":0.0,"max_hp_loss":0.0,"gold_gain":0.0,"event_name":"Shining Light","player_choice":"Entered Light","floor":3.0,"gold_loss":0.0,"damage_taken":19.0,"cards_upgraded":["Defend_B","Strike_B"]},{"damage_healed":21.0,"max_hp_gain":0.0,"max_hp_loss":0.0,"gold_gain":0.0,"event_name":"Big Fish","player_choice":"Banana","floor":4.0,"gold_loss":0.0,"damage_taken":0.0},{"cards_removed":["Strike_B"],"damage_healed":0.0,"max_hp_gain":0.0,"max_hp_loss":0.0,"gold_gain":0.0,"event_name":"Golden Wing","player_choice":"Card Removal","floor":7.0,"gold_loss":0.0,"damage_taken":7.0},{"damage_healed":0,"gold_gain":0,"player_choice":"Damaged","damage_taken":9,"max_hp_gain":0,"max_hp_loss":0,"event_name":"Wheel of Change","floor":20,"gold_loss":0}],"is_beta":false,"boss_relics":[{"not_picked":["Busted Crown","Sozu"],"picked":"Astrolabe"}],"items_purged_floors":[14],"is_endless":false,"potions_floor_spawned":[5,16,19],"killed_by":"Snake Plant","ascension_level":20}