{"gold_per_floor":[115,135,154,229,245,245,270,270,270,286,317,317,335,363,363,437,437,448,458,302,402,402,429,429,461,461,476,492,506,520,276,276,355,355,370,387,401,206,217,249,249,263,263,263,263,273,291,340,340,340],"floor_reached":51,"playtime":3726,"items_purged":["Strike_B"],"score":1288,"play_id":"c0091f32-c1c9-4ace-88a2-0903fd1676c8","local_time":"20180908115517","is_ascension_mode":true,"campfire_choices":[{"data":"Streamline","floor":6.0,"key":"SMITH"},{"floor":8.0,"key":"REST"},{"data":"Defragment","floor":12.0,"key":"SMITH"},{"data":"Streamline","floor":15.0,"key":"SMITH"},{"floor":24.0,"key":"REST"},{"floor":32.0,"key":"REST"},{"floor":41.0,"key":"REST"},{"floor":44.0,"key":"REST"},{"floor":49.0,"key":"REST"}],"neow_cost":"NONE","seed_source_timestamp":0,"circlet_count":0,"master_deck":["Strike_B+1","Strike_B+1","Strike_B+1","Defend_B+1","Defend_B+1","Defend_B+1","Defend_B+1","Zap","Dualcast","AscendersBane","Streamline+1","Chill","Streamline+1","Self Repair","Defragment+1","Cold Snap","White Noise","Reboot","Conserve Battery+1","Doom and Gloom","Undo","Capacitor","Tempest","Loop","Creative AI","Darkness+1","Electrodynamics","Compile Driver+1","Echo Form"],"special_seed":0,"relics":["Snecko Eye","Vajra","Meat on the Bone","Letter Opener","Ancient Tea Set","Fusion Hammer","Dead Branch","Pear","Happy Flower","Blue Candle","Question Card","Symbiotic Virus","Sozu","Runic Capacitor","Anchor","Molten Egg 2","Mango"],"potions_floor_usage":[50],"damage_taken":[{"damage":3.0,"enemies":"2 Louse","floor":1.0,"turns":3.0},{"damage":2.0,"enemies":"Jaw Worm","floor":2.0,"turns":2.0},{"damage":6.0,"enemies":"Small Slimes","floor":3.0,"turns":3.0},{"damage":25.0,"enemies":"Red Slaver","floor":5.0,"turns":5.0},{"damage":13.0,"enemies":"3 Sentries","floor":7.0,"turns":9.0},{"damage":3.0,"enemies":"Blue Slaver","floor":10.0,"turns":2.0},{"damage":28.0,"enemies":"Lagavulin","floor":11.0,"turns":8.0},{"damage":1.0,"enemies":"Looter","floor":13.0,"turns":3.0},{"damage":0.0,"enemies":"3 Sentries","floor":14.0,"turns":7.0},{"damage":22.0,"enemies":"The Guardian","floor":16.0,"turns":9.0},{"damage":6.0,"enemies":"Spheric Guardian","floor":18.0,"turns":3.0},{"damage":8.0,"enemies":"2 Thieves","floor":19.0,"turns":3.0},{"damage":23.0,"enemies":"Colosseum Slavers","floor":21.0,"turns":4.0},{"damage":53.0,"enemies":"Colosseum Nobs","floor":21.0,"turns":5.0},{"damage":34.0,"enemies":"Slavers","floor":23.0,"turns":5.0},{"damage":4.0,"enemies":"Gremlin Leader","floor":25.0,"turns":6.0},{"damage":0.0,"enemies":"Centurion and Healer","floor":27.0,"turns":3.0},{"damage":0.0,"enemies":"Chosen and Byrds","floor":28.0,"turns":7.0},{"damage":0.0,"enemies":"Snecko","floor":29.0,"turns":4.0},{"damage":8.0,"enemies":"Snake Plant","floor":30.0,"turns":3.0},{"damage":27.0,"enemies":"Automaton","floor":33.0,"turns":8.0},{"damage":0.0,"enemies":"3 Shapes","floor":35.0,"turns":4.0},{"damage":5.0,"enemies":"Orb Walker","floor":36.0,"turns":3.0},{"damage":3.0,"enemies":"Jaw Worm Horde","floor":37.0,"turns":4.0},{"damage":13.0,"enemies":"Sphere and 2 Shapes","floor":39.0,"turns":3.0},{"damage":52.0,"enemies":"Nemesis","floor":40.0,"turns":7.0},{"damage":21.0,"enemies":"3 Darklings","floor":42.0,"turns":3.0},{"damage":0.0,"enemies":"4 Shapes","floor":46.0,"turns":3.0},{"damage":53.0,"enemies":"Reptomancer","floor":47.0,"turns":5.0},{"damage":9.0,"enemies":"Mysterious Sphere","floor":48.0,"turns":3.0},{"damage":66,"enemies":"Time Eater","floor":50,"turns":8}],"seed_played":"-1646765672532769858","potions_obtained":[{"floor":5.0,"key":"SpeedPotion"},{"floor":10.0,"key":"FearPotion"},{"floor":16.0,"key":"PowerPotion"},{"floor":23.0,"key":"Energy Potion"},{"floor":30.0,"key":"Energy Potion"},{"floor":33.0,"key":"Strength Potion"}],"is_trial":false,"path_per_floor":["M","M","M","?","M","R","E","R","T","M","E","R","M","E","R","B",null,"M","M","$","?","?","E","R","E","T","M","M","M","M","$","R","B",null,"M","M","M","$","M","E","R","M","T","R","?","M","M","?","R","B"],"character_chosen":"DEFECT","items_purchased":["Undo","Symbiotic Virus","Runic Capacitor"],"campfire_rested":6,"item_purchase_floors":[20,31,38],"current_hp_per_floor":[61,59,53,42,17,17,4,25,25,34,25,25,43,50,50,47,65,59,58,58,37,37,15,39,54,54,61,68,75,74,74,81,54,74,74,69,66,66,60,34,58,56,56,80,80,80,60,65,93,39],"gold":340,"neow_bonus":"BOSS_RELIC","is_prod":false,"is_daily":false,"chose_seed":false,"campfire_upgraded":3,"win_rate":0,"timestamp":1536378917,"path_taken":["M","M","M","?","?","R","E","R","T","M","E","R","M","E","R","BOSS","M","M","$","?","?","E","R","E","T","?","M","?","M","$","R","BOSS","M","?","M","$","?","E","R","M","T","R","?","M","M","?","R","BOSS"],"build_version":"2018-09-06","purchased_purges":1,"victory":true,"max_hp_per_floor":[71,71,71,71,71,71,71,71,71,71,71,71,71,71,71,71,71,71,71,71,81,81,81,81,81,81,81,81,81,81,81,81,81,81,81,81,81,81,81,81,81,81,81,81,81,81,81,95,95,95],"card_choices":[{"not_picked":["Gash","Loop"],"picked":"Streamline","floor":1.0},{"not_picked":["Turbo","Gash","Stack"],"picked":"SKIP","floor":2.0},{"not_picked":["Genetic Algorithm","Compile Driver"],"picked":"Hologram","floor":3.0},{"not_picked":["Sweeping Beam","Reinforced Body"],"picked":"Chill","floor":5.0},{"not_picked":["Hello World","Hologram"],"picked":"Streamline","floor":7.0},{"not_picked":["Beam Cell","Barrage"],"picked":"Self Repair","floor":10.0},{"not_picked":["Heatsinks","Redo"],"picked":"Defragment","floor":11.0},{"not_picked":["Hologram","Rebound"],"picked":"Cold Snap","floor":13.0},{"not_picked":["Reprogram","Turbo"],"picked":"White Noise","floor":14.0},{"not_picked":["Machine Learning","Multi-Cast"],"picked":"Reboot","floor":16.0},{"not_picked":["Steam Power","Redo"],"picked":"Conserve Battery+1","floor":18.0},{"not_picked":["Sweeping Beam","Cold Snap"],"picked":"Doom and Gloom","floor":19.0},{"not_picked":["Force Field","Chill"],"picked":"Capacitor","floor":23.0},{"not_picked":["Rebound","Gash","Force Field"],"picked":"SKIP","floor":25.0},{"not_picked":["Beam Cell+1","Reprogram","Skim"],"picked":"Tempest","floor":27.0},{"not_picked":["Gash","White Noise","Go for the Eyes","Rebound"],"picked":"SKIP","floor":28.0},{"not_picked":["Force Field","White Noise","Aggregate"],"picked":"Loop","floor":29.0},{"not_picked":["Leap","Storm","Beam Cell","Amplify"],"picked":"SKIP","floor":30.0},{"not_picked":["Buffer","All For One","Seek"],"picked":"Creative AI","floor":33.0},{"not_picked":["Hello World","Conserve Battery+1","Steam"],"picked":"Darkness+1","floor":35.0},{"not_picked":["Leap","Sweeping Beam","Steam Power","White Noise"],"picked":"SKIP","floor":36.0},{"not_picked":["Sweeping Beam","Barrage","Rebound","Capacitor"],"picked":"SKIP","floor":37.0},{"not_picked":["Sweeping Beam+1","Hologram+1","Gash"],"picked":"Electrodynamics","floor":39.0},{"not_picked":["Capacitor","Genetic Algorithm","Undo","Defragment"],"picked":"SKIP","floor":40.0},{"not_picked":["Leap","Conserve Battery+1","Lockon","Rip and Tear"],"picked":"SKIP","floor":42.0},{"not_picked":["Rebound+1","Skim","Capacitor","Coolheaded"],"picked":"SKIP","floor":46.0},{"not_picked":["Gash+1","Lockon+1","Beam Cell+1"],"picked":"Compile Driver+1","floor":47.0},{"not_picked":["Chill","Streamline+1","Sweeping Beam+1"],"picked":"Echo Form","floor":48.0}],"player_experience":306174,"relics_obtained":[{"floor":7.0,"key":"Vajra"},{"floor":9.0,"key":"Meat on the Bone"},{"floor":11.0,"key":"Letter Opener"},{"floor":14.0,"key":"Ancient Tea Set"},{"floor":21.0,"key":"Dead Branch"},{"floor":21.0,"key":"Pear"},{"floor":23.0,"key":"Happy Flower"},{"floor":25.0,"key":"Blue Candle"},{"floor":26.0,"key":"Question Card"},{"floor":40.0,"key":"Anchor"},{"floor":43.0,"key":"Molten Egg 2"},{"floor":48.0,"key":"Mango"}],"event_choices":[{"event_name":"World of Goop","player_choice":"Gather Gold","floor":4.0,"damage_taken":0.0},{"event_name":"Colosseum","player_choice":"Fight","floor":21.0,"damage_taken":0.0},{"event_name":"Colosseum","player_choice":"Fought Nobs","floor":21.0,"damage_taken":0.0},{"event_name":"Back to Basics","player_choice":"Simplicity","floor":22.0,"damage_taken":0.0},{"event_name":"Falling","player_choice":"Removed Skill","floor":45.0,"damage_taken":0.0},{"event_name":"Mysterious Sphere","player_choice":"Fight","floor":48.0,"damage_taken":0.0}],"is_beta":true,"boss_relics":[{"not_picked":["Tiny House","Empty Cage"],"picked":"Fusion Hammer"},{"not_picked":["Lizard Tail","Busted Crown"],"picked":"Sozu"}],"items_purged_floors":[20],"is_endless":false,"potions_floor_spawned":[5,10,11,16,18,19,23,30,33,36,40,42,48],"ascension_level":14}