{"gold_per_floor":[110,125,125,142,217,217,273,273,273,291,70,101,101,128,128,224,224,241,253,178,78,78,78,78,106,106,126,126,126,139,87,87,87],"floor_reached":33,"playtime":2433,"items_purged":["Strike_B","Zap"],"score":271,"play_id":"eb0cd58d-4b77-4f01-bdd3-1defd953d027","local_time":"20190809174724","is_ascension_mode":false,"campfire_choices":[{"data":"Consume","floor":6,"key":"SMITH"},{"data":"Gash","floor":8,"key":"SMITH"},{"floor":13,"key":"REST"},{"data":"Multi-Cast","floor":15,"key":"SMITH"},{"floor":23,"key":"REST"},{"floor":29,"key":"REST"},{"floor":32,"key":"REST"}],"neow_cost":"NONE","seed_source_timestamp":163986072139498,"circlet_count":0,"master_deck":["Strike_B","Strike_B","Strike_B","Defend_B","Defend_B","Defend_B","Dualcast","Conserve Battery","Consume+1","Gash+1","Hologram","Cold Snap","All For One","Multi-Cast+1","Machine Learning","Stack+1","Redo","Streamline","BootSequence","FTL+1","Ball Lightning+1","Cold Snap"],"relics":["FrozenCore","NeowsBlessing","Strawberry","Gremlin Horn","Boot","Pantograph","Bag of Marbles","Juzu Bracelet"],"potions_floor_usage":[7,10,12,27,33],"damage_taken":[{"damage":0,"enemies":"Small Slimes","floor":1,"turns":1},{"damage":0,"enemies":"2 Louse","floor":2,"turns":1},{"damage":0,"enemies":"Jaw Worm","floor":4,"turns":1},{"damage":1,"enemies":"3 Sentries","floor":7,"turns":18},{"damage":5,"enemies":"Looter","floor":10,"turns":4},{"damage":8,"enemies":"Gremlin Nob","floor":12,"turns":5},{"damage":20,"enemies":"Lagavulin","floor":14,"turns":7},{"damage":52,"enemies":"Hexaghost","floor":16,"turns":12},{"damage":15,"enemies":"Shell Parasite","floor":18,"turns":11},{"damage":3,"enemies":"3 Byrds","floor":19,"turns":11},{"damage":14,"enemies":"Book of Stabbing","floor":25,"turns":8},{"damage":30,"enemies":"3 Cultists","floor":27,"turns":9},{"damage":3,"enemies":"Snake Plant","floor":30,"turns":8},{"damage":84,"enemies":"Automaton","floor":33,"turns":16}],"seed_played":"-6513106114058939703","potions_obtained":[{"floor":1,"key":"SkillPotion"},{"floor":2,"key":"Regen Potion"},{"floor":10,"key":"SkillPotion"},{"floor":14,"key":"Strength Potion"},{"floor":18,"key":"Fire Potion"}],"is_trial":false,"path_per_floor":["M","M","$","M","?","R","?","R","T","M","$","E","R","E","R","B",null,"M","M","?","$","?","R","?","E","T","M","?","R","M","$","R","B"],"character_chosen":"DEFECT","items_purchased":["All For One","Cold Snap"],"campfire_rested":4,"item_purchase_floors":[11,31],"current_hp_per_floor":[75,75,75,75,64,64,70,70,70,74,74,66,82,62,62,30,82,67,64,64,64,64,82,82,68,68,38,38,62,59,59,82,0],"gold":87,"neow_bonus":"THREE_ENEMY_KILL","is_prod":false,"is_daily":false,"chose_seed":false,"campfire_upgraded":3,"win_rate":0.0,"timestamp":1565387244,"path_taken":["M","M","$","M","?","R","?","R","T","M","$","E","R","E","R","BOSS","M","M","?","$","?","R","?","E","T","M","?","R","M","$","R","BOSS"],"build_version":"2019-07-17","purchased_purges":2,"victory":false,"max_hp_per_floor":[75,75,75,75,75,75,82,82,82,82,82,82,82,82,82,82,82,82,82,82,82,82,82,82,82,82,82,82,82,82,82,82,82],"card_choices":[{"not_picked":["Heatsinks","Chaos"],"picked":"Conserve Battery","floor":1},{"not_picked":["Leap","Beam Cell"],"picked":"Consume","floor":2},{"not_picked":["Leap","Beam Cell"],"picked":"Gash","floor":4},{"not_picked":["Redo","Storm"],"picked":"Hologram","floor":7},{"not_picked":["Sweeping Beam","Steam"],"picked":"Cold Snap","floor":10},{"not_picked":["Compile Driver","Stack","Conserve Battery"],"picked":"SKIP","floor":12},{"not_picked":["Stack","Storm"],"picked":"Multi-Cast","floor":14},{"not_picked":["Thunder Strike","Fission"],"picked":"Machine Learning","floor":16},{"not_picked":["Compile Driver","Go for the Eyes"],"picked":"Stack+1","floor":18},{"not_picked":["Leap","Darkness+1"],"picked":"Redo","floor":19},{"not_picked":["Thunder Strike","Fusion"],"picked":"BootSequence","floor":25},{"not_picked":["Stack+1","Sweeping Beam+1"],"picked":"FTL+1","floor":27},{"not_picked":["Redo","Steam"],"picked":"Ball Lightning+1","floor":30}],"player_experience":27169,"relics_obtained":[{"floor":7,"key":"Strawberry"},{"floor":9,"key":"Gremlin Horn"},{"floor":12,"key":"Boot"},{"floor":14,"key":"Pantograph"},{"floor":25,"key":"Bag of Marbles"},{"floor":26,"key":"Juzu Bracelet"}],"event_choices":[{"damage_healed":0,"gold_gain":75,"player_choice":"Gather Gold","damage_taken":11,"max_hp_gain":0,"max_hp_loss":0,"event_name":"World of Goop","floor":5,"gold_loss":0},{"damage_healed":0,"gold_gain":0,"player_choice":"Searched \u00271\u0027 times","damage_taken":0,"max_hp_gain":0,"max_hp_loss":0,"event_name":"Dead Adventurer","floor":7,"gold_loss":0},{"cards_removed":["Defend_B"],"damage_healed":0,"gold_gain":0,"player_choice":"Gave Gold","damage_taken":0,"max_hp_gain":0,"max_hp_loss":0,"event_name":"Beggar","floor":20,"gold_loss":75},{"damage_healed":0,"gold_gain":0,"player_choice":"Read","damage_taken":0,"max_hp_gain":0,"max_hp_loss":0,"event_name":"The Library","floor":22,"gold_loss":0,"cards_obtained":["Streamline"]},{"damage_healed":0,"gold_gain":0,"player_choice":"Ignored","damage_taken":0,"max_hp_gain":0,"max_hp_loss":0,"event_name":"Vampires","floor":24,"gold_loss":0},{"damage_healed":0,"gold_gain":0,"player_choice":"Ignored","damage_taken":0,"max_hp_gain":0,"max_hp_loss":0,"event_name":"Ghosts","floor":28,"gold_loss":0}],"is_beta":false,"boss_relics":[{"not_picked":["Inserter","Runic Dome"],"picked":"FrozenCore"}],"items_purged_floors":[11,21],"is_endless":false,"potions_floor_spawned":[1,2,10,14,18],"killed_by":"Automaton","ascension_level":0}