{"gold_per_floor":[18,28,42,42,42,42,42,62,62,85,1,15,15,33,33,33],"floor_reached":16,"playtime":584,"items_purged":[],"score":184,"play_id":"dc360205-72ca-4975-aecb-93b07a324357","local_time":"20190214164649","is_ascension_mode":true,"campfire_choices":[{"data":"Darkness","floor":6,"key":"SMITH"},{"data":"Loop","floor":13,"key":"SMITH"},{"data":"Purity","floor":15,"key":"SMITH"}],"neow_cost":"NO_GOLD","seed_source_timestamp":2260451394284,"circlet_count":0,"master_deck":["AscendersBane","Strike_B","Strike_B","Strike_B","Defend_B","Defend_B","Defend_B","Defend_B","Zap","Dualcast","Purity+1","Madness","Darkness+1","Loop+1","Genetic Algorithm","Undo"],"relics":["Cracked Core","Bag of Preparation","Boot"],"potions_floor_usage":[14],"damage_taken":[{"damage":7,"enemies":"2 Louse","floor":1,"turns":4},{"damage":7,"enemies":"Small Slimes","floor":2,"turns":4},{"damage":4,"enemies":"Jaw Worm","floor":3,"turns":4},{"damage":16,"enemies":"Blue Slaver","floor":8,"turns":3},{"damage":13,"enemies":"3 Louse","floor":12,"turns":5},{"damage":11,"enemies":"2 Fungi Beasts","floor":14,"turns":3},{"damage":9,"enemies":"Hexaghost","floor":16,"turns":5}],"seed_played":"-8677375685547053741","potions_obtained":[{"floor":1,"key":"FairyPotion"},{"floor":12,"key":"Explosive Potion"}],"is_trial":false,"path_per_floor":["M","M","M","?","$","R","?","M","T","T","$","M","R","M","R","B"],"character_chosen":"DEFECT","items_purchased":["Loop"],"campfire_rested":0,"item_purchase_floors":[11],"current_hp_per_floor":[57,50,46,46,46,46,39,23,23,23,23,10,10,7,7,0],"gold":33,"neow_bonus":"RANDOM_COLORLESS_2","is_prod":false,"is_daily":false,"chose_seed":false,"campfire_upgraded":3,"win_rate":0,"timestamp":1550134009,"path_taken":["M","M","M","?","$","R","?","M","T","?","?","?","R","M","R","BOSS"],"build_version":"2019-02-06","purchased_purges":0,"victory":false,"max_hp_per_floor":[71,71,71,71,71,71,71,71,71,71,71,71,71,71,71,71],"card_choices":[{"not_picked":["Cold Snap","Lockon","Compile Driver"],"picked":"SKIP","floor":1},{"not_picked":["Conserve Battery","Redo"],"picked":"Darkness","floor":2},{"not_picked":["Streamline","Sweeping Beam","Cold Snap"],"picked":"SKIP","floor":3},{"not_picked":["Chaos","Gash","Sweeping Beam"],"picked":"SKIP","floor":8},{"not_picked":["Chaos","Gash","Sweeping Beam"],"picked":"SKIP","floor":8},{"not_picked":["Turbo","Cold Snap"],"picked":"Genetic Algorithm","floor":12},{"not_picked":["Steam","Steam Power"],"picked":"Undo","floor":14}],"player_experience":789511,"relics_obtained":[{"floor":9,"key":"Bag of Preparation"},{"floor":10,"key":"Boot"}],"event_choices":[{"damage_healed":0,"gold_gain":0,"player_choice":"Leave","damage_taken":0,"max_hp_gain":0,"max_hp_loss":0,"event_name":"The Cleric","floor":4,"gold_loss":0},{"cards_removed":["Strike_B"],"damage_healed":0,"gold_gain":0,"player_choice":"Card Removal","damage_taken":7,"max_hp_gain":0,"max_hp_loss":0,"event_name":"Golden Wing","floor":7,"gold_loss":0}],"is_beta":true,"boss_relics":[],"items_purged_floors":[],"is_endless":false,"potions_floor_spawned":[1,12],"killed_by":"Hexaghost","ascension_level":20}