{"gold_per_floor":[116,133,58,77,95,95,110,143,214,233,267,267,3,29,29,105],"floor_reached":16,"playtime":784,"items_purged":["Strike_B"],"score":244,"play_id":"8da883b6-f114-4d21-9655-69e8512d3ee1","local_time":"20190430204421","is_ascension_mode":true,"campfire_choices":[{"data":"Streamline","floor":6.0,"key":"SMITH"},{"data":"Beam Cell","floor":12.0,"key":"SMITH"}],"neow_cost":"NONE","seed_source_timestamp":7735246126470,"circlet_count":0,"master_deck":["AscendersBane","Strike_B","Strike_B","Strike_B","Defend_B","Defend_B","Defend_B+1","Defend_B+1","Zap+1","Dualcast+1","Coolheaded","Chill","Streamline+1","Beam Cell+1","Skim","Capacitor","Consume+1","vexMod:MidasTouch+1","All For One"],"special_seed":0,"relics":["vexMod:ImprovementManual","vexMod:ColdYogurt","Ornamental Fan","Ginger","vexMod:ConsolationPrize"],"potions_floor_usage":[16],"damage_taken":[{"damage":0.0,"enemies":"Cultist","floor":1.0,"turns":4.0},{"damage":6.0,"enemies":"2 Louse","floor":2.0,"turns":3.0},{"damage":0.0,"enemies":"Small Slimes","floor":4.0,"turns":3.0},{"damage":1.0,"enemies":"Blue Slaver","floor":5.0,"turns":4.0},{"damage":0.0,"enemies":"Large Slime","floor":7.0,"turns":6.0},{"damage":3.0,"enemies":"Erikyupuro","floor":8.0,"turns":7.0},{"damage":2.0,"enemies":"Lots of Slimes","floor":10.0,"turns":4.0},{"damage":3.0,"enemies":"3 Sentries","floor":11.0,"turns":8.0},{"damage":29.0,"enemies":"Gremlin Nob","floor":14.0,"turns":4.0},{"damage":21,"enemies":"Slime Boss","floor":16,"turns":8}],"seed_played":"7581672565379248199","potions_obtained":[{"floor":1.0,"key":"SkillPotion"},{"floor":5.0,"key":"SkillPotion"}],"is_trial":false,"path_per_floor":["M","M","$","M","M","R","M","E","T","M","E","R","$","E","R","B"],"character_chosen":"DEFECT","items_purchased":["Consume+1","vexMod:MidasTouch"],"campfire_rested":0,"item_purchase_floors":[13,13],"current_hp_per_floor":[64,58,58,58,57,57,57,54,54,52,49,49,49,20,20,0],"gold":105,"neow_bonus":"BOSS_RELIC","is_prod":false,"is_daily":false,"chose_seed":false,"campfire_upgraded":2,"win_rate":0,"timestamp":1556628261,"path_taken":["M","M","$","M","M","R","M","E","T","M","E","R","?","E","R","BOSS"],"build_version":"2019-01-23","purchased_purges":1,"victory":false,"max_hp_per_floor":[71,71,71,71,71,71,71,71,71,71,71,71,71,71,71,71],"card_choices":[{"not_picked":["Reprogram","Fusion","Beam Cell"],"picked":"SKIP","floor":1.0},{"not_picked":["Leap","Panic Button"],"picked":"Coolheaded","floor":2.0},{"not_picked":["vexMod:ChargeBeam","Melter"],"picked":"Chill","floor":4.0},{"not_picked":["vexMod:RocketPunch","Hologram"],"picked":"Streamline","floor":5.0},{"not_picked":["Sweeping Beam","Go for the Eyes"],"picked":"Beam Cell","floor":7.0},{"not_picked":["Redo","Rebound","Cold Snap"],"picked":"SKIP","floor":8.0},{"not_picked":["Panic Button","vexMod:BeamPop"],"picked":"Skim","floor":10.0},{"not_picked":["Crystallizer","vexMod:SharpOrbs"],"picked":"Capacitor","floor":11.0},{"not_picked":["vexMod:DiverseOrb","Tempest"],"picked":"All For One","floor":14.0}],"player_experience":967391,"relics_obtained":[{"floor":8.0,"key":"vexMod:ColdYogurt"},{"floor":9.0,"key":"Ornamental Fan"},{"floor":11.0,"key":"Ginger"},{"floor":14.0,"key":"vexMod:ConsolationPrize"}],"event_choices":[{"damage_healed":0.0,"max_hp_gain":0.0,"max_hp_loss":0.0,"gold_gain":0.0,"event_name":"Living Wall","player_choice":"Grow","floor":15.0,"gold_loss":0.0,"damage_taken":0.0,"cards_upgraded":["vexMod:MidasTouch"]}],"is_beta":false,"boss_relics":[],"items_purged_floors":[3],"is_endless":false,"potions_floor_spawned":[1,5,8,10],"killed_by":"Slime Boss","ascension_level":20}