{"gold_per_floor":[113,38,38,38,38,38,72,96,121,146,146,3,17,53,53,142,142,163,163,213,233,233,233,258,258,258,282,282,282,300,300,300,398,398,414,428,22,22],"floor_reached":38,"playtime":1388,"items_purged":["Strike_B","Steam Power"],"score":712,"play_id":"14febe05-7793-444d-a174-224eb8cc7ef4","local_time":"20190318205817","is_ascension_mode":true,"campfire_choices":[{"data":"Defragment","floor":6.0,"key":"SMITH"},{"data":"Sunder","floor":11.0,"key":"SMITH"},{"data":"Coolheaded","floor":15.0,"key":"SMITH"},{"data":"Beam Cell","floor":23.0,"key":"SMITH"},{"data":"Rainbow","floor":25.0,"key":"SMITH"},{"data":"Defragment","floor":29.0,"key":"SMITH"},{"data":"Loop","floor":32.0,"key":"SMITH"}],"neow_cost":"NONE","seed_source_timestamp":738347611934,"circlet_count":0,"master_deck":["AscendersBane","Zap","Dualcast","Defragment+1","Sunder+1","Glacier","Turbo","Loop+1","Skim","Coolheaded+1","Core Surge","Streamline","Beam Cell+1","Machine Learning","Beam Cell","Stack","Rainbow+1","Defragment+1","Fission","Defragment+1","White Noise+1","Glacier+1","Force Field+1","Auto Shields+1"],"special_seed":0,"relics":["Cracked Core","NeowsBlessing","Golden Idol","Question Card","Bag of Preparation","Smiling Mask","Pandora\u0027s Box","Pantograph","The Courier","Inserter","Toxic Egg 2"],"potions_floor_usage":[38],"damage_taken":[{"damage":0.0,"enemies":"2 Louse","floor":1.0,"turns":1.0},{"damage":0.0,"enemies":"3 Sentries","floor":7.0,"turns":1.0},{"damage":0.0,"enemies":"Jaw Worm","floor":8.0,"turns":1.0},{"damage":0.0,"enemies":"Cultist","floor":10.0,"turns":3.0},{"damage":6.0,"enemies":"Looter","floor":13.0,"turns":3.0},{"damage":14.0,"enemies":"Gremlin Nob","floor":14.0,"turns":4.0},{"damage":12.0,"enemies":"Slime Boss","floor":16.0,"turns":9.0},{"damage":0.0,"enemies":"2 Thieves","floor":18.0,"turns":2.0},{"damage":7.0,"enemies":"Spheric Guardian","floor":21.0,"turns":3.0},{"damage":17.0,"enemies":"Snecko","floor":24.0,"turns":4.0},{"damage":3.0,"enemies":"3 Cultists","floor":27.0,"turns":5.0},{"damage":14.0,"enemies":"Sentry and Sphere","floor":30.0,"turns":6.0},{"damage":9.0,"enemies":"Collector","floor":33.0,"turns":15.0},{"damage":17.0,"enemies":"3 Shapes","floor":35.0,"turns":7.0},{"damage":27.0,"enemies":"3 Darklings","floor":36.0,"turns":9.0},{"damage":18,"enemies":"Jaw Worm Horde","floor":38,"turns":2}],"seed_played":"6840240849679449480","potions_obtained":[{"floor":1.0,"key":"Swift Potion"},{"floor":8.0,"key":"LiquidBronze"},{"floor":16.0,"key":"SpeedPotion"},{"floor":18.0,"key":"AttackPotion"}],"is_trial":false,"path_per_floor":["M","?","?","$","?","R","E","M","T","M","R","$","M","E","R","B",null,"M","?","?","M","?","R","M","R","T","M","?","R","M","T","R","B",null,"M","M","$","M"],"character_chosen":"DEFECT","items_purchased":["Loop","Toxic Egg 2","Glacier+1","Force Field+1","Auto Shields+1"],"campfire_rested":0,"item_purchase_floors":[12,37,37,37,37],"current_hp_per_floor":[64,64,64,64,45,45,45,45,45,45,45,45,39,25,25,13,51,51,51,45,38,38,38,21,21,21,18,18,18,4,4,4,20,53,36,9,9,0],"gold":22,"neow_bonus":"THREE_ENEMY_KILL","is_prod":false,"is_daily":false,"chose_seed":false,"campfire_upgraded":7,"win_rate":0,"timestamp":1552913897,"path_taken":["M","?","?","?","?","R","E","M","T","M","R","$","M","E","R","BOSS","M","?","?","?","?","R","M","R","T","M","?","R","M","?","R","BOSS","M","M","$","M"],"build_version":"2019-03-15","purchased_purges":2,"victory":false,"max_hp_per_floor":[71,71,64,64,64,64,64,64,64,64,64,64,64,64,64,64,64,64,64,64,64,64,64,64,64,64,64,64,64,64,64,64,64,64,64,64,64,64],"card_choices":[{"not_picked":["Steam","Blizzard"],"picked":"Defragment","floor":1.0},{"not_picked":["Skim","Streamline"],"picked":"Sunder","floor":7.0},{"not_picked":["FTL","Recycle","Hologram"],"picked":"Glacier","floor":8.0},{"not_picked":["Double Energy","Auto Shields","Sweeping Beam"],"picked":"Turbo","floor":10.0},{"not_picked":["Barrage","All For One","Ball Lightning"],"picked":"Skim","floor":13.0},{"not_picked":["Streamline","Turbo","Leap"],"picked":"Coolheaded","floor":14.0},{"not_picked":["Amplify","Thunder Strike","Fission"],"picked":"Core Surge","floor":16.0},{"not_picked":["Tempest","Double Energy","Turbo"],"picked":"Stack","floor":18.0},{"not_picked":["Compile Driver","Stack+1","Scrape+1","Steam Power"],"picked":"SKIP","floor":21.0},{"not_picked":["Turbo+1","Aggregate","Auto Shields"],"picked":"Rainbow","floor":24.0},{"not_picked":["Hologram","Gash+1","Rebound"],"picked":"Defragment","floor":27.0},{"not_picked":["Streamline","Fusion","Darkness","Static Discharge"],"picked":"SKIP","floor":30.0},{"not_picked":["Meteor Strike","Machine Learning","Reboot"],"picked":"Fission","floor":33.0},{"not_picked":["Melter+1","Rebound+1","Coolheaded"],"picked":"Defragment+1","floor":35.0},{"not_picked":["Chill","Beam Cell","Self Repair"],"picked":"White Noise+1","floor":36.0}],"player_experience":860287,"relics_obtained":[{"floor":7.0,"key":"Question Card"},{"floor":9.0,"key":"Bag of Preparation"},{"floor":14.0,"key":"Smiling Mask"},{"floor":26.0,"key":"Pantograph"},{"floor":31.0,"key":"The Courier"}],"event_choices":[{"cards_removed":["Strike_B"],"damage_healed":0.0,"max_hp_gain":0.0,"max_hp_loss":0.0,"gold_gain":0.0,"event_name":"The Cleric","player_choice":"Card Removal","floor":2.0,"gold_loss":75.0,"damage_taken":0.0},{"damage_healed":0.0,"max_hp_gain":0.0,"max_hp_loss":7.0,"gold_gain":0.0,"event_name":"Golden Idol","player_choice":"Lose Max HP","floor":3.0,"gold_loss":0.0,"damage_taken":0.0,"relics_obtained":["Golden Idol"]},{"damage_healed":0.0,"max_hp_gain":0.0,"max_hp_loss":0.0,"gold_gain":0.0,"event_name":"Shining Light","player_choice":"Entered Light","floor":5.0,"gold_loss":0.0,"damage_taken":19.0,"cards_upgraded":["Defend_B","Strike_B"]},{"cards_removed":["Sweeping Beam"],"damage_healed":0.0,"max_hp_gain":0.0,"max_hp_loss":0.0,"gold_gain":0.0,"event_name":"Back to Basics","player_choice":"Elegance","floor":19.0,"gold_loss":0.0,"damage_taken":0.0},{"damage_healed":0.0,"max_hp_gain":0.0,"max_hp_loss":0.0,"gold_gain":50.0,"event_name":"FaceTrader","player_choice":"Touch","floor":20.0,"gold_loss":0.0,"damage_taken":6.0},{"damage_healed":0.0,"max_hp_gain":0.0,"max_hp_loss":0.0,"gold_gain":0.0,"event_name":"Vampires","player_choice":"Ignored","floor":22.0,"gold_loss":0.0,"damage_taken":0.0},{"damage_healed":0.0,"max_hp_gain":0.0,"max_hp_loss":0.0,"gold_gain":0.0,"event_name":"Ghosts","player_choice":"Ignored","floor":28.0,"gold_loss":0.0,"damage_taken":0.0}],"is_beta":true,"boss_relics":[{"not_picked":["Philosopher\u0027s Stone","Busted Crown"],"picked":"Pandora\u0027s Box"},{"not_picked":["Orrery","Runic Dome"],"picked":"Inserter"}],"items_purged_floors":[12,37],"is_endless":false,"potions_floor_spawned":[1,8,16,18,33],"killed_by":"Jaw Worm Horde","ascension_level":15}