{"gold_per_floor":[116,116,136,136,154,184,195,211,211,228,303,303,303,319,319,423,423,441,455,455,303,255,285,285,301,349,367,382,177,177,188,188,284,284,300,300,315,34,50,85,98,98,98,98,108,0,28,38,38,38,38,38,38,72,72],"floor_reached":56,"playtime":3762,"items_purged":["Strike_R","Defend_R","Strike_R"],"score":1183,"play_id":"5f2de435-be33-4d9f-b433-5476dc6ecc87","local_time":"20190810160954","is_ascension_mode":false,"campfire_choices":[{"floor":13.0,"key":"REST"},{"data":"Spot Weakness","floor":15.0,"key":"SMITH"},{"data":"Defend_R","floor":30.0,"key":"SMITH"},{"floor":32.0,"key":"RECALL"},{"data":"Demon Form","floor":42.0,"key":"SMITH"},{"data":"Dual Wield","floor":49.0,"key":"SMITH"},{"data":"Defend_R","floor":52.0,"key":"SMITH"}],"neow_cost":"NONE","seed_source_timestamp":730228249819921,"circlet_count":0,"master_deck":["Strike_R","Strike_R+1","Defend_R+1","Defend_R+1","Defend_R+1","Bash","Limit Break+1","Headbutt","Flex","Heavy Blade","Inflame","Spot Weakness+1","Reaper+1","Flex","Pummel+1","Evolve","Cleave","Warcry","Dual Wield+1","Whirlwind","Battle Trance+1","Demon Form+1","Thunderclap+1","Seeing Red+1","Shrug It Off+1","Double Tap"],"special_seed":0,"relics":["Burning Blood","Gambling Chip","Shuriken","Coffee Dripper","Paper Frog","Pear","Oddly Smooth Stone","Black Star","PreservedInsect","Ornamental Fan","Centennial Puzzle","Red Mask","War Paint","Pocketwatch","Lantern","Mummified Hand"],"potions_floor_usage":[55,55,55],"damage_taken":[{"damage":6.0,"enemies":"Jaw Worm","floor":1.0,"turns":3.0},{"damage":0.0,"enemies":"2 Louse","floor":3.0,"turns":2.0},{"damage":0.0,"enemies":"Cultist","floor":5.0,"turns":4.0},{"damage":20.0,"enemies":"Gremlin Nob","floor":6.0,"turns":4.0},{"damage":10.0,"enemies":"Looter","floor":7.0,"turns":2.0},{"damage":0.0,"enemies":"Large Slime","floor":8.0,"turns":5.0},{"damage":12.0,"enemies":"Exordium Thugs","floor":10.0,"turns":3.0},{"damage":15.0,"enemies":"2 Fungi Beasts","floor":14.0,"turns":3.0},{"damage":42.0,"enemies":"Hexaghost","floor":16.0,"turns":6.0},{"damage":17.0,"enemies":"2 Thieves","floor":18.0,"turns":3.0},{"damage":10.0,"enemies":"Chosen","floor":19.0,"turns":4.0},{"damage":5.0,"enemies":"Gremlin Leader","floor":23.0,"turns":5.0},{"damage":27.0,"enemies":"Sentry and Sphere","floor":25.0,"turns":4.0},{"damage":26.0,"enemies":"Cultist and Chosen","floor":27.0,"turns":5.0},{"damage":12.0,"enemies":"Centurion and Healer","floor":28.0,"turns":5.0},{"damage":10.0,"enemies":"Chosen and Byrds","floor":31.0,"turns":2.0},{"damage":76.0,"enemies":"Automaton","floor":33.0,"turns":7.0},{"damage":34.0,"enemies":"3 Shapes","floor":35.0,"turns":5.0},{"damage":27.0,"enemies":"3 Darklings","floor":37.0,"turns":3.0},{"damage":20.0,"enemies":"Jaw Worm Horde","floor":39.0,"turns":2.0},{"damage":50.0,"enemies":"Giant Head","floor":40.0,"turns":6.0},{"damage":56.0,"enemies":"4 Shapes","floor":41.0,"turns":5.0},{"damage":0.0,"enemies":"3 Darklings","floor":45.0,"turns":2.0},{"damage":30.0,"enemies":"Reptomancer","floor":47.0,"turns":5.0},{"damage":63.0,"enemies":"Writhing Mass","floor":48.0,"turns":5.0},{"damage":108.0,"enemies":"Awakened One","floor":50.0,"turns":8.0},{"damage":44.0,"enemies":"Shield and Spear","floor":54.0,"turns":5.0},{"damage":169,"enemies":"The Heart","floor":55,"turns":7}],"seed_played":"7266646677085378890","potions_obtained":[{"floor":3.0,"key":"SkillPotion"},{"floor":10.0,"key":"Weak Potion"},{"floor":14.0,"key":"GamblersBrew"},{"floor":16.0,"key":"FearPotion"},{"floor":23.0,"key":"SpeedPotion"},{"floor":25.0,"key":"Fire Potion"},{"floor":35.0,"key":"Regen Potion"},{"floor":45.0,"key":"LiquidBronze"},{"floor":48.0,"key":"Dexterity Potion"},{"floor":54.0,"key":"Regen Potion"}],"is_trial":false,"path_per_floor":["M","?","M","?","M","E","M","M","T","M","?","?","R","M","R","B",null,"M","M","?","$","$","E","?","M","T","M","M","$","R","M","R","B",null,"M","$","M","$","M","E","M","R","T","?","M","?","E","M","R","B",null,"R","$","E","B",null],"character_chosen":"IRONCLAD","items_purchased":["Evolve","Cleave","Whirlwind","Battle Trance","PreservedInsect"],"campfire_rested":1,"item_purchase_floors":[21,22,29,29,38],"current_hp_per_floor":[80,64,70,70,76,62,58,64,64,58,47,47,71,62,62,26,80,69,69,69,69,69,80,90,69,69,76,90,90,90,86,86,45,90,90,90,90,90,76,75,74,74,74,74,80,80,56,52,52,8,90,90,90,90,50],"gold":72,"neow_bonus":"ONE_RANDOM_RARE_CARD","is_prod":false,"is_daily":false,"chose_seed":false,"campfire_upgraded":5,"win_rate":0,"timestamp":1565467794,"path_taken":["M","?","M","?","M","E","M","M","T","?","?","?","R","M","R","BOSS","M","M","?","?","$","E","?","?","T","M","M","$","R","M","R","BOSS","M","?","?","$","M","E","M","R","T","?","?","?","E","M","R","BOSS","R","$","E","BOSS"],"build_version":"2019-07-17","purchased_purges":3,"victory":true,"max_hp_per_floor":[80,80,80,80,80,80,80,80,80,80,80,80,80,80,80,80,80,80,80,80,80,80,80,90,90,90,90,90,90,90,90,90,90,90,90,90,90,90,90,90,90,90,90,90,90,90,90,90,90,90,90,90,90,90,90],"card_choices":[{"not_picked":["Warcry","Sever Soul"],"picked":"Headbutt","floor":1.0},{"not_picked":["Carnage","Sword Boomerang"],"picked":"Flex","floor":3.0},{"not_picked":["Shockwave","Battle Trance"],"picked":"Heavy Blade","floor":5.0},{"not_picked":["Iron Wave","Wild Strike"],"picked":"Inflame","floor":6.0},{"not_picked":["Uppercut","Clothesline","Dropkick"],"picked":"SKIP","floor":7.0},{"not_picked":["Infernal Blade","Intimidate"],"picked":"Spot Weakness","floor":8.0},{"not_picked":["Searing Blow","Blood for Blood","Clothesline"],"picked":"SKIP","floor":10.0},{"not_picked":["Pommel Strike","Feel No Pain","Iron Wave"],"picked":"SKIP","floor":14.0},{"not_picked":["Fiend Fire","Immolate"],"picked":"Reaper","floor":16.0},{"not_picked":["Uppercut","Sever Soul"],"picked":"Flex","floor":18.0},{"not_picked":["Burning Pact","Sentinel"],"picked":"Pummel+1","floor":19.0},{"not_picked":["Cleave","Pommel Strike"],"picked":"Warcry","floor":23.0},{"not_picked":["Havoc+1","Wild Strike","True Grit"],"picked":"SKIP","floor":25.0},{"not_picked":["Clothesline","Iron Wave+1","True Grit"],"picked":"SKIP","floor":27.0},{"not_picked":["Clothesline","Rampage+1"],"picked":"Dual Wield","floor":28.0},{"not_picked":["Body Slam+1","Armaments+1","Twin Strike+1"],"picked":"SKIP","floor":31.0},{"not_picked":["Exhume","Bludgeon"],"picked":"Demon Form","floor":33.0},{"not_picked":["Reckless Charge","Rampage","Perfected Strike"],"picked":"SKIP","floor":35.0},{"not_picked":["Sword Boomerang","Flex"],"picked":"Thunderclap+1","floor":37.0},{"not_picked":["Warcry","Armaments+1"],"picked":"Seeing Red","floor":39.0},{"not_picked":["Anger","Body Slam"],"picked":"Shrug It Off+1","floor":40.0},{"not_picked":["Heavy Blade","Pommel Strike","Anger+1"],"picked":"SKIP","floor":41.0},{"not_picked":["Seeing Red","Iron Wave+1"],"picked":"Double Tap","floor":45.0},{"not_picked":["Seeing Red+1","Body Slam","Twin Strike"],"picked":"SKIP","floor":47.0},{"not_picked":["Perfected Strike+1","Bloodletting","Disarm"],"picked":"SKIP","floor":48.0},{"not_picked":["Shrug It Off+1","Shockwave+1","Seeing Red"],"picked":"SKIP","floor":54.0}],"player_experience":171044,"relics_obtained":[{"floor":6.0,"key":"Gambling Chip"},{"floor":9.0,"key":"Shuriken"},{"floor":23.0,"key":"Paper Frog"},{"floor":26.0,"key":"Oddly Smooth Stone"},{"floor":40.0,"key":"Ornamental Fan"},{"floor":40.0,"key":"Centennial Puzzle"},{"floor":47.0,"key":"War Paint"},{"floor":47.0,"key":"Pocketwatch"},{"floor":54.0,"key":"Lantern"},{"floor":54.0,"key":"Mummified Hand"}],"event_choices":[{"damage_healed":0.0,"max_hp_gain":0.0,"max_hp_loss":0.0,"gold_gain":0.0,"event_name":"Shining Light","player_choice":"Entered Light","floor":2.0,"gold_loss":0.0,"damage_taken":16.0,"cards_upgraded":["Strike_R","Defend_R"]},{"damage_healed":0.0,"max_hp_gain":0.0,"max_hp_loss":0.0,"gold_gain":0.0,"event_name":"Upgrade Shrine","player_choice":"Upgraded","floor":4.0,"gold_loss":0.0,"damage_taken":0.0,"cards_upgraded":["Limit Break"]},{"damage_healed":0.0,"max_hp_gain":0.0,"max_hp_loss":0.0,"gold_gain":75.0,"event_name":"World of Goop","player_choice":"Gather Gold","floor":11.0,"gold_loss":0.0,"damage_taken":11.0},{"cards_removed":["Strike_R"],"damage_healed":0.0,"max_hp_gain":0.0,"max_hp_loss":0.0,"gold_gain":0.0,"event_name":"Living Wall","player_choice":"Forget","floor":12.0,"gold_loss":0.0,"damage_taken":0.0},{"damage_healed":0.0,"max_hp_gain":0.0,"max_hp_loss":0.0,"gold_gain":0.0,"event_name":"Upgrade Shrine","player_choice":"Upgraded","floor":20.0,"gold_loss":0.0,"damage_taken":0.0,"cards_upgraded":["Reaper"]},{"damage_healed":0.0,"max_hp_gain":0.0,"max_hp_loss":0.0,"gold_gain":0.0,"event_name":"WeMeetAgain","player_choice":"Gave Potion","floor":24.0,"gold_loss":0.0,"damage_taken":0.0,"relics_obtained":["Pear"]},{"damage_healed":0.0,"max_hp_gain":0.0,"max_hp_loss":0.0,"gold_gain":0.0,"event_name":"SecretPortal","player_choice":"Ignored","floor":44.0,"gold_loss":0.0,"damage_taken":0.0},{"damage_healed":0.0,"max_hp_gain":0.0,"max_hp_loss":0.0,"gold_gain":0.0,"event_name":"Tomb of Lord Red Mask","player_choice":"Paid","floor":46.0,"gold_loss":108.0,"damage_taken":0.0,"relics_obtained":["Red Mask"]}],"is_beta":false,"boss_relics":[{"not_picked":["Calling Bell","Astrolabe"],"picked":"Coffee Dripper"},{"not_picked":["Pandora\u0027s Box","Fusion Hammer"],"picked":"Black Star"}],"items_purged_floors":[21,29,38],"is_endless":false,"potions_floor_spawned":[3,10,14,16,18,23,25,35,45,47,48,54],"ascension_level":0}