{"gold_per_floor":[110,129,71,82,94,94,94,94,94,129,129,139,139,155,155,233,233,252,121,121,171,226,226],"floor_reached":23,"playtime":1771,"items_purged":["Strike_B"],"score":378,"play_id":"af66efb1-49c4-446a-a2af-74a420da6ac0","local_time":"20190511123455","is_ascension_mode":true,"campfire_choices":[{"data":"Consume","floor":6.0,"key":"SMITH"},{"data":"Hyperbeam","floor":8.0,"key":"SMITH"},{"data":"Darkness","floor":11.0,"key":"SMITH"},{"data":"Redo","floor":13.0,"key":"SMITH"},{"data":"Dualcast","floor":15.0,"key":"SMITH"}],"neow_cost":"TEN_PERCENT_HP_LOSS","seed_source_timestamp":2040762634063,"circlet_count":0,"master_deck":["AscendersBane","Strike_B","Strike_B","Strike_B","Defend_B","Defend_B","Defend_B","Defend_B","Zap","Dualcast+1","Genetic Algorithm","Consume+1","Cold Snap","Ball Lightning","Hyperbeam+1","Darkness+1","Redo+1","Self Repair","Echo Form","Self Repair","Turbo","Writhe"],"special_seed":0,"relics":["Cracked Core","Unceasing Top","Shuriken","Calipers","Fusion Hammer","Symbiotic Virus","Anchor"],"potions_floor_usage":[23],"damage_taken":[{"damage":5.0,"enemies":"Small Slimes","floor":1.0,"turns":3.0},{"damage":1.0,"enemies":"Cultist","floor":2.0,"turns":4.0},{"damage":14.0,"enemies":"Jaw Worm","floor":4.0,"turns":4.0},{"damage":14.0,"enemies":"2 Fungi Beasts","floor":5.0,"turns":4.0},{"damage":12.0,"enemies":"Lagavulin","floor":10.0,"turns":7.0},{"damage":8.0,"enemies":"Blue Slaver","floor":12.0,"turns":4.0},{"damage":2.0,"enemies":"3 Louse","floor":14.0,"turns":3.0},{"damage":6.0,"enemies":"Hexaghost","floor":16.0,"turns":9.0},{"damage":38.0,"enemies":"Shell Parasite","floor":18.0,"turns":4.0},{"damage":28,"enemies":"Book of Stabbing","floor":23,"turns":3}],"seed_played":"-5589400702650602745","potions_obtained":[{"floor":1.0,"key":"Fire Potion"},{"floor":5.0,"key":"FocusPotion"},{"floor":16.0,"key":"GamblersBrew"}],"is_trial":false,"path_per_floor":["M","M","$","M","M","R","?","R","T","E","R","M","R","M","R","B",null,"M","$","?","?","T","E"],"character_chosen":"DEFECT","items_purchased":["Cold Snap","Turbo"],"campfire_rested":0,"item_purchase_floors":[3,19],"current_hp_per_floor":[59,58,58,44,30,30,30,30,30,18,18,10,10,8,8,9,50,26,26,26,26,26,0],"gold":226,"neow_bonus":"ONE_RARE_RELIC","is_prod":false,"is_daily":false,"chose_seed":false,"campfire_upgraded":5,"win_rate":0,"timestamp":1557549295,"path_taken":["M","M","$","M","M","R","?","R","T","E","R","?","R","M","R","BOSS","M","$","?","?","?","E"],"build_version":"2019-01-23","purchased_purges":1,"victory":false,"max_hp_per_floor":[64,64,64,64,64,64,64,64,64,64,64,64,64,64,64,64,64,64,64,64,64,64,64],"card_choices":[{"not_picked":["Hologram","Coolheaded"],"picked":"Genetic Algorithm","floor":1.0},{"not_picked":["Melter","Loop"],"picked":"Consume","floor":2.0},{"not_picked":["Force Field","Conserve Battery","Lockon"],"picked":"SKIP","floor":4.0},{"not_picked":["Beam Cell","Aggregate"],"picked":"Ball Lightning","floor":5.0},{"not_picked":["Gash","Compile Driver"],"picked":"Darkness","floor":10.0},{"not_picked":["Streamline","Gash"],"picked":"Redo","floor":12.0},{"not_picked":["Reprogram","Turbo"],"picked":"Self Repair","floor":14.0},{"not_picked":["Core Surge","Hyperbeam"],"picked":"Echo Form","floor":16.0},{"not_picked":["Beam Cell","Cold Snap"],"picked":"Self Repair","floor":18.0}],"player_experience":974795,"relics_obtained":[{"floor":9.0,"key":"Shuriken"},{"floor":10.0,"key":"Calipers"},{"floor":22.0,"key":"Anchor"}],"event_choices":[{"damage_healed":0.0,"max_hp_gain":0.0,"max_hp_loss":0.0,"gold_gain":0.0,"event_name":"Match and Keep!","player_choice":"1 cards matched","floor":7.0,"gold_loss":0.0,"damage_taken":0.0,"cards_obtained":["Hyperbeam"]},{"damage_healed":0.0,"max_hp_gain":0.0,"max_hp_loss":0.0,"gold_gain":0.0,"event_name":"The Mausoleum","player_choice":"Opened","floor":20.0,"gold_loss":0.0,"damage_taken":0.0,"relics_obtained":["Symbiotic Virus"],"cards_obtained":["Writhe"]},{"damage_healed":0.0,"max_hp_gain":0.0,"max_hp_loss":0.0,"gold_gain":50.0,"event_name":"Nest","player_choice":"Stole From Cult","floor":21.0,"gold_loss":0.0,"damage_taken":0.0}],"is_beta":false,"boss_relics":[{"not_picked":["Eternal Feather","Orrery"],"picked":"Fusion Hammer"}],"items_purged_floors":[19],"is_endless":false,"potions_floor_spawned":[1,5,10,16],"killed_by":"Book of Stabbing","ascension_level":20}