{"gold_per_floor":[109,109,109,132,57,57,121,121,145,145,145,180,8,41,41,41],"floor_reached":16,"playtime":626,"items_purged":["Strike_B"],"score":208,"play_id":"afa981a0-2ef8-4cbd-ba93-ec4475630373","local_time":"20190125105339","is_ascension_mode":true,"campfire_choices":[{"data":"Darkness","floor":6,"key":"SMITH"},{"data":"Self Repair","floor":8,"key":"SMITH"},{"data":"Creative AI","floor":10,"key":"SMITH"},{"data":"Dualcast","floor":15,"key":"SMITH"}],"neow_cost":"NONE","seed_source_timestamp":782439874558,"circlet_count":0,"master_deck":["AscendersBane","Strike_B","Strike_B","Defend_B","Defend_B","Defend_B","Defend_B","Zap","Dualcast+1","Creative AI+1","Streamline","Darkness+1","Self Repair+1","Capacitor","Heatsinks"],"relics":["Cracked Core","Golden Idol","Sundial","DataDisk","Dream Catcher","Bottled Tornado"],"potions_floor_usage":[],"damage_taken":[{"damage":9,"enemies":"Jaw Worm","floor":1,"turns":4},{"damage":0,"enemies":"2 Louse","floor":4,"turns":2},{"damage":45,"enemies":"3 Sentries","floor":12,"turns":8},{"damage":35,"enemies":"Lagavulin","floor":14,"turns":6},{"damage":36,"enemies":"The Guardian","floor":16,"turns":2}],"seed_played":"5840602490445206626","potions_obtained":[{"floor":12,"key":"FairyPotion"},{"floor":14,"key":"PowerPotion"}],"is_trial":false,"path_per_floor":["M","?","T","M","$","R","?","R","T","R","?","E","$","E","R","B"],"character_chosen":"DEFECT","items_purchased":["Self Repair","Capacitor","PowerPotion"],"campfire_rested":0,"item_purchase_floors":[5,13,13],"current_hp_per_floor":[55,55,55,55,55,55,55,55,55,55,55,20,20,16,16,0],"gold":41,"neow_bonus":"ONE_RANDOM_RARE_CARD","is_prod":false,"is_daily":false,"chose_seed":false,"campfire_upgraded":4,"win_rate":0,"timestamp":1548384819,"path_taken":["M","?","?","M","$","R","?","R","T","R","?","E","$","E","R","BOSS"],"build_version":"2019-01-23","purchased_purges":1,"victory":false,"max_hp_per_floor":[71,64,64,64,64,64,64,64,64,64,64,64,64,64,64,64],"card_choices":[{"not_picked":["Go for the Eyes","Reprogram"],"picked":"Streamline","floor":1},{"not_picked":["Turbo","Barrage"],"picked":"Darkness","floor":4},{"not_picked":["Recycle","Compile Driver","Steam"],"picked":"SKIP","floor":12},{"not_picked":["Steam","Fusion"],"picked":"Heatsinks","floor":14}],"player_experience":694864,"relics_obtained":[{"floor":3,"key":"Sundial"},{"floor":9,"key":"DataDisk"},{"floor":12,"key":"Dream Catcher"},{"floor":14,"key":"Bottled Tornado"}],"event_choices":[{"damage_healed":0,"gold_gain":0,"player_choice":"Lose Max HP","damage_taken":0,"relics_obtained":["Golden Idol"],"max_hp_gain":0,"max_hp_loss":7,"event_name":"Golden Idol","floor":2,"gold_loss":0},{"damage_healed":0,"gold_gain":64,"player_choice":"Gained Gold","damage_taken":0,"max_hp_gain":0,"max_hp_loss":0,"event_name":"Golden Wing","floor":7,"gold_loss":0},{"cards_removed":["Strike_B"],"damage_healed":0,"gold_gain":0,"player_choice":"Offered Basic","damage_taken":0,"max_hp_gain":0,"max_hp_loss":0,"event_name":"Bonfire Elementals","floor":11,"gold_loss":0}],"is_beta":true,"boss_relics":[],"items_purged_floors":[13],"is_endless":false,"potions_floor_spawned":[12,14],"killed_by":"The Guardian","ascension_level":20}