{"gold_per_floor":[109,109,56,131,131,145,145,163,163,163,195,195,195,40,40,40],"floor_reached":16,"playtime":560,"items_purged":["Strike_B"],"score":192,"play_id":"b1489529-4320-4b6c-bce0-0ee9ac78e5a6","local_time":"20181214195103","is_ascension_mode":true,"campfire_choices":[{"data":"Beam Cell","floor":7.0,"key":"SMITH"},{"data":"Zap","floor":12,"key":"SMITH"},{"data":"Dualcast","floor":15,"key":"SMITH"}],"neow_cost":"PERCENT_DAMAGE","seed_source_timestamp":1279553827130,"circlet_count":0,"master_deck":["AscendersBane","Strike_B","Defend_B","Defend_B","Defend_B","Defend_B","Zap+1","Dualcast+1","Panacea","Impatience","Ball Lightning","Beam Cell+1","Rebound","Hello World","Self Repair","Conserve Battery","Cold Snap"],"special_seed":0,"relics":["Cracked Core","Dead Branch","Gambling Chip","Question Card"],"potions_floor_usage":[11,11,16],"damage_taken":[{"damage":2.0,"enemies":"Jaw Worm","floor":1.0,"turns":3.0},{"damage":13.0,"enemies":"2 Louse","floor":6.0,"turns":3.0},{"damage":0.0,"enemies":"Cultist","floor":8.0,"turns":2.0},{"damage":10,"enemies":"Lagavulin","floor":11,"turns":3},{"damage":3,"enemies":"The Guardian","floor":16,"turns":6}],"seed_played":"-3978224684041905511","potions_obtained":[{"floor":6.0,"key":"Weak Potion"},{"floor":8.0,"key":"Strength Potion"},{"floor":11,"key":"Block Potion"}],"is_trial":false,"path_per_floor":["M","?","$","?","?","M","R","M","T","?","E","R","T","$","R","B"],"character_chosen":"DEFECT","items_purchased":["Beam Cell","Conserve Battery","Cold Snap"],"campfire_rested":0,"item_purchase_floors":[3,14,14],"current_hp_per_floor":[44,37,37,26,26,13,13,13,13,13,3,3,3,3,3,0],"gold":40,"neow_bonus":"RANDOM_COLORLESS_2","is_prod":false,"is_daily":false,"chose_seed":false,"campfire_upgraded":3,"win_rate":0,"timestamp":1544788263,"path_taken":["M","?","$","?","?","M","R","?","T","?","E","R","?","?","R","BOSS"],"build_version":"2018-12-13","purchased_purges":1,"victory":false,"max_hp_per_floor":[71,71,71,71,71,71,71,71,71,71,71,71,71,71,71,71],"card_choices":[{"not_picked":["Beam Cell","Steam Power"],"picked":"Ball Lightning","floor":1.0},{"not_picked":["Beam Cell","Storm","Scrape"],"picked":"SKIP","floor":6.0},{"not_picked":["Streamline","Doom and Gloom"],"picked":"Hello World","floor":8.0},{"not_picked":["Reprogram","Leap"],"picked":"Self Repair","floor":11}],"player_experience":616524,"relics_obtained":[{"floor":9.0,"key":"Dead Branch"},{"floor":11,"key":"Gambling Chip"},{"floor":13,"key":"Question Card"}],"event_choices":[{"cards_removed":["Strike_B"],"damage_healed":0.0,"max_hp_gain":0.0,"max_hp_loss":0.0,"gold_gain":0.0,"event_name":"Golden Wing","player_choice":"Card Removal","floor":2.0,"gold_loss":0.0,"damage_taken":7.0},{"damage_healed":0.0,"max_hp_gain":0.0,"max_hp_loss":0.0,"gold_gain":75.0,"event_name":"World of Goop","player_choice":"Gather Gold","floor":4.0,"gold_loss":0.0,"damage_taken":11.0},{"damage_healed":0.0,"max_hp_gain":0.0,"max_hp_loss":0.0,"gold_gain":0.0,"cards_transformed":["Strike_B"],"event_name":"Transmorgrifier","player_choice":"Transformed","floor":5.0,"gold_loss":0.0,"damage_taken":0.0,"cards_obtained":["Rebound"]},{"damage_healed":0.0,"max_hp_gain":0.0,"max_hp_loss":0.0,"gold_gain":0.0,"event_name":"Liars Game","player_choice":"Ignored","floor":10.0,"gold_loss":0.0,"damage_taken":0.0}],"is_beta":true,"boss_relics":[],"items_purged_floors":[14],"is_endless":false,"potions_floor_spawned":[6,8,11],"killed_by":"The Guardian","ascension_level":20}