{"gold_per_floor":[117,42,42,53,72,72,83,83,129,155,55,75,109,21,21,95,95,115,115,130,20,39,39,69,69,69,86,86,33,43,93,93,166,166,186,200,422,422,439,473,473,502,502,516,531,163,181,198,198,198,198,198,198,8,42,42],"floor_reached":57,"playtime":4714,"items_purged":["Strike_B","Strike_B","Defend_B","Defend_B"],"score":2808,"play_id":"ad6cc0e5-a369-48ff-b460-6be01738e817","local_time":"20181231130141","is_ascension_mode":true,"campfire_choices":[{"data":"Chaos","floor":6.0,"key":"SMITH"},{"data":"Beam Cell","floor":8.0,"key":"SMITH"},{"data":"Dualcast","floor":15.0,"key":"SMITH"},{"data":"Sunder","floor":23.0,"key":"SMITH"},{"floor":25.0,"key":"REST"},{"data":"Hologram","floor":32.0,"key":"SMITH"},{"data":"Reinforced Body","floor":41.0,"key":"SMITH"},{"floor":49.0,"key":"RECALL"},{"data":"Go for the Eyes","floor":53.0,"key":"SMITH"}],"neow_cost":"NONE","seed_source_timestamp":297403268481,"circlet_count":0,"master_deck":["AscendersBane","Defend_B","Defend_B","Zap","Dualcast+1","Core Surge","Beam Cell+1","Chaos+1","Cold Snap","Ball Lightning","Echo Form","All For One","Sunder+1","Fission+1","Conserve Battery","Go for the Eyes+1","Hologram+1","Undo","Meteor Strike","Reinforced Body+1","Reinforced Body+1","Loop"],"special_seed":0,"relics":["Cracked Core","Happy Flower","Bronze Scales","Potion Belt","Nuclear Battery","Red Mask","Gambling Chip","Snecko Eye","Pantograph","Thread and Needle","Orichalcum","Membership Card","DollysMirror","Sundial"],"potions_floor_usage":[56,56,56],"damage_taken":[{"damage":4.0,"enemies":"Small Slimes","floor":1.0,"turns":3.0},{"damage":0.0,"enemies":"Cultist","floor":4.0,"turns":3.0},{"damage":1.0,"enemies":"2 Louse","floor":5.0,"turns":2.0},{"damage":0.0,"enemies":"Lots of Slimes","floor":7.0,"turns":1.0},{"damage":11.0,"enemies":"Gremlin Nob","floor":10.0,"turns":3.0},{"damage":6.0,"enemies":"Large Slime","floor":12.0,"turns":3.0},{"damage":11.0,"enemies":"Lagavulin","floor":13.0,"turns":6.0},{"damage":14.0,"enemies":"Slime Boss","floor":16.0,"turns":8.0},{"damage":17.0,"enemies":"Chosen","floor":18.0,"turns":5.0},{"damage":5.0,"enemies":"2 Thieves","floor":20.0,"turns":3.0},{"damage":13.0,"enemies":"Cultist and Chosen","floor":22.0,"turns":5.0},{"damage":6.0,"enemies":"Masked Bandits","floor":24.0,"turns":3.0},{"damage":0.0,"enemies":"3 Cultists","floor":27.0,"turns":4.0},{"damage":8.0,"enemies":"Snake Plant","floor":30.0,"turns":2.0},{"damage":13.0,"enemies":"Champ","floor":33.0,"turns":17.0},{"damage":0.0,"enemies":"3 Darklings","floor":35.0,"turns":3.0},{"damage":0.0,"enemies":"Orb Walker","floor":36.0,"turns":1.0},{"damage":2.0,"enemies":"Writhing Mass","floor":39.0,"turns":3.0},{"damage":18.0,"enemies":"Reptomancer","floor":40.0,"turns":4.0},{"damage":0.0,"enemies":"Nemesis","floor":42.0,"turns":5.0},{"damage":0.0,"enemies":"3 Darklings","floor":44.0,"turns":3.0},{"damage":0.0,"enemies":"4 Shapes","floor":45.0,"turns":4.0},{"damage":0.0,"enemies":"Jaw Worm Horde","floor":47.0,"turns":3.0},{"damage":0.0,"enemies":"Maw","floor":48.0,"turns":2.0},{"damage":34.0,"enemies":"Time Eater","floor":50.0,"turns":12.0},{"damage":0.0,"enemies":"Awakened One","floor":51.0,"turns":11.0},{"damage":14.0,"enemies":"Shield and Spear","floor":55.0,"turns":8.0},{"damage":63,"enemies":"The Heart","floor":56,"turns":10}],"seed_played":"-4004465127941607505","potions_obtained":[{"floor":3.0,"key":"AttackPotion"},{"floor":3.0,"key":"Block Potion"},{"floor":7.0,"key":"Strength Potion"},{"floor":10.0,"key":"Dexterity Potion"},{"floor":12.0,"key":"Dexterity Potion"},{"floor":20.0,"key":"Dexterity Potion"},{"floor":22.0,"key":"Fire Potion"},{"floor":35.0,"key":"Strength Potion"},{"floor":40.0,"key":"Strength Potion"}],"is_trial":false,"path_per_floor":["M","$","?","M","M","R","M","R","T","E","M","E","$","R","B",null,"?","M","M","R","R","T","M","?","$","M","?","R","B",null,"M","M","?","T","E","R","E","M","M","$","M","M","R","B",null,"R","$","E",null],"character_chosen":"DEFECT","items_purchased":["Sunder","Weak Potion","Membership Card","Ancient Potion","GamblersBrew","DollysMirror"],"campfire_rested":1,"item_purchase_floors":[14,29,46,46,46,54],"current_hp_per_floor":[60,60,60,60,59,59,59,59,59,48,48,42,31,31,31,17,58,41,41,36,36,23,23,17,38,38,38,38,38,30,30,30,17,58,58,58,58,58,56,38,38,38,38,38,38,38,38,38,38,29,54,67,67,67,53,8],"gold":42,"neow_bonus":"ONE_RANDOM_RARE_CARD","is_prod":false,"is_daily":false,"chose_seed":false,"campfire_upgraded":7,"win_rate":0,"timestamp":1546232501,"path_taken":["M","$","?","M","M","R","M","R","T","E","?","?","E","?","R","BOSS","M","?","M","?","?","R","?","R","T","M","?","$","M","?","R","BOSS","M","M","?","?","M","E","R","E","T","M","M","$","M","M","R","BOSS","BOSS","R","$","E","BOSS"],"build_version":"2018-12-25","purchased_purges":4,"victory":true,"max_hp_per_floor":[71,71,71,71,71,71,71,71,71,71,71,71,71,71,71,71,71,71,71,71,71,71,71,71,71,71,71,71,71,71,71,71,71,71,71,71,71,71,71,71,71,71,71,71,71,71,71,71,71,71,71,71,71,71,71,71],"card_choices":[{"not_picked":["Barrage","Redo"],"picked":"Beam Cell","floor":1.0},{"not_picked":["Storm","Stack"],"picked":"Chaos","floor":4.0},{"not_picked":["Hologram","Stack"],"picked":"Cold Snap","floor":5.0},{"not_picked":["Beam Cell","Fusion"],"picked":"Ball Lightning","floor":7.0},{"not_picked":["Scrape","Gash","Sweeping Beam"],"picked":"SKIP","floor":10.0},{"not_picked":["Loop","Steam"],"picked":"Echo Form","floor":12.0},{"not_picked":["Chaos","Streamline"],"picked":"All For One","floor":13.0},{"not_picked":["Amplify","Rainbow"],"picked":"Fission","floor":16.0},{"not_picked":["Cold Snap","Genetic Algorithm","Streamline"],"picked":"SKIP","floor":18.0},{"not_picked":["Lockon","Beam Cell"],"picked":"Conserve Battery","floor":20.0},{"not_picked":["Hello World+1","Heatsinks","Gash"],"picked":"SKIP","floor":22.0},{"not_picked":["Leap","Force Field"],"picked":"Go for the Eyes","floor":24.0},{"not_picked":["Melter","Lockon","Hologram"],"picked":"SKIP","floor":27.0},{"not_picked":["Melter","Lockon"],"picked":"Hologram","floor":27.0},{"not_picked":["Compile Driver","Gash"],"picked":"Undo","floor":30.0},{"not_picked":["Fission","Machine Learning"],"picked":"Meteor Strike","floor":33.0},{"not_picked":["Consume","Hello World","Rebound"],"picked":"SKIP","floor":35.0},{"not_picked":["Consume","Hello World","Rebound"],"picked":"SKIP","floor":35.0},{"not_picked":["White Noise+1","Barrage","Conserve Battery"],"picked":"SKIP","floor":36.0},{"not_picked":["Coolheaded","Sweeping Beam","Steam"],"picked":"SKIP","floor":39.0},{"not_picked":["Ball Lightning+1","Steam"],"picked":"Reinforced Body","floor":40.0},{"not_picked":["Barrage","Stack","Streamline"],"picked":"SKIP","floor":42.0},{"not_picked":["Conserve Battery+1","Compile Driver+1","Rebound+1"],"picked":"SKIP","floor":44.0},{"not_picked":["Turbo","Lockon","Defragment"],"picked":"SKIP","floor":45.0},{"not_picked":["Blizzard","Turbo","Heatsinks"],"picked":"SKIP","floor":47.0},{"not_picked":["Fusion","Undo","Steam Power+1"],"picked":"SKIP","floor":48.0},{"not_picked":["Loop","Tempest+1","Conserve Battery+1"],"picked":"SKIP","floor":55.0},{"not_picked":["Tempest+1","Conserve Battery+1"],"picked":"Loop","floor":55.0}],"player_experience":652715,"relics_obtained":[{"floor":9.0,"key":"Happy Flower"},{"floor":10.0,"key":"Bronze Scales"},{"floor":13.0,"key":"Potion Belt"},{"floor":24.0,"key":"Red Mask"},{"floor":26.0,"key":"Gambling Chip"},{"floor":38.0,"key":"Pantograph"},{"floor":40.0,"key":"Thread and Needle"},{"floor":42.0,"key":"Orichalcum"},{"floor":55.0,"key":"Sundial"}],"event_choices":[{"damage_healed":0.0,"max_hp_gain":0.0,"max_hp_loss":0.0,"gold_gain":0.0,"event_name":"Lab","player_choice":"Got Potions","floor":3.0,"gold_loss":0.0,"damage_taken":0.0},{"cards_removed":["Strike_B"],"damage_healed":0.0,"max_hp_gain":0.0,"max_hp_loss":0.0,"gold_gain":0.0,"event_name":"Back to Basics","player_choice":"Elegance","floor":19.0,"gold_loss":0.0,"damage_taken":0.0},{"cards_removed":["Strike_B"],"damage_healed":0.0,"max_hp_gain":0.0,"max_hp_loss":0.0,"gold_gain":0.0,"event_name":"Designer","player_choice":"Upgrade and Remove","floor":21.0,"gold_loss":110.0,"damage_taken":0.0,"cards_upgraded":["Fission"]},{"damage_healed":0.0,"max_hp_gain":0.0,"max_hp_loss":0.0,"gold_gain":0.0,"event_name":"Masked Bandits","player_choice":"Fought Bandits","floor":24.0,"gold_loss":0.0,"damage_taken":0.0},{"damage_healed":0.0,"max_hp_gain":0.0,"max_hp_loss":0.0,"gold_gain":0.0,"event_name":"Vampires","player_choice":"Ignored","floor":28.0,"gold_loss":0.0,"damage_taken":0.0},{"damage_healed":0.0,"max_hp_gain":0.0,"max_hp_loss":0.0,"gold_gain":50.0,"event_name":"Nest","player_choice":"Stole From Cult","floor":31.0,"gold_loss":0.0,"damage_taken":0.0},{"damage_healed":0.0,"max_hp_gain":0.0,"max_hp_loss":0.0,"gold_gain":222.0,"event_name":"Tomb of Lord Red Mask","player_choice":"Wore Mask","floor":37.0,"gold_loss":0.0,"damage_taken":0.0}],"is_beta":true,"boss_relics":[{"not_picked":["Cursed Key","Busted Crown"],"picked":"Nuclear Battery"},{"not_picked":["Runic Pyramid","Empty Cage"],"picked":"Snecko Eye"}],"items_purged_floors":[2,11,46,54],"is_endless":false,"potions_floor_spawned":[7,10,12,20,22,30,35,40,45],"ascension_level":20}