{"gold_per_floor":[112,131,151,101,101,133,133,158,158,158,169,127,20,32,32,131,131,121,121,121,121,41,41,41,53,132,132,57,75,86,86,86,191,191,208,220,220,32,49,49,83,83,83,97,97,497,497,516,516,516,516,516,64,93,93],"floor_reached":55,"playtime":2562,"items_purged":["Stack"],"score":1009,"play_id":"1e5d8aff-cf09-4927-b5bf-1356b6095507","local_time":"20190807134016","is_ascension_mode":true,"campfire_choices":[{"data":"Glacier","floor":7.0,"key":"SMITH"},{"data":"Rip and Tear","floor":10.0,"key":"SMITH"},{"data":"Loop","floor":15.0,"key":"SMITH"},{"data":"Capacitor","floor":23.0,"key":"SMITH"},{"data":"Defragment","floor":27.0,"key":"SMITH"},{"floor":32.0,"key":"REST"},{"floor":40.0,"key":"REST"},{"floor":42.0,"key":"RECALL"},{"floor":49.0,"key":"REST"},{"data":"Defragment","floor":52.0,"key":"SMITH"}],"neow_cost":"NONE","seed_source_timestamp":339111450958501,"circlet_count":0,"master_deck":["Zap","Dualcast","Conserve Battery","Defragment+1","Ball Lightning","Glacier+1","Rip and Tear+1","Melter","Loop+1","Gash","Biased Cognition","Defragment+1","Force Field","Seek","Redo","Capacitor+1","Chill+1","Defragment+1","Glacier","Core Surge","Go for the Eyes","Capacitor+1","Self Repair","Core Surge","Go for the Eyes+1","Consume+1","Ball Lightning","Capacitor+1","Multi-Cast"],"special_seed":0,"relics":["Cracked Core","Juzu Bracelet","Darkstone Periapt","Shuriken","Pandora\u0027s Box","Sundial","White Beast Statue","Cables","Old Coin","Gambling Chip","Symbiotic Virus"],"potions_floor_usage":[54,55,55,55],"damage_taken":[{"damage":13.0,"enemies":"Small Slimes","floor":1.0,"turns":3.0},{"damage":0.0,"enemies":"2 Louse","floor":2.0,"turns":2.0},{"damage":0.0,"enemies":"Cultist","floor":3.0,"turns":3.0},{"damage":20.0,"enemies":"Gremlin Nob","floor":6.0,"turns":3.0},{"damage":7.0,"enemies":"3 Sentries","floor":8.0,"turns":9.0},{"damage":9.0,"enemies":"3 Louse","floor":11.0,"turns":2.0},{"damage":0.0,"enemies":"2 Fungi Beasts","floor":14.0,"turns":3.0},{"damage":0.0,"enemies":"The Guardian","floor":16.0,"turns":9.0},{"damage":19.0,"enemies":"2 Thieves","floor":18.0,"turns":4.0},{"damage":21.0,"enemies":"Shell Parasite","floor":25.0,"turns":4.0},{"damage":3.0,"enemies":"Centurion and Healer","floor":29.0,"turns":6.0},{"damage":11.0,"enemies":"Snake Plant","floor":30.0,"turns":6.0},{"damage":19.0,"enemies":"Colosseum Slavers","floor":31.0,"turns":4.0},{"damage":9.0,"enemies":"Champ","floor":33.0,"turns":8.0},{"damage":46.0,"enemies":"3 Shapes","floor":35.0,"turns":5.0},{"damage":2.0,"enemies":"Orb Walker","floor":36.0,"turns":5.0},{"damage":12.0,"enemies":"Spire Growth","floor":39.0,"turns":7.0},{"damage":14.0,"enemies":"Reptomancer","floor":41.0,"turns":13.0},{"damage":6.0,"enemies":"Jaw Worm Horde","floor":44.0,"turns":8.0},{"damage":0.0,"enemies":"Mind Bloom Boss Battle","floor":46.0,"turns":6.0},{"damage":7.0,"enemies":"Sphere and 2 Shapes","floor":48.0,"turns":6.0},{"damage":28.0,"enemies":"Donu and Deca","floor":50.0,"turns":11.0},{"damage":34,"enemies":"Shield and Spear","floor":54,"turns":8},{"damage":38,"enemies":"The Heart","floor":55,"turns":2}],"seed_played":"-3592026588476602656","potions_obtained":[{"floor":2.0,"key":"Poison Potion"},{"floor":3.0,"key":"Ancient Potion"},{"floor":11.0,"key":"SneckoOil"},{"floor":24.0,"key":"Fruit Juice"},{"floor":24.0,"key":"Poison Potion"},{"floor":30.0,"key":"Swift Potion"},{"floor":33.0,"key":"EssenceOfSteel"},{"floor":35.0,"key":"FocusPotion"},{"floor":41.0,"key":"Strength Potion"},{"floor":44.0,"key":"FocusPotion"},{"floor":46.0,"key":"Poison Potion"},{"floor":48.0,"key":"Weak Potion"},{"floor":54,"key":"PowerPotion"}],"is_trial":false,"path_per_floor":["M","M","M","?","?","E","R","E","T","R","M","?","$","M","R","B",null,"M","?","?","?","$","R","?","M","T","R","$","M","M","?","R","B",null,"M","M","?","$","M","R","E","R","T","M","?","?","?","M","R","B",null,"R","$","E","B"],"character_chosen":"DEFECT","items_purchased":["Loop","Gash","Capacitor","Defragment","Self Repair","Core Surge","Gambling Chip","GamblersBrew"],"campfire_rested":3,"item_purchase_floors":[13,13,22,28,38,38,53,53],"current_hp_per_floor":[62,62,62,62,62,42,42,35,35,35,26,26,26,26,26,26,68,49,76,76,76,76,76,81,60,60,60,60,57,46,27,53,44,76,30,28,28,28,16,42,35,35,35,36,36,36,36,36,60,39,72,72,72,38,0],"gold":93,"neow_bonus":"TEN_PERCENT_HP_BONUS","is_prod":false,"is_daily":false,"chose_seed":false,"campfire_upgraded":6,"win_rate":0,"timestamp":1565203216,"path_taken":["M","M","M","?","?","E","R","E","T","R","M","?","$","M","R","BOSS","M","?","?","?","$","R","?","M","T","R","$","M","M","?","R","BOSS","M","M","?","$","M","R","E","R","T","M","?","?","?","M","R","BOSS","R","$","E","BOSS"],"build_version":"2019-07-17","purchased_purges":1,"victory":false,"max_hp_per_floor":[82,82,82,82,82,82,82,82,82,82,82,82,82,82,82,82,82,82,82,82,82,82,82,87,87,87,87,87,87,87,87,87,87,87,87,87,87,87,87,87,87,87,87,87,87,87,83,83,83,83,83,83,83,83,83],"card_choices":[{"not_picked":["Compile Driver","Fusion"],"picked":"Conserve Battery","floor":1.0},{"not_picked":["Reprogram","Blizzard"],"picked":"Defragment","floor":2.0},{"not_picked":["Barrage","Genetic Algorithm"],"picked":"Ball Lightning","floor":3.0},{"not_picked":["Aggregate","Rebound"],"picked":"Glacier","floor":6.0},{"not_picked":["Beam Cell","Ball Lightning"],"picked":"Rip and Tear","floor":8.0},{"not_picked":["Conserve Battery","Fusion"],"picked":"Melter","floor":11.0},{"not_picked":["Reprogram","Thunder Strike","Hologram"],"picked":"SKIP","floor":14.0},{"not_picked":["Multi-Cast","Seek"],"picked":"Biased Cognition","floor":16.0},{"not_picked":["Compile Driver+1","Hologram","Scrape"],"picked":"SKIP","floor":18.0},{"not_picked":["Reprogram","Sweeping Beam"],"picked":"Chill+1","floor":25.0},{"not_picked":["Reinforced Body","Lockon","Hologram"],"picked":"SKIP","floor":29.0},{"not_picked":["Lockon+1","Aggregate"],"picked":"Glacier","floor":30.0},{"not_picked":["Echo Form","Seek"],"picked":"Core Surge","floor":33.0},{"not_picked":["Darkness","Steam+1"],"picked":"Go for the Eyes","floor":35.0},{"not_picked":["Lockon+1","Sweeping Beam"],"picked":"Capacitor+1","floor":36.0},{"not_picked":["Turbo+1","Coolheaded"],"picked":"Go for the Eyes+1","floor":39.0},{"not_picked":["Coolheaded+1","Conserve Battery+1"],"picked":"Consume+1","floor":41.0},{"not_picked":["Barrage+1","Redo","Compile Driver"],"picked":"SKIP","floor":44.0},{"not_picked":["Self Repair","Storm"],"picked":"Capacitor+1","floor":48.0},{"not_picked":["Turbo","Doom and Gloom"],"picked":"Multi-Cast","floor":54}],"player_experience":248121,"relics_obtained":[{"floor":6.0,"key":"Juzu Bracelet"},{"floor":8.0,"key":"Darkstone Periapt"},{"floor":9.0,"key":"Shuriken"},{"floor":26.0,"key":"Sundial"},{"floor":41.0,"key":"Cables"},{"floor":46.0,"key":"Old Coin"},{"floor":54,"key":"Symbiotic Virus"}],"event_choices":[{"cards_removed":["Strike_B"],"damage_healed":0.0,"max_hp_gain":0.0,"max_hp_loss":0.0,"gold_gain":0.0,"event_name":"The Cleric","player_choice":"Card Removal","floor":4.0,"gold_loss":50.0,"damage_taken":0.0},{"damage_healed":0.0,"max_hp_gain":0.0,"max_hp_loss":0.0,"gold_gain":0.0,"event_name":"Upgrade Shrine","player_choice":"Upgraded","floor":5.0,"gold_loss":0.0,"damage_taken":0.0,"cards_upgraded":["Defragment"]},{"damage_healed":0.0,"max_hp_gain":0.0,"max_hp_loss":0.0,"gold_gain":0.0,"event_name":"World of Goop","player_choice":"Left Gold","floor":12.0,"gold_loss":42.0,"damage_taken":0.0},{"damage_healed":27.0,"max_hp_gain":0.0,"max_hp_loss":0.0,"gold_gain":0.0,"event_name":"The Library","player_choice":"Heal","floor":19.0,"gold_loss":0.0,"damage_taken":0.0},{"damage_healed":0.0,"max_hp_gain":0.0,"max_hp_loss":0.0,"gold_gain":0.0,"event_name":"Ghosts","player_choice":"Ignored","floor":20.0,"gold_loss":0.0,"damage_taken":0.0},{"cards_removed":["Sweeping Beam"],"damage_healed":0.0,"max_hp_gain":0.0,"max_hp_loss":0.0,"gold_gain":0.0,"event_name":"Back to Basics","player_choice":"Elegance","floor":21.0,"gold_loss":0.0,"damage_taken":0.0},{"damage_healed":0.0,"max_hp_gain":0.0,"max_hp_loss":0.0,"gold_gain":0.0,"event_name":"Lab","player_choice":"Got Potions","floor":24.0,"gold_loss":0.0,"damage_taken":0.0},{"damage_healed":0.0,"max_hp_gain":0.0,"max_hp_loss":0.0,"gold_gain":0.0,"event_name":"Colosseum","player_choice":"Fight","floor":31.0,"gold_loss":0.0,"damage_taken":0.0},{"damage_healed":0.0,"max_hp_gain":0.0,"max_hp_loss":0.0,"gold_gain":0.0,"event_name":"Colosseum","player_choice":"Fled From Nobs","floor":31.0,"gold_loss":0.0,"damage_taken":0.0},{"damage_healed":0.0,"max_hp_gain":0.0,"max_hp_loss":0.0,"gold_gain":0.0,"event_name":"Tomb of Lord Red Mask","player_choice":"Ignored","floor":37.0,"gold_loss":0.0,"damage_taken":0.0},{"damage_healed":0.0,"max_hp_gain":0.0,"max_hp_loss":0.0,"gold_gain":0.0,"cards_transformed":["Compile Driver"],"event_name":"Transmorgrifier","player_choice":"Transformed","floor":45.0,"gold_loss":0.0,"damage_taken":0.0,"cards_obtained":["Ball Lightning"]},{"damage_healed":0.0,"max_hp_gain":0.0,"max_hp_loss":0.0,"gold_gain":0.0,"event_name":"MindBloom","player_choice":"Fight","floor":46.0,"gold_loss":0.0,"damage_taken":0.0},{"damage_healed":0.0,"max_hp_gain":0.0,"max_hp_loss":4.0,"gold_gain":0.0,"event_name":"Winding Halls","player_choice":"Max HP","floor":47.0,"gold_loss":0.0,"damage_taken":0.0}],"is_beta":false,"boss_relics":[{"not_picked":["Black Star","Empty Cage"],"picked":"Pandora\u0027s Box"},{"not_picked":["Coffee Dripper","Runic Dome"],"picked":"White Beast Statue"}],"items_purged_floors":[53],"is_endless":false,"potions_floor_spawned":[2,3,11,30,33,35,36,39,41,44,46,48,54],"killed_by":"The Heart","ascension_level":8}