{"gold_per_floor":[117,67,80,93,18,52,52,52,104,138,138,152,152,227,227,227],"floor_reached":16,"playtime":454,"items_purged":["Defend_B"],"score":167,"play_id":"e9e13f5a-830c-4f1a-af01-a7dc1ce72350","local_time":"20180809195024","is_ascension_mode":true,"campfire_choices":[{"data":"Hyperbeam","floor":7.0,"key":"SMITH"},{"data":"Streamline","floor":11.0,"key":"SMITH"},{"data":"FTL","floor":13.0,"key":"SMITH"},{"data":"Melter","floor":15.0,"key":"SMITH"}],"neow_cost":"NONE","seed_source_timestamp":0,"circlet_count":0,"master_deck":["Strike_B","Strike_B","Strike_B","Defend_B","Defend_B","Defend_B","Zap","Dualcast","AscendersBane","Hyperbeam+1","Conserve Battery","Streamline+1","FTL+1","Melter+1"],"special_seed":0,"relics":["Cracked Core","Oddly Smooth Stone","Anchor","Juzu Bracelet"],"potions_floor_usage":[16],"damage_taken":[{"damage":0.0,"enemies":"Small Slimes","floor":1.0,"turns":1.0},{"damage":2.0,"enemies":"Jaw Worm","floor":3.0,"turns":3.0},{"damage":1.0,"enemies":"Cultist","floor":4.0,"turns":3.0},{"damage":30.0,"enemies":"Lagavulin","floor":6.0,"turns":6.0},{"damage":10.0,"enemies":"Gremlin Nob","floor":10.0,"turns":3.0},{"damage":0.0,"enemies":"Lots of Slimes","floor":12.0,"turns":1.0},{"damage":18,"enemies":"Slime Boss","floor":16,"turns":6}],"seed_played":"3080172826299179181","potions_obtained":[{"floor":1.0,"key":"LiquidBronze"},{"floor":4.0,"key":"Fire Potion"},{"floor":10.0,"key":"SteroidPotion"}],"is_trial":false,"path_per_floor":["M","?","M","M","$","E","R","$","T","E","R","M","R","?","R"],"character_chosen":"DEFECT","items_purchased":[],"campfire_rested":0,"item_purchase_floors":[],"current_hp_per_floor":[68,68,66,65,65,35,35,35,35,25,25,25,25,14,14,0],"gold":227,"neow_bonus":"ONE_RANDOM_RARE_CARD","is_prod":false,"is_daily":false,"chose_seed":false,"campfire_upgraded":4,"win_rate":0,"timestamp":1533815424,"path_taken":["M","?","?","?","$","E","R","$","T","E","R","M","R","?","R","BOSS"],"build_version":"2018-08-02","purchased_purges":1,"victory":false,"max_hp_per_floor":[75,75,75,75,75,75,75,75,75,75,75,75,75,75,75,75],"card_choices":[{"not_picked":["Loop","White Noise"],"picked":"Conserve Battery","floor":1.0},{"not_picked":["Conserve Battery","Coolheaded","Hello World"],"picked":"SKIP","floor":3.0},{"not_picked":["Rip and Tear","Redo"],"picked":"Streamline","floor":4.0},{"not_picked":["Rebound","Leap"],"picked":"FTL","floor":6.0},{"not_picked":["Static Discharge","Darkness","Electrodynamics"],"picked":"SKIP","floor":10.0},{"not_picked":["Conserve Battery","Steam"],"picked":"Melter","floor":12.0}],"player_experience":221435,"relics_obtained":[{"floor":6.0,"key":"Oddly Smooth Stone"},{"floor":9.0,"key":"Anchor"},{"floor":10.0,"key":"Juzu Bracelet"}],"event_choices":[{"event_name":"The Cleric","player_choice":"Card Removal","floor":2.0,"damage_taken":0.0},{"event_name":"World of Goop","player_choice":"Gather Gold","floor":14.0,"damage_taken":0.0}],"is_beta":false,"boss_relics":[],"items_purged_floors":[5],"is_endless":false,"potions_floor_spawned":[1,4,10],"killed_by":"Slime Boss","ascension_level":11}