{"gold_per_floor":[362,379,12,22,36,62,62,81,81,96,96,127,127,141,141,215,215,229,3,17,33,49,49,65,65],"floor_reached":25,"playtime":1092,"items_purged":[],"score":438,"play_id":"06eafcb5-e92d-441c-9af2-78607c7e9527","local_time":"20190131102915","is_ascension_mode":true,"campfire_choices":[{"data":"Beam Cell","floor":7.0,"key":"SMITH"},{"data":"Streamline","floor":11.0,"key":"SMITH"},{"data":"Coolheaded","floor":13.0,"key":"SMITH"},{"data":"Dualcast","floor":15.0,"key":"SMITH"},{"data":"Reboot","floor":23.0,"key":"SMITH"}],"neow_cost":"TEN_PERCENT_HP_LOSS","seed_source_timestamp":5058925737211,"circlet_count":0,"master_deck":["AscendersBane","Strike_B","Strike_B","Defend_B","Defend_B","Defend_B","Defend_B","Zap","Dualcast+1","Cold Snap","Streamline+1","Conserve Battery","Ball Lightning","Chill","Beam Cell+1","Coolheaded+1","Reboot+1","Electrodynamics","Self Repair","Reinforced Body"],"special_seed":0,"relics":["Cracked Core","Meat on the Bone","Gremlin Horn","Nunchaku","Pear","Empty Cage","Membership Card"],"potions_floor_usage":[24],"damage_taken":[{"damage":2.0,"enemies":"Cultist","floor":1.0,"turns":4.0},{"damage":2.0,"enemies":"Jaw Worm","floor":2.0,"turns":3.0},{"damage":8.0,"enemies":"2 Louse","floor":4.0,"turns":2.0},{"damage":0.0,"enemies":"Gremlin Gang","floor":5.0,"turns":4.0},{"damage":24.0,"enemies":"Gremlin Nob","floor":6.0,"turns":4.0},{"damage":0.0,"enemies":"Exordium Thugs","floor":8.0,"turns":2.0},{"damage":9.0,"enemies":"2 Fungi Beasts","floor":10.0,"turns":5.0},{"damage":10.0,"enemies":"3 Sentries","floor":12.0,"turns":6.0},{"damage":0.0,"enemies":"Exordium Wildlife","floor":14.0,"turns":2.0},{"damage":16.0,"enemies":"The Guardian","floor":16.0,"turns":10.0},{"damage":17.0,"enemies":"2 Thieves","floor":18.0,"turns":4.0},{"damage":18.0,"enemies":"3 Byrds","floor":20.0,"turns":5.0},{"damage":22.0,"enemies":"Centurion and Healer","floor":21.0,"turns":7.0},{"damage":18.0,"enemies":"3 Cultists","floor":22.0,"turns":4.0},{"damage":10,"enemies":"Cultist and Chosen","floor":24,"turns":7},{"damage":18,"enemies":"Chosen and Byrds","floor":25,"turns":3}],"seed_played":"-3180606973778437336","potions_obtained":[{"floor":1.0,"key":"Poison Potion"},{"floor":4.0,"key":"Swift Potion"},{"floor":6.0,"key":"Ancient Potion"},{"floor":22.0,"key":"EssenceOfSteel"}],"is_trial":false,"path_per_floor":["M","M","$","M","M","E","R","M","T","M","R","E","R","M","R","B",null,"M","$","M","M","M","R","M","M"],"character_chosen":"DEFECT","items_purchased":["Meat on the Bone","Conserve Battery","Ball Lightning","Membership Card"],"campfire_rested":0,"item_purchase_floors":[3,3,3,19],"current_hp_per_floor":[62,60,60,52,52,40,40,40,40,43,43,43,43,43,43,39,65,48,48,42,39,40,40,49,31],"gold":65,"neow_bonus":"TWO_FIFTY_GOLD","is_prod":false,"is_daily":false,"chose_seed":false,"campfire_upgraded":5,"win_rate":0,"timestamp":1548901755,"path_taken":["M","M","$","M","M","E","R","M","T","M","R","E","R","M","R","BOSS","M","$","M","M","?","R","M","M"],"build_version":"2019-01-23","purchased_purges":0,"victory":false,"max_hp_per_floor":[64,64,64,64,64,64,64,64,64,64,64,74,74,74,74,74,74,74,74,74,74,74,74,74,74],"card_choices":[{"not_picked":["Steam","Compile Driver"],"picked":"Cold Snap","floor":1.0},{"not_picked":["Steam","Chill"],"picked":"Streamline","floor":2.0},{"not_picked":["Go for the Eyes","Rainbow"],"picked":"Chill","floor":4.0},{"not_picked":["Coolheaded","Stack"],"picked":"Beam Cell","floor":5.0},{"not_picked":["Static Discharge","Aggregate","Turbo"],"picked":"SKIP","floor":6.0},{"not_picked":["Beam Cell","Ball Lightning"],"picked":"Coolheaded","floor":8.0},{"not_picked":["Blizzard","Rebound","Turbo"],"picked":"SKIP","floor":10.0},{"not_picked":["Go for the Eyes","Hello World","Force Field"],"picked":"SKIP","floor":12.0},{"not_picked":["Steam","Coolheaded"],"picked":"Reboot","floor":14.0},{"not_picked":["All For One","Reboot"],"picked":"Electrodynamics","floor":16.0},{"not_picked":["Hello World+1","Redo","Sweeping Beam"],"picked":"SKIP","floor":18.0},{"not_picked":["Gash","Barrage"],"picked":"Self Repair","floor":20.0},{"not_picked":["Meteor Strike","Stack"],"picked":"Reinforced Body","floor":21.0},{"not_picked":["Steam","Sweeping Beam","Redo+1"],"picked":"SKIP","floor":22.0},{"not_picked":["Amplify","Heatsinks+1","Chill+1"],"picked":"SKIP","floor":24},{"not_picked":["Amplify","Heatsinks+1","Chill+1"],"picked":"SKIP","floor":24}],"player_experience":738469,"relics_obtained":[{"floor":6.0,"key":"Gremlin Horn"},{"floor":9.0,"key":"Nunchaku"},{"floor":12.0,"key":"Pear"}],"event_choices":[],"is_beta":true,"boss_relics":[{"not_picked":["FrozenCore","Ectoplasm"],"picked":"Empty Cage"}],"items_purged_floors":[],"is_endless":false,"potions_floor_spawned":[1,4,6,18,22],"killed_by":"Chosen and Byrds","ascension_level":20}