{"gold_per_floor":[114,39,56,70,84,84,119,119,119,151,151,151,179,195,195,294,294,309,309,309,309,327,327,340,340,340,368,213,213,213,244,244,244],"floor_reached":33,"playtime":1554,"items_purged":["Shame"],"score":467,"play_id":"6509e78c-a1b0-4b2c-80ef-8bc92a0969c6","local_time":"20181026135222","is_ascension_mode":true,"campfire_choices":[{"data":"Bouncing Flask","floor":6.0,"key":"SMITH"},{"data":"Neutralize","floor":8.0,"key":"SMITH"},{"floor":12.0,"key":"REST"},{"data":"Footwork","floor":15,"key":"SMITH"},{"data":"RitualDagger","floor":23,"key":"SMITH"},{"data":"Setup","floor":25,"key":"SMITH"},{"floor":32,"key":"REST"}],"neow_cost":"CURSE","seed_source_timestamp":1360435506516,"circlet_count":0,"master_deck":["Defend_G","Defend_G","Defend_G","Defend_G","Defend_G","Strike_G","Strike_G","Strike_G","Survivor","Neutralize+1","AscendersBane","Bouncing Flask+1","Poisoned Stab","Escape Plan","Backflip","Setup+1","Adrenaline","Footwork+1","Dash","RitualDagger+1","Deflect+1","Well Laid Plans","Envenom","Dagger Spray","Deadly Poison"],"special_seed":0,"relics":["Ring of the Snake","StoneCalendar","Dream Catcher","Bag of Preparation","Matryoshka","Juzu Bracelet","Cursed Key","FaceOfCleric","PreservedInsect","Ninja Scroll","Calipers","Paper Crane"],"potions_floor_usage":[18,24,27,29],"damage_taken":[{"damage":4.0,"enemies":"2 Louse","floor":1.0,"turns":3.0},{"damage":0.0,"enemies":"Cultist","floor":3.0,"turns":4.0},{"damage":10.0,"enemies":"Small Slimes","floor":4.0,"turns":4.0},{"damage":2.0,"enemies":"Looter","floor":5.0,"turns":4.0},{"damage":24.0,"enemies":"3 Sentries","floor":7.0,"turns":7.0},{"damage":15.0,"enemies":"Gremlin Nob","floor":10.0,"turns":3.0},{"damage":12.0,"enemies":"3 Sentries","floor":13.0,"turns":7.0},{"damage":8,"enemies":"Large Slime","floor":14,"turns":5},{"damage":4,"enemies":"Hexaghost","floor":16,"turns":8},{"damage":18,"enemies":"2 Thieves","floor":18,"turns":4},{"damage":8,"enemies":"Spheric Guardian","floor":22,"turns":5},{"damage":10,"enemies":"3 Cultists","floor":24,"turns":7},{"damage":13,"enemies":"Book of Stabbing","floor":27,"turns":5},{"damage":14,"enemies":"Colosseum Slavers","floor":29,"turns":6},{"damage":2,"enemies":"Slavers","floor":31,"turns":6},{"damage":55,"enemies":"Automaton","floor":33,"turns":6}],"seed_played":"6322800595429921184","potions_obtained":[{"floor":5.0,"key":"GhostInAJar"},{"floor":7.0,"key":"Fire Potion"},{"floor":10.0,"key":"PowerPotion"},{"floor":14,"key":"GhostInAJar"},{"floor":16,"key":"Fire Potion"},{"floor":18,"key":"PowerPotion"},{"floor":24,"key":"AttackPotion"}],"is_trial":false,"path_per_floor":["M","$","M","M","M","R","E","R","T","E","?","R","E","M","R","B",null,"M","?","?","?","M","R","M","R","T","E","$","?","?","E","R"],"character_chosen":"THE_SILENT","items_purchased":["GhostInAJar","Well Laid Plans"],"campfire_rested":2,"item_purchase_floors":[2,28],"current_hp_per_floor":[59,59,59,49,47,47,23,23,23,8,8,29,17,9,9,5,54,36,59,53,53,46,46,37,37,37,25,25,12,12,11,33,0],"gold":244,"neow_bonus":"ONE_RARE_RELIC","is_prod":false,"is_daily":false,"chose_seed":false,"campfire_upgraded":5,"win_rate":0,"timestamp":1540533142,"path_taken":["M","$","M","M","M","R","E","R","T","E","?","R","E","M","R","BOSS","M","?","?","?","M","R","M","R","T","E","$","?","?","E","R","BOSS"],"build_version":"2018-10-25v2","purchased_purges":1,"victory":false,"max_hp_per_floor":[70,70,70,70,70,70,70,70,70,70,70,70,70,70,70,70,70,70,70,70,70,71,71,72,72,72,73,73,74,74,75,75,75],"card_choices":[{"not_picked":["Quick Slash","Concentrate"],"picked":"Bouncing Flask","floor":1.0},{"not_picked":["Cloak And Dagger","Prepared"],"picked":"Poisoned Stab","floor":3.0},{"not_picked":["Infinite Blades","Poisoned Stab"],"picked":"Escape Plan","floor":4.0},{"not_picked":["Sucker Punch","Outmaneuver","Flying Knee"],"picked":"SKIP","floor":5.0},{"not_picked":["Infinite Blades","Dagger Throw"],"picked":"Backflip","floor":7.0},{"not_picked":["Backflip","Dagger Throw"],"picked":"Setup","floor":10.0},{"not_picked":["Unload","PiercingWail"],"picked":"Adrenaline","floor":13.0},{"not_picked":["Blade Dance","Endless Agony"],"picked":"Footwork","floor":14},{"not_picked":["Reflex","Poisoned Stab"],"picked":"Dash","floor":18},{"not_picked":["Deflect","Backflip","Tactician"],"picked":"SKIP","floor":22},{"not_picked":["Sucker Punch","Blade Dance"],"picked":"Deflect+1","floor":24},{"not_picked":["Expertise+1","After Image","Acrobatics"],"picked":"SKIP","floor":27},{"not_picked":["Distraction+1","Dodge and Roll"],"picked":"Deadly Poison","floor":31}],"player_experience":457325,"relics_obtained":[{"floor":7.0,"key":"Dream Catcher"},{"floor":9.0,"key":"Bag of Preparation"},{"floor":10.0,"key":"Matryoshka"},{"floor":13.0,"key":"Juzu Bracelet"},{"floor":26,"key":"PreservedInsect"},{"floor":26,"key":"Ninja Scroll"},{"floor":27,"key":"Calipers"},{"floor":31,"key":"Paper Crane"}],"event_choices":[{"cards_removed":["Decay"],"damage_healed":0.0,"max_hp_gain":0.0,"max_hp_loss":0.0,"gold_gain":0.0,"event_name":"Fountain of Cleansing","player_choice":"Removed Curses","floor":11.0,"gold_loss":0.0,"damage_taken":0.0},{"damage_healed":23,"gold_gain":0,"player_choice":"Heal","damage_taken":0,"max_hp_gain":0,"max_hp_loss":0,"event_name":"The Library","floor":19,"gold_loss":0},{"damage_healed":0,"gold_gain":0,"player_choice":"Joined the Cult","damage_taken":6,"max_hp_gain":0,"max_hp_loss":0,"event_name":"Nest","floor":20,"gold_loss":0,"cards_obtained":["RitualDagger"]},{"damage_healed":0,"gold_gain":0,"player_choice":"Trade","damage_taken":0,"relics_obtained":["FaceOfCleric"],"max_hp_gain":0,"max_hp_loss":0,"event_name":"FaceTrader","floor":21,"gold_loss":0},{"damage_healed":0,"gold_gain":0,"player_choice":"Fight","damage_taken":0,"max_hp_gain":0,"max_hp_loss":0,"event_name":"Colosseum","floor":29,"gold_loss":0},{"damage_healed":0,"gold_gain":0,"player_choice":"Fled From Nobs","damage_taken":0,"max_hp_gain":0,"max_hp_loss":0,"event_name":"Colosseum","floor":29,"gold_loss":0},{"damage_healed":0,"gold_gain":0,"cards_transformed":["Strike_G","Strike_G"],"player_choice":"Became Test Subject","damage_taken":0,"max_hp_gain":0,"max_hp_loss":0,"event_name":"Drug Dealer","floor":30,"gold_loss":0,"cards_obtained":["Envenom","Dagger Spray"]}],"is_beta":true,"boss_relics":[{"not_picked":["Runic Dome","Tiny House"],"picked":"Cursed Key"}],"items_purged_floors":[28],"is_endless":false,"potions_floor_spawned":[5,7,10,14,16,18,24],"killed_by":"Automaton","ascension_level":11}