{"gold_per_floor":[118,132,132,147,163,163,163,225,302,302,317,346,210,224,224,328,328,339,349,382,12,30,30,30,30,30,30,30,30,47,47,47,149,149,167,1166,1166,1166,1177,1204,1224,450,473,473,124,137,137,150,150,150],"floor_reached":51,"playtime":2325,"items_purged":[],"score":1119,"play_id":"f50b69d3-1b49-48ff-a537-fe4491615945","local_time":"20180819104637","is_ascension_mode":true,"campfire_choices":[{"data":"Defragment","floor":6,"key":"SMITH"},{"data":"Electrodynamics","floor":10,"key":"SMITH"},{"data":"Hologram","floor":15,"key":"SMITH"},{"data":"Seek","floor":23,"key":"SMITH"},{"data":"White Noise","floor":28,"key":"SMITH"},{"floor":32,"key":"REST"},{"data":"Trip","floor":49,"key":"SMITH"}],"neow_cost":"","seed_source_timestamp":4414867650650,"circlet_count":0,"master_deck":["Zap","Dualcast","AscendersBane","Steam Power","Sweeping Beam+1","Leap","Defragment+1","Auto Shields","Electrodynamics+1","Hologram+1","Glacier","BootSequence","Rebound","Seek+1","Barrage+1","Self Repair","White Noise+1","Doom and Gloom","Thunder Strike","Go for the Eyes+1","Leap+1","Biased Cognition","Streamline","Recycle","Storm","Consume+1","Fusion","Steam","Ball Lightning","Jack Of All Trades","Compile Driver","Redo+1","Hologram+1","Turbo","Meteor Strike+1","Trip+1","Turbo","Master of Strategy","Turbo+1"],"relics":["Cracked Core","Vajra","Pear","Mercury Hourglass","Inserter","Red Mask","Omamori","Singing Bowl","Bag of Marbles","Matryoshka","Pandora\u0027s Box","Girya","Whetstone","Bag of Preparation","Toy Ornithopter","Orichalcum","Strawberry","Pen Nib"],"potions_floor_usage":[12,18,33,33,39,46,50],"damage_taken":[{"damage":0,"enemies":"Small Slimes","floor":1,"turns":3},{"damage":1,"enemies":"Cultist","floor":2,"turns":4},{"damage":4,"enemies":"2 Louse","floor":4,"turns":2},{"damage":6,"enemies":"Large Slime","floor":5,"turns":6},{"damage":26,"enemies":"3 Sentries","floor":8,"turns":7},{"damage":0,"enemies":"2 Fungi Beasts","floor":11,"turns":2},{"damage":15,"enemies":"Gremlin Nob","floor":12,"turns":4},{"damage":0,"enemies":"3 Louse","floor":14,"turns":3},{"damage":9,"enemies":"Slime Boss","floor":16,"turns":8},{"damage":0,"enemies":"Chosen","floor":18,"turns":5},{"damage":12,"enemies":"2 Thieves","floor":19,"turns":3},{"damage":2,"floor":20,"turns":2},{"damage":40,"enemies":"Centurion and Healer","floor":22,"turns":7},{"damage":18,"enemies":"Snake Plant","floor":30,"turns":4},{"damage":33,"enemies":"Collector","floor":33,"turns":9},{"damage":10,"enemies":"3 Shapes","floor":35,"turns":3},{"damage":3,"enemies":"Orb Walker","floor":39,"turns":4},{"damage":41,"enemies":"Nemesis","floor":40,"turns":7},{"damage":6,"enemies":"4 Shapes","floor":41,"turns":2},{"damage":3,"enemies":"Spire Growth","floor":46,"turns":3},{"damage":18,"enemies":"Flame Bruiser 2 Orb","floor":48,"turns":3},{"damage":55,"enemies":"Donu and Deca","floor":50,"turns":6}],"seed_played":"4428370991621787499","potions_obtained":[{"floor":2,"key":"FearPotion"},{"floor":11,"key":"Block Potion"},{"floor":16,"key":"Block Potion"},{"floor":18,"key":"SpeedPotion"},{"floor":33,"key":"Weak Potion"},{"floor":35,"key":"GamblersBrew"},{"floor":41,"key":"FocusPotion"},{"floor":48,"key":"Swift Potion"}],"is_trial":false,"path_per_floor":["M","M","?","M","M","R","?","?","T","R","M","E","$","M","R","B",null,"M","M","?","$","M","R","T","$","T","?","R","?","M","T","R","B",null,"M","?","?","?","M","E","M","$","T","?","$","M","?","M","R","B"],"character_chosen":"DEFECT","items_purchased":["Glacier","BootSequence","Doom and Gloom","Omamori","Thunder Strike","Turbo","Meteor Strike","Whetstone","Bag of Preparation","Trip","Toy Ornithopter","Turbo","Master of Strategy","Pen Nib"],"campfire_rested":1,"item_purchase_floors":[13,13,21,21,21,42,42,42,42,42,42,45,45,45],"current_hp_per_floor":[68,67,67,63,57,57,62,36,46,46,46,31,31,31,31,22,73,73,61,59,59,26,26,26,26,26,26,26,26,15,15,42,9,70,62,62,56,56,60,19,13,13,20,20,20,20,90,81,81,29],"gold":150,"neow_bonus":"","is_prod":false,"is_daily":false,"chose_seed":false,"campfire_upgraded":6,"win_rate":0,"timestamp":1534646797,"path_taken":["M","M","?","?","M","R","?","?","T","R","M","E","?","M","R","BOSS","M","?","?","$","?","R","?","?","T","?","R","?","?","?","R","BOSS","M","?","?","?","?","E","M","$","T","?","$","M","?","M","R","BOSS"],"build_version":"2018-08-16","purchased_purges":0,"victory":true,"max_hp_per_floor":[75,75,75,75,75,75,80,80,90,90,90,90,90,90,90,90,90,90,90,90,90,90,90,90,90,90,90,90,90,90,90,90,90,90,92,92,96,96,96,96,96,96,103,103,103,103,90,92,92,92],"card_choices":[{"not_picked":["Compile Driver","Conserve Battery"],"picked":"Steam Power","floor":1},{"not_picked":["Stack","Recycle"],"picked":"Sweeping Beam","floor":2},{"not_picked":["Hologram","Conserve Battery"],"picked":"Defragment","floor":4},{"not_picked":["Steam","Compile Driver"],"picked":"Auto Shields","floor":5},{"not_picked":["Stack","Sweeping Beam"],"picked":"Electrodynamics","floor":8},{"not_picked":["Loop","Recycle"],"picked":"Hologram","floor":11},{"not_picked":["Barrage","Leap","Scrape"],"picked":"SKIP","floor":12},{"not_picked":["Conserve Battery","Steam"],"picked":"Rebound","floor":14},{"not_picked":["Creative AI","Core Surge"],"picked":"Seek","floor":16},{"not_picked":["Stack","Fusion"],"picked":"Barrage+1","floor":18},{"not_picked":["Conserve Battery","Streamline"],"picked":"Self Repair","floor":19},{"not_picked":["Leap","Stack"],"picked":"White Noise","floor":20},{"not_picked":["Seek","Compile Driver"],"picked":"Go for the Eyes+1","floor":22},{"not_picked":["Sweeping Beam","White Noise"],"picked":"Leap+1","floor":30},{"not_picked":["Amplify","Creative AI"],"picked":"Biased Cognition","floor":33},{"not_picked":["Rip and Tear+1","Streamline+1","Compile Driver"],"picked":"Singing Bowl","floor":35},{"not_picked":["Purity","HandOfGreed"],"picked":"Jack Of All Trades","floor":37},{"not_picked":["Dramatic Entrance","Secret Technique","Thinking Ahead"],"picked":"Singing Bowl","floor":37},{"not_picked":["Forethought","Good Instincts","Secret Weapon"],"picked":"Singing Bowl","floor":37},{"not_picked":["Cold Snap","Scrape+1"],"picked":"Compile Driver","floor":39},{"not_picked":["Compile Driver+1","Self Repair"],"picked":"Redo+1","floor":40},{"not_picked":["Barrage","Melter+1"],"picked":"Hologram+1","floor":41},{"not_picked":["Consume","Steam Power+1"],"picked":"Turbo+1","floor":46},{"not_picked":["Barrage+1","Meteor Strike","Blizzard"],"picked":"Singing Bowl","floor":48}],"player_experience":245018,"relics_obtained":[{"floor":8,"key":"Vajra"},{"floor":9,"key":"Pear"},{"floor":12,"key":"Mercury Hourglass"},{"floor":20,"key":"Red Mask"},{"floor":24,"key":"Singing Bowl"},{"floor":26,"key":"Bag of Marbles"},{"floor":31,"key":"Matryoshka"},{"floor":40,"key":"Girya"},{"floor":43,"key":"Orichalcum"},{"floor":43,"key":"Strawberry"}],"event_choices":[{"event_name":"Living Wall","player_choice":"Change","floor":3,"damage_taken":0},{"event_name":"Big Fish","player_choice":"Donut","floor":7,"damage_taken":0},{"event_name":"Dead Adventurer","player_choice":"Searched \u00273\u0027 times","floor":8,"damage_taken":0},{"event_name":"Masked Bandits","player_choice":"Fought Bandits","floor":20,"damage_taken":0},{"event_name":"Ghosts","player_choice":"Ignored","floor":27,"damage_taken":0},{"event_name":"Addict","player_choice":"Ignored","floor":29,"damage_taken":0},{"event_name":"MindBloom","player_choice":"Gold","floor":36,"damage_taken":0},{"event_name":"SensoryStone","player_choice":"Memory 3","floor":37,"damage_taken":0},{"event_name":"Upgrade Shrine","player_choice":"Upgraded","floor":38,"damage_taken":0},{"event_name":"Mysterious Sphere","player_choice":"Ignore","floor":44,"damage_taken":0},{"event_name":"The Moai Head","player_choice":"Heal","floor":47,"damage_taken":0}],"is_beta":false,"boss_relics":[{"not_picked":["Eternal Feather","Empty Cage"],"picked":"Inserter"},{"not_picked":["Calling Bell","Black Star"],"picked":"Pandora\u0027s Box"}],"items_purged_floors":[],"is_endless":false,"potions_floor_spawned":[2,11,16,18,33,35,41,48],"ascension_level":11}