{"gold_per_floor":[218,29,39,52,7,38,38,69,94,124,143,156,171,235,235,331,331,347,622,193,193,206,206,240,255,338,338,349,176,189,208,208,313,313,330,378,109,109,119,150,161,161,216,216,21,21,21,53,53,53],"floor_reached":51,"playtime":3176,"items_purged":["Strike_G","Regret","Clumsy"],"score":979,"play_id":"0dd7b2c7-9d0a-43e4-a38f-e5511840c8c7","local_time":"20181006231429","is_ascension_mode":true,"campfire_choices":[{"data":"Noxious Fumes","floor":7.0,"key":"SMITH"},{"data":"Neutralize","floor":15.0,"key":"SMITH"},{"floor":23.0,"key":"REST"},{"data":"Malaise","floor":27.0,"key":"SMITH"},{"floor":32.0,"key":"REST"},{"floor":42,"key":"REST"},{"data":"Footwork","floor":44,"key":"SMITH"},{"floor":46,"key":"REST"},{"data":"Malaise","floor":47,"key":"SMITH"},{"data":"Calculated Gamble","floor":49,"key":"SMITH"}],"neow_cost":"NONE","seed_source_timestamp":0,"circlet_count":0,"master_deck":["Defend_G","Defend_G","Defend_G","Defend_G","Defend_G","Strike_G+1","Strike_G+1","Strike_G","Strike_G","Survivor","Neutralize+1","Crippling Poison","Noxious Fumes+1","Calculated Gamble+1","Slice","Bane","Poisoned Stab","Adrenaline","Dodge and Roll","Backstab","Well Laid Plans","Adrenaline","Leg Sweep","Footwork+1","Malaise+1","Deadly Poison","Calculated Gamble+1","Malaise+1","PiercingWail+1","PiercingWail+1","Leg Sweep","Blur+1","Terror+1","Writhe","Distraction+1"],"special_seed":0,"relics":["Ring of the Snake","Vajra","Anchor","Pen Nib","Whetstone","Cursed Key","Paper Crane","WingedGreaves","Tiny Chest","Lizard Tail","Nunchaku","TwistedFunnel","Smiling Mask","Strawberry","Chemical X","Ornamental Fan"],"potions_floor_usage":[36,40,50,50],"damage_taken":[{"damage":0.0,"enemies":"Cultist","floor":1.0,"turns":3.0},{"damage":5.0,"enemies":"Jaw Worm","floor":3.0,"turns":4.0},{"damage":9.0,"enemies":"Small Slimes","floor":4.0,"turns":3.0},{"damage":25.0,"enemies":"3 Sentries","floor":6.0,"turns":6.0},{"damage":12.0,"enemies":"Lagavulin","floor":8.0,"turns":4.0},{"damage":2.0,"enemies":"3 Sentries","floor":10.0,"turns":6.0},{"damage":0.0,"enemies":"Exordium Thugs","floor":11.0,"turns":4.0},{"damage":0.0,"enemies":"3 Louse","floor":12.0,"turns":3.0},{"damage":0.0,"enemies":"Looter","floor":13.0,"turns":2.0},{"damage":7.0,"enemies":"Hexaghost","floor":16.0,"turns":9.0},{"damage":8.0,"enemies":"2 Thieves","floor":18.0,"turns":3.0},{"damage":0.0,"enemies":"3 Byrds","floor":22.0,"turns":4.0},{"damage":12.0,"enemies":"Gremlin Leader","floor":24.0,"turns":5.0},{"damage":2.0,"enemies":"Snecko","floor":25.0,"turns":5.0},{"damage":2.0,"enemies":"Snake Plant","floor":28.0,"turns":4.0},{"damage":0.0,"enemies":"Chosen and Byrds","floor":30.0,"turns":6.0},{"damage":24.0,"enemies":"Snecko","floor":31.0,"turns":6.0},{"damage":33,"enemies":"Automaton","floor":33,"turns":11},{"damage":9,"enemies":"Orb Walker","floor":35,"turns":5},{"damage":15,"enemies":"Mysterious Sphere","floor":36,"turns":6},{"damage":0,"enemies":"3 Darklings","floor":39,"turns":5},{"damage":43,"enemies":"Giant Head","floor":40,"turns":12},{"damage":8,"enemies":"Transient","floor":41,"turns":5},{"damage":10,"enemies":"2 Orb Walkers","floor":48,"turns":6},{"damage":38,"enemies":"Awakened One","floor":50,"turns":23}],"seed_played":"-3383127096192123391","potions_obtained":[{"floor":1.0,"key":"Explosive Potion"},{"floor":6.0,"key":"Poison Potion"},{"floor":16.0,"key":"SteroidPotion"},{"floor":22.0,"key":"EssenceOfSteel"},{"floor":30.0,"key":"Fire Potion"},{"floor":31.0,"key":"EssenceOfSteel"},{"floor":40,"key":"SpeedPotion"},{"floor":41,"key":"Swift Potion"},{"floor":48,"key":"Energy Potion"}],"is_trial":false,"path_per_floor":["M","$","M","M","?","E","R","E","T","E","M","M","M","?","R","B",null,"M","?","$","?","M","R","E","M","T","R","M","$","M","M","R","B",null,"M","?","$","?","M","E","M","R","T","R","$","R","R","E","R","B"],"character_chosen":"THE_SILENT","items_purchased":["Noxious Fumes","Calculated Gamble","Footwork","Paper Crane","Deadly Poison","Leg Sweep","TwistedFunnel","Chemical X"],"campfire_rested":4,"item_purchase_floors":[2,2,20,20,29,37,37,45],"current_hp_per_floor":[63,63,58,49,49,24,24,12,12,10,10,10,10,10,10,3,53,45,45,45,32,32,54,42,40,40,40,38,38,38,14,36,3,57,48,33,33,66,66,23,15,34,41,41,41,62,62,52,52,14],"gold":53,"neow_bonus":"HUNDRED_GOLD","is_prod":false,"is_daily":false,"chose_seed":false,"campfire_upgraded":6,"win_rate":0,"timestamp":1538838869,"path_taken":["M","$","?","M","?","E","R","E","T","E","?","M","M","?","R","BOSS","M","?","$","?","?","R","E","M","T","R","M","$","?","M","R","BOSS","M","?","$","?","M","E","?","R","T","R","?","R","R","E","R","BOSS"],"build_version":"2018-10-04","purchased_purges":3,"victory":true,"max_hp_per_floor":[70,70,70,70,70,70,70,70,70,70,70,70,70,70,70,70,70,70,70,70,75,75,75,75,75,75,75,75,75,75,75,75,75,75,75,75,75,66,66,66,66,66,73,73,73,73,73,73,73,73],"card_choices":[{"not_picked":["Accuracy","Escape Plan"],"picked":"Crippling Poison","floor":1.0},{"not_picked":["Sucker Punch","Dagger Throw"],"picked":"Slice","floor":3.0},{"not_picked":["Dagger Spray","Underhanded Strike"],"picked":"Bane","floor":4.0},{"not_picked":["Tactician","Endless Agony"],"picked":"Poisoned Stab","floor":6.0},{"not_picked":["Heel Hook","Skewer"],"picked":"Adrenaline","floor":8.0},{"not_picked":["Flying Knee","Heel Hook"],"picked":"Dodge and Roll","floor":10.0},{"not_picked":["All Out Attack","Dodge and Roll"],"picked":"Backstab","floor":11.0},{"not_picked":["Slice","Tactician","Crippling Poison"],"picked":"SKIP","floor":12.0},{"not_picked":["Acrobatics","Caltrops"],"picked":"Well Laid Plans","floor":13.0},{"not_picked":["Storm of Steel","Unload"],"picked":"Adrenaline","floor":16.0},{"not_picked":["Poisoned Stab","Dodge and Roll"],"picked":"Leg Sweep","floor":18.0},{"not_picked":["Blade Dance","Poisoned Stab","Dodge and Roll"],"picked":"SKIP","floor":22.0},{"not_picked":["Eviscerate","Quick Slash","Poisoned Stab"],"picked":"SKIP","floor":24.0},{"not_picked":["Outmaneuver+1","Deflect"],"picked":"Malaise","floor":25.0},{"not_picked":["Distraction","Dodge and Roll","Dagger Spray"],"picked":"SKIP","floor":28.0},{"not_picked":["Endless Agony","Expertise"],"picked":"Calculated Gamble+1","floor":30.0},{"not_picked":["Sucker Punch","Finisher","Choke"],"picked":"SKIP","floor":31.0},{"not_picked":["Doppelganger","A Thousand Cuts"],"picked":"Malaise","floor":33},{"not_picked":["Outmaneuver+1","Choke+1"],"picked":"PiercingWail+1","floor":35},{"not_picked":["Flying Knee+1","Well Laid Plans"],"picked":"PiercingWail+1","floor":36},{"not_picked":["Dagger Throw+1","Dodge and Roll"],"picked":"Blur+1","floor":39},{"not_picked":["Finisher+1","PiercingWail"],"picked":"Terror+1","floor":40},{"not_picked":["Cloak And Dagger","All Out Attack","Dagger Spray+1"],"picked":"SKIP","floor":41},{"not_picked":["All Out Attack+1","Heel Hook"],"picked":"Distraction+1","floor":48}],"player_experience":416622,"relics_obtained":[{"floor":6.0,"key":"Vajra"},{"floor":8.0,"key":"Anchor"},{"floor":9.0,"key":"Pen Nib"},{"floor":10.0,"key":"Whetstone"},{"floor":24.0,"key":"WingedGreaves"},{"floor":26.0,"key":"Tiny Chest"},{"floor":36,"key":"Nunchaku"},{"floor":40,"key":"Smiling Mask"},{"floor":43,"key":"Strawberry"},{"floor":48,"key":"Ornamental Fan"}],"event_choices":[{"event_name":"World of Goop","player_choice":"Left","floor":5.0,"damage_taken":0.0},{"event_name":"Golden Wing","player_choice":"Gained Gold","floor":14.0,"damage_taken":0.0},{"event_name":"Golden Shrine","player_choice":"Desecrate","floor":19.0,"damage_taken":0.0},{"event_name":"Forgotten Altar","player_choice":"Shed Blood","floor":21.0,"damage_taken":0.0},{"event_name":"Mysterious Sphere","player_choice":"Fight","floor":36,"damage_taken":0},{"event_name":"The Moai Head","player_choice":"Heal","floor":38,"damage_taken":0}],"is_beta":true,"boss_relics":[{"not_picked":["Sozu","Ectoplasm"],"picked":"Cursed Key"},{"not_picked":["Philosopher\u0027s Stone","HoveringKite"],"picked":"Lizard Tail"}],"items_purged_floors":[2,20,29],"is_endless":false,"potions_floor_spawned":[1,6,16,22,30,31,40,41,48],"ascension_level":6}