{"gold_per_floor":[112,30,50,67,67,67,67,81,105,165,183,194,164,175,175,274,274,292,308,113,113,131,131,157,157],"floor_reached":25,"playtime":922,"items_purged":[],"score":330,"play_id":"24a18d45-8805-4a6b-ae2a-af2467f6b914","local_time":"20180720113247","is_ascension_mode":true,"campfire_choices":[{"data":"Darkness","floor":6.0,"key":"SMITH"},{"floor":15.0,"key":"REST"},{"floor":23.0,"key":"REST"}],"neow_cost":"","seed_source_timestamp":7743458807238,"circlet_count":0,"master_deck":["Strike_B","Strike_B","Defend_B","Defend_B","Defend_B","Zap","Dualcast","Darkness+1","Electrodynamics+1","Turbo","Compile Driver","Steam","Reboot","Capacitor","White Noise","Sunder","Core Surge","Loop+1","Undo+1","Rebound+1","Cold Snap","Defragment","Streamline","Coolheaded","Stack","Go for the Eyes","Machine Learning"],"special_seed":0,"relics":["Cracked Core","FaceOfCleric","Orichalcum","Tiny Chest","Astrolabe","Potion Belt","Lantern"],"potions_floor_usage":[],"damage_taken":[{"damage":1.0,"enemies":"Cultist","floor":1.0,"turns":3.0},{"damage":5.0,"enemies":"Small Slimes","floor":3.0,"turns":3.0},{"damage":7.0,"enemies":"Jaw Worm","floor":4.0,"turns":3.0},{"damage":0.0,"enemies":"2 Fungi Beasts","floor":8.0,"turns":2.0},{"damage":4.0,"enemies":"3 Sentries","floor":10.0,"turns":5.0},{"damage":0.0,"enemies":"Gremlin Gang","floor":11.0,"turns":1.0},{"damage":28.0,"enemies":"Exordium Wildlife","floor":12.0,"turns":4.0},{"damage":16.0,"enemies":"Lots of Slimes","floor":14.0,"turns":5.0},{"damage":0.0,"enemies":"Slime Boss","floor":16.0,"turns":6.0},{"damage":13.0,"enemies":"Shell Parasite","floor":18.0,"turns":3.0},{"damage":24.0,"enemies":"2 Thieves","floor":19.0,"turns":3.0},{"damage":13.0,"enemies":"Snecko","floor":22.0,"turns":4.0},{"damage":50.0,"enemies":"Book of Stabbing","floor":24.0,"turns":5.0},{"damage":16,"enemies":"3 Cultists","floor":25,"turns":3}],"seed_played":"8784318763644687688","potions_obtained":[{"floor":1.0,"key":"Dexterity Potion"},{"floor":3.0,"key":"AttackPotion"},{"floor":4.0,"key":"Dexterity Potion"},{"floor":8.0,"key":"Strength Potion"},{"floor":13.0,"key":"FocusPotion"},{"floor":13.0,"key":"Dexterity Potion"},{"floor":16.0,"key":"PowerPotion"},{"floor":24.0,"key":"PowerPotion"}],"is_trial":false,"path_per_floor":["M","$","M","M","?","R","?","M","T","E","M","M","?","M","R","B",null,"M","M","$","T","M","R","E"],"character_chosen":"DEFECT","items_purchased":["Electrodynamics","Defragment","Streamline","Coolheaded","Stack"],"campfire_rested":2,"item_purchase_floors":[2,20,20,20,20],"current_hp_per_floor":[74,74,69,62,62,62,62,63,63,60,61,34,34,19,43,44,81,69,46,46,46,34,59,10,0],"gold":157,"neow_bonus":"","is_prod":false,"is_daily":false,"chose_seed":false,"campfire_upgraded":1,"win_rate":0,"timestamp":1532057567,"path_taken":["M","$","?","M","?","R","?","?","T","E","?","M","?","M","R","BOSS","M","M","$","?","M","R","E","M"],"build_version":"2018-07-19","purchased_purges":0,"victory":false,"max_hp_per_floor":[75,75,75,75,75,75,75,76,76,77,78,79,79,80,80,81,81,82,83,83,83,84,84,85,85],"card_choices":[{"not_picked":["Compile Driver","Coolheaded"],"picked":"Darkness","floor":1.0},{"not_picked":["White Noise","Conserve Battery"],"picked":"Turbo","floor":3.0},{"not_picked":["Heatsinks","Recycle"],"picked":"Compile Driver","floor":4.0},{"not_picked":["Hyperbeam","Undo"],"picked":"Steam","floor":8.0},{"not_picked":["Hologram","Ball Lightning"],"picked":"Reboot","floor":10.0},{"not_picked":["Darkness","Hello World"],"picked":"Capacitor","floor":11.0},{"not_picked":["Redo","Steam Power"],"picked":"White Noise","floor":12.0},{"not_picked":["Aggregate","Redo"],"picked":"Sunder","floor":14.0},{"not_picked":["Meteor Strike","Thunder Strike"],"picked":"Core Surge","floor":16.0},{"not_picked":["Compile Driver","Static Discharge"],"picked":"Cold Snap","floor":18.0},{"not_picked":["Compile Driver","Melter","Loop"],"picked":"SKIP","floor":19.0},{"not_picked":["Compile Driver","Melter","Loop"],"picked":"SKIP","floor":19.0},{"not_picked":["Sweeping Beam+1","Rebound"],"picked":"Go for the Eyes","floor":22.0},{"not_picked":["Beam Cell","Compile Driver"],"picked":"Machine Learning","floor":24.0}],"player_experience":120368,"relics_obtained":[{"floor":9.0,"key":"Orichalcum"},{"floor":10.0,"key":"Tiny Chest"},{"floor":21.0,"key":"Potion Belt"},{"floor":24.0,"key":"Lantern"}],"event_choices":[{"event_name":"Upgrade Shrine","player_choice":"Upgraded","floor":5.0,"damage_taken":0.0},{"event_name":"FaceTrader","player_choice":"Trade","floor":7.0,"damage_taken":0.0},{"event_name":"The Woman in Blue","player_choice":"Bought 2 Potions","floor":13.0,"damage_taken":0.0}],"is_beta":false,"boss_relics":[{"not_picked":["Fusion Hammer","Eternal Feather"],"picked":"Astrolabe"}],"items_purged_floors":[],"is_endless":false,"potions_floor_spawned":[1,3,4,8,16,18,19,24],"killed_by":"3 Cultists","ascension_level":4}