{"gold_per_floor":[116,66,32,32,49,82,82,96,96,113,141,141,167,196,208,322,334,361,373,345,369,129,163,163,191,191,207,237,237,264,264,264,264],"floor_reached":33,"playtime":1790,"items_purged":[],"score":337,"play_id":"a971dde5-4cba-4b51-b29d-8b605549004f","local_time":"20190807042312","is_ascension_mode":true,"campfire_choices":[{"data":"The Bomb","floor":7,"key":"SMITH"},{"floor":12,"key":"REST"},{"floor":15,"key":"REST"},{"floor":24,"key":"REST"},{"floor":29,"key":"REST"},{"floor":32,"key":"REST"}],"neow_cost":"CURSE","seed_source_timestamp":1279039250017607,"circlet_count":0,"master_deck":["Strike_R","Strike_R","Strike_R","Strike_R","Strike_R","Defend_R","Defend_R","Defend_R","Defend_R","Bash","Deep Breath","The Bomb+1","Spot Weakness","Infernal Blade+1","Perfected Strike","Searing Blow","Carnage","Flex","Fiend Fire+1","Flex+1","Necronomicurse","Shrug It Off+1","Impervious","Perfected Strike+1","Clash","Infernal Blade+1"],"relics":["Burning Blood","Peace Pipe","Torii","Pear","MawBank","Eternal Feather","Necronomicon","Bottled Flame","Question Card","Regal Pillow","Matryoshka","Champion Belt","Red Mask"],"potions_floor_usage":[10,16,18,23,25,27,27,27,33],"damage_taken":[{"damage":3,"enemies":"Jaw Worm","floor":1,"turns":4},{"damage":0,"enemies":"Small Slimes","floor":5,"turns":3},{"damage":7,"enemies":"3 Sentries","floor":6,"turns":3},{"damage":0,"enemies":"Cultist","floor":8,"turns":3},{"damage":16,"enemies":"Large Slime","floor":10,"turns":3},{"damage":30,"enemies":"Lagavulin","floor":11,"turns":6},{"damage":32,"enemies":"Gremlin Nob","floor":13,"turns":4},{"damage":8,"enemies":"2 Fungi Beasts","floor":14,"turns":4},{"damage":59,"enemies":"Hexaghost","floor":16,"turns":11},{"damage":27,"enemies":"2 Thieves","floor":18,"turns":5},{"damage":2,"enemies":"Chosen","floor":21,"turns":3},{"damage":45,"enemies":"Gremlin Leader","floor":23,"turns":8},{"damage":18,"enemies":"Book of Stabbing","floor":25,"turns":4},{"damage":1,"enemies":"3 Cultists","floor":27,"turns":4},{"damage":46,"enemies":"Gremlin Leader","floor":28,"turns":5},{"damage":36,"enemies":"Masked Bandits","floor":30,"turns":5},{"damage":90,"enemies":"Automaton","floor":33,"turns":8}],"seed_played":"-2601668887949942521","potions_obtained":[{"floor":6,"key":"Explosive Potion"},{"floor":11,"key":"Swift Potion"},{"floor":13,"key":"SmokeBomb"},{"floor":16,"key":"SneckoOil"},{"floor":18,"key":"Swift Potion"},{"floor":23,"key":"SkillPotion"},{"floor":25,"key":"EntropicBrew"}],"is_trial":false,"path_per_floor":["M","?","$","?","M","E","R","M","T","M","E","R","E","M","R","B",null,"M","?","?","M","$","E","R","E","T","M","E","R","?","?","R","B"],"character_chosen":"IRONCLAD","items_purchased":["Infernal Blade","Bottled Flame"],"campfire_rested":5,"item_purchase_floors":[3,22],"current_hp_per_floor":[80,80,80,80,80,79,79,80,80,70,56,83,57,55,82,29,90,69,53,53,57,57,18,57,45,45,50,10,64,34,34,90,0],"gold":264,"neow_bonus":"RANDOM_COLORLESS_2","is_prod":false,"is_daily":false,"chose_seed":false,"campfire_upgraded":1,"win_rate":0,"timestamp":1565166192,"path_taken":["M","?","$","?","M","E","R","?","T","M","E","R","E","M","R","BOSS","M","?","?","M","$","E","R","E","T","?","E","R","?","?","R","BOSS"],"build_version":"2019-06-28","purchased_purges":0,"victory":false,"max_hp_per_floor":[80,80,80,80,80,80,80,80,80,80,90,90,90,90,90,90,90,90,90,90,90,90,90,90,90,90,90,90,90,90,90,90,90],"card_choices":[{"not_picked":["Thunderclap","Dropkick"],"picked":"Spot Weakness","floor":1},{"not_picked":["Shockwave","Disarm"],"picked":"Perfected Strike","floor":5},{"not_picked":["Warcry","Sword Boomerang","Body Slam"],"picked":"SKIP","floor":6},{"not_picked":["Combust","Entrench"],"picked":"Searing Blow","floor":8},{"not_picked":["Sword Boomerang","Shrug It Off"],"picked":"Carnage","floor":10},{"not_picked":["Dark Embrace","Headbutt","Warcry"],"picked":"SKIP","floor":11},{"not_picked":["Power Through","Pommel Strike"],"picked":"Flex","floor":13},{"not_picked":["Headbutt","Heavy Blade","Thunderclap"],"picked":"SKIP","floor":14},{"not_picked":["Brutality","Dark Embrace"],"picked":"Fiend Fire","floor":16},{"not_picked":["Headbutt","Wild Strike"],"picked":"Flex+1","floor":18},{"not_picked":["Entrench+1","Carnage"],"picked":"Shrug It Off+1","floor":21},{"not_picked":["Armaments","Headbutt"],"picked":"Impervious","floor":23},{"not_picked":["Sword Boomerang+1","Armaments","Anger"],"picked":"Perfected Strike+1","floor":25},{"not_picked":["Barricade","Body Slam","Entrench","Clash"],"picked":"SKIP","floor":27},{"not_picked":["Pommel Strike","Hemokinesis","Rage","Sentinel"],"picked":"SKIP","floor":28},{"not_picked":["Thunderclap","Dark Embrace","Clothesline"],"picked":"Clash","floor":30}],"player_experience":36005,"relics_obtained":[{"floor":6,"key":"Peace Pipe"},{"floor":9,"key":"Torii"},{"floor":11,"key":"Pear"},{"floor":13,"key":"MawBank"},{"floor":19,"key":"Necronomicon"},{"floor":23,"key":"Question Card"},{"floor":25,"key":"Regal Pillow"},{"floor":26,"key":"Matryoshka"},{"floor":28,"key":"Champion Belt"},{"floor":30,"key":"Red Mask"}],"event_choices":[{"cards_removed":["Clumsy"],"damage_healed":0,"gold_gain":0,"player_choice":"Card Removal","damage_taken":0,"max_hp_gain":0,"max_hp_loss":0,"event_name":"The Cleric","floor":2,"gold_loss":50},{"damage_healed":0,"gold_gain":0,"player_choice":"Upgraded","damage_taken":0,"max_hp_gain":0,"max_hp_loss":0,"event_name":"Upgrade Shrine","floor":4,"gold_loss":0,"cards_upgraded":["Infernal Blade"]},{"damage_healed":0,"gold_gain":0,"player_choice":"Obtained Book","damage_taken":16,"max_hp_gain":0,"max_hp_loss":0,"event_name":"Cursed Tome","floor":19,"gold_loss":0},{"damage_healed":0,"gold_gain":0,"player_choice":"Upgrade","damage_taken":0,"max_hp_gain":0,"max_hp_loss":0,"event_name":"Designer","floor":20,"gold_loss":40,"cards_upgraded":["Fiend Fire"]},{"damage_healed":0,"gold_gain":0,"player_choice":"Fought Bandits","damage_taken":0,"max_hp_gain":0,"max_hp_loss":0,"event_name":"Masked Bandits","floor":30,"gold_loss":0},{"damage_healed":0,"gold_gain":0,"player_choice":"Copied","damage_taken":0,"max_hp_gain":0,"max_hp_loss":0,"event_name":"Duplicator","floor":31,"gold_loss":0,"cards_obtained":["Infernal Blade"]}],"is_beta":true,"boss_relics":[{"not_picked":["Lizard Tail","Astrolabe"],"picked":"Eternal Feather"}],"items_purged_floors":[],"is_endless":false,"potions_floor_spawned":[6,11,13,16,18,23,25],"killed_by":"Automaton","ascension_level":1}