{"gold_per_floor":[367,367,18,34,54,83,83,115,115,125,125,189,189,206,206,308,308,319,353,363,382,397,397,431,446,527,556,556,556,570,605,617,731,743,773,797,826,887,58,58,388,388,436,436,200,233,233,266,266,266],"floor_reached":51,"playtime":1760,"items_purged":[],"score":1331,"play_id":"6c561c82-9805-4fd2-990e-20c14bad15ec","local_time":"20181013125738","is_ascension_mode":true,"campfire_choices":[{"data":"Bash","floor":7.0,"key":"SMITH"},{"data":"Corruption","floor":11.0,"key":"SMITH"},{"data":"Carnage","floor":13.0,"key":"SMITH"},{"data":"Battle Trance","floor":15.0,"key":"SMITH"},{"data":"Armaments","floor":23.0,"key":"SMITH"},{"data":"Double Tap","floor":28.0,"key":"SMITH"},{"data":"Shockwave","floor":32.0,"key":"SMITH"},{"data":"Whirlwind","floor":40.0,"key":"SMITH"},{"data":"Flex","floor":42.0,"key":"SMITH"},{"data":"Offering","floor":44.0,"key":"SMITH"},{"data":"Metamorphosis","floor":49,"key":"SMITH"}],"neow_cost":"PERCENT_DAMAGE","seed_source_timestamp":0,"circlet_count":0,"master_deck":["Strike_R","Strike_R","Strike_R","Strike_R","Strike_R","Defend_R","Defend_R","Defend_R","Defend_R","Bash+1","Iron Wave","Corruption+1","Flex+1","Armaments+1","Carnage+1","Battle Trance+1","Shockwave+1","Reaper","Pommel Strike+1","Flex+1","Double Tap+1","Shrug It Off+1","Offering+1","Shrug It Off+1","Burning Pact+1","Whirlwind+1","Thunderclap+1","Master of Strategy","Metamorphosis+1"],"special_seed":0,"relics":["Burning Blood","The Courier","Bag of Marbles","Brimstone","Bottled Tornado","Anchor","Mercury Hourglass","Philosopher\u0027s Stone","Red Mask","Paper Frog","Mummified Hand","Strawberry","MawBank","Black Star","WingedGreaves","ClockworkSouvenir","Lantern","Shuriken","Omamori","Pantograph","Gambling Chip","Old Coin","Red Skull","Dead Branch","Boot","PreservedInsect","Du-Vu Doll","FossilizedHelix"],"potions_floor_usage":[],"damage_taken":[{"damage":4.0,"enemies":"Jaw Worm","floor":1.0,"turns":4.0},{"damage":0.0,"enemies":"2 Louse","floor":4.0,"turns":1.0},{"damage":0.0,"enemies":"Small Slimes","floor":5.0,"turns":2.0},{"damage":27.0,"enemies":"Lagavulin","floor":6.0,"turns":6.0},{"damage":10.0,"enemies":"Gremlin Nob","floor":8.0,"turns":3.0},{"damage":0.0,"enemies":"Red Slaver","floor":10.0,"turns":2.0},{"damage":0.0,"enemies":"2 Fungi Beasts","floor":14.0,"turns":2.0},{"damage":38.0,"enemies":"Hexaghost","floor":16.0,"turns":6.0},{"damage":3.0,"enemies":"Chosen","floor":18.0,"turns":3.0},{"damage":35.0,"enemies":"Masked Bandits","floor":19.0,"turns":4.0},{"damage":0.0,"enemies":"Shell Parasite","floor":20.0,"turns":2.0},{"damage":10.0,"enemies":"3 Cultists","floor":21.0,"turns":3.0},{"damage":18.0,"enemies":"Centurion and Healer","floor":22.0,"turns":5.0},{"damage":62.0,"enemies":"Book of Stabbing","floor":24.0,"turns":5.0},{"damage":9.0,"enemies":"Snecko","floor":25.0,"turns":3.0},{"damage":21.0,"enemies":"Gremlin Leader","floor":27.0,"turns":4.0},{"damage":4.0,"enemies":"Snake Plant","floor":30.0,"turns":2.0},{"damage":0.0,"enemies":"Book of Stabbing","floor":31.0,"turns":2.0},{"damage":2.0,"enemies":"Collector","floor":33.0,"turns":5.0},{"damage":4.0,"enemies":"Orb Walker","floor":35.0,"turns":2.0},{"damage":11.0,"enemies":"3 Shapes","floor":36.0,"turns":3.0},{"damage":27.0,"enemies":"3 Darklings","floor":37.0,"turns":3.0},{"damage":3.0,"enemies":"Mysterious Sphere","floor":38.0,"turns":3.0},{"damage":6.0,"enemies":"Giant Head","floor":41.0,"turns":3.0},{"damage":0.0,"enemies":"2 Orb Walkers","floor":46.0,"turns":1.0},{"damage":6,"enemies":"Giant Head","floor":48,"turns":1},{"damage":0,"enemies":"Donu and Deca","floor":50,"turns":3}],"seed_played":"7167718325341929198","potions_obtained":[{"floor":1.0,"key":"BloodPotion"},{"floor":10.0,"key":"FearPotion"},{"floor":16.0,"key":"Poison Potion"},{"floor":18.0,"key":"SteroidPotion"},{"floor":21.0,"key":"FearPotion"},{"floor":25.0,"key":"PowerPotion"},{"floor":31.0,"key":"SteroidPotion"},{"floor":36.0,"key":"FearPotion"},{"floor":38.0,"key":"Strength Potion"}],"is_trial":false,"path_per_floor":["M","?","$","M","M","E","R","E","T","M","R","?","R","M","R","B",null,"M","?","M","M","M","R","E","M","T","E","R","?","M","E","R","B",null,"M","M","M","?","$","R","E","R","T","R","$","E","?","E","R","B"],"character_chosen":"IRONCLAD","items_purchased":["Corruption","Bag of Marbles","Brimstone","ClockworkSouvenir","Lantern","Shuriken","Omamori","Pantograph","Whirlwind","Dead Branch"],"campfire_rested":0,"item_purchase_floors":[3,3,3,39,39,39,39,39,39,45],"current_hp_per_floor":[53,46,46,52,58,45,45,41,41,47,47,47,47,53,53,21,65,80,63,69,76,80,80,39,36,36,44,44,73,75,81,81,87,87,87,87,66,87,87,87,87,87,87,87,87,87,77,87,87,87],"gold":266,"neow_bonus":"TWO_FIFTY_GOLD","is_prod":false,"is_daily":false,"chose_seed":false,"campfire_upgraded":11,"win_rate":0,"timestamp":1539406658,"path_taken":["M","?","$","M","M","E","R","E","T","?","R","?","R","M","R","BOSS","M","?","M","M","M","R","E","M","T","E","R","?","M","E","R","BOSS","M","M","M","?","$","R","E","R","T","R","$","E","?","E","R","BOSS"],"build_version":"2018-10-11","purchased_purges":0,"victory":true,"max_hp_per_floor":[80,80,80,80,80,80,80,80,80,80,80,80,80,80,80,80,80,80,80,80,80,80,80,80,80,80,87,87,87,87,87,87,87,87,87,87,87,87,87,87,87,87,87,87,87,87,87,87,87,87],"card_choices":[{"not_picked":["Spot Weakness","Flame Barrier"],"picked":"Iron Wave","floor":1.0},{"not_picked":["Anger","Evolve"],"picked":"Flex","floor":4.0},{"not_picked":["Blood for Blood","Cleave"],"picked":"Armaments","floor":5.0},{"not_picked":["Sword Boomerang","Perfected Strike"],"picked":"Carnage","floor":6.0},{"not_picked":["Iron Wave","Headbutt"],"picked":"Battle Trance","floor":8.0},{"not_picked":["Body Slam","Warcry","Rupture"],"picked":"SKIP","floor":10.0},{"not_picked":["Armaments","Shockwave","Clash"],"picked":"SKIP","floor":14.0},{"not_picked":["Armaments","Clash"],"picked":"Shockwave","floor":14.0},{"not_picked":["Offering","Impervious"],"picked":"Reaper","floor":16.0},{"not_picked":["Armaments+1","Anger","Second Wind"],"picked":"SKIP","floor":18.0},{"not_picked":["Sever Soul","Anger"],"picked":"Pommel Strike+1","floor":19.0},{"not_picked":["True Grit","Perfected Strike","Havoc"],"picked":"SKIP","floor":20.0},{"not_picked":["Armaments","Anger","Flex"],"picked":"SKIP","floor":21.0},{"not_picked":["Anger+1","Entrench"],"picked":"Flex+1","floor":22.0},{"not_picked":["Body Slam+1","Flex"],"picked":"Double Tap","floor":24.0},{"not_picked":["Shrug It Off","Sever Soul","Shockwave"],"picked":"SKIP","floor":25.0},{"not_picked":["Juggernaut","Combust+1","Fire Breathing+1"],"picked":"SKIP","floor":27.0},{"not_picked":["Rage+1","Sword Boomerang+1"],"picked":"Shrug It Off+1","floor":30.0},{"not_picked":["Flex","Iron Wave","Cleave"],"picked":"SKIP","floor":31.0},{"not_picked":["Reaper","Berserk"],"picked":"Offering","floor":33.0},{"not_picked":["Armaments+1","Iron Wave+1"],"picked":"Shrug It Off+1","floor":35.0},{"not_picked":["Armaments","Intimidate"],"picked":"Burning Pact+1","floor":36.0},{"not_picked":["Flex+1","Perfected Strike","Clothesline"],"picked":"SKIP","floor":37.0},{"not_picked":["Clothesline+1","Inflame","Disarm"],"picked":"SKIP","floor":41.0},{"not_picked":["Perfected Strike","Berserk"],"picked":"Thunderclap+1","floor":46.0},{"not_picked":["Dramatic Entrance","PanicButton"],"picked":"Master of Strategy","floor":47.0},{"not_picked":["Purity","Forethought"],"picked":"Metamorphosis","floor":47.0},{"not_picked":["Searing Blow+1","Shockwave","Armaments+1"],"picked":"SKIP","floor":48}],"player_experience":435900,"relics_obtained":[{"floor":6.0,"key":"Bottled Tornado"},{"floor":8.0,"key":"Anchor"},{"floor":9.0,"key":"Mercury Hourglass"},{"floor":19.0,"key":"Red Mask"},{"floor":24.0,"key":"Paper Frog"},{"floor":26.0,"key":"Mummified Hand"},{"floor":27.0,"key":"Strawberry"},{"floor":31.0,"key":"MawBank"},{"floor":38.0,"key":"WingedGreaves"},{"floor":41.0,"key":"Gambling Chip"},{"floor":41.0,"key":"Old Coin"},{"floor":43.0,"key":"Red Skull"},{"floor":46.0,"key":"Boot"},{"floor":46.0,"key":"PreservedInsect"},{"floor":48,"key":"Du-Vu Doll"},{"floor":48,"key":"FossilizedHelix"}],"event_choices":[{"event_name":"Scrap Ooze","player_choice":"success","floor":2.0,"damage_taken":7.0},{"event_name":"Golden Wing","player_choice":"Gained Gold","floor":12.0,"damage_taken":0.0},{"event_name":"Masked Bandits","player_choice":"Fought Bandits","floor":19.0,"damage_taken":0.0},{"event_name":"The Library","player_choice":"Heal","floor":29.0,"damage_taken":0.0},{"event_name":"Mysterious Sphere","player_choice":"Fight","floor":38.0,"damage_taken":0.0},{"event_name":"SensoryStone","player_choice":"Memory 3","floor":47.0,"damage_taken":0.0}],"is_beta":true,"boss_relics":[{"not_picked":["Mark of Pain","Velvet Choker"],"picked":"Philosopher\u0027s Stone"},{"not_picked":["Sozu","Astrolabe"],"picked":"Black Star"}],"items_purged_floors":[],"is_endless":false,"potions_floor_spawned":[1,10,16,18,21,25,31,36,38],"ascension_level":6}