{"gold_per_floor":[117,117,22,32,50,50,65,240,240,19,45,61,76,88,88,88],"floor_reached":16,"playtime":676,"items_purged":["Doubt"],"score":130,"play_id":"522c03ef-4f67-4822-84cd-2c50a1429aef","local_time":"20180722155630","is_ascension_mode":true,"campfire_choices":[{"data":"Creative AI","floor":6,"key":"SMITH"},{"floor":15,"key":"REST"}],"neow_cost":"NONE","seed_source_timestamp":27626011737050,"circlet_count":0,"master_deck":["Strike_B","Strike_B","Strike_B","Strike_B","Defend_B","Defend_B","Defend_B","Defend_B","Zap","Dualcast","Creative AI+1","Go for the Eyes","Turbo","Loop","Cold Snap","Hologram","Conserve Battery","Glacier","Storm","Capacitor","Rebound","Skim","Conserve Battery"],"relics":["Cracked Core","CultistMask","Calipers","Gambling Chip"],"potions_floor_usage":[],"damage_taken":[{"damage":3,"enemies":"2 Louse","floor":1,"turns":3},{"damage":4,"enemies":"Cultist","floor":4,"turns":3},{"damage":13,"enemies":"Small Slimes","floor":5,"turns":3},{"damage":2,"enemies":"Looter","floor":7,"turns":3},{"damage":9,"enemies":"3 Sentries","floor":11,"turns":8},{"damage":4,"enemies":"Red Slaver","floor":12,"turns":5},{"damage":2,"enemies":"2 Fungi Beasts","floor":13,"turns":5},{"damage":33,"enemies":"Gremlin Gang","floor":14,"turns":8},{"damage":31,"enemies":"Slime Boss","floor":16,"turns":3}],"seed_played":"-1061589617671899069","potions_obtained":[{"floor":7,"key":"Strength Potion"},{"floor":11,"key":"Strength Potion"},{"floor":13,"key":"FocusPotion"}],"is_trial":false,"path_per_floor":["M","?","$","M","M","R","M","?","T","$","E","M","M","M","R"],"character_chosen":"DEFECT","items_purchased":["Turbo","Loop","Glacier","Storm"],"campfire_rested":1,"item_purchase_floors":[3,3,10,10],"current_hp_per_floor":[72,72,72,68,55,55,53,53,53,53,44,40,38,5,27,0],"gold":88,"neow_bonus":"ONE_RANDOM_RARE_CARD","is_prod":false,"is_daily":false,"chose_seed":false,"campfire_upgraded":1,"win_rate":0,"timestamp":1532246190,"path_taken":["M","?","?","M","?","R","M","?","T","$","E","M","M","?","R","BOSS"],"build_version":"2018-07-19v2","purchased_purges":1,"victory":false,"max_hp_per_floor":[75,75,75,75,75,75,75,75,75,75,75,75,75,75,75,75],"card_choices":[{"not_picked":["Redo","Rebound"],"picked":"Go for the Eyes","floor":1},{"not_picked":["Loop","Steam"],"picked":"Cold Snap","floor":4},{"not_picked":["Stack","Beam Cell"],"picked":"Hologram","floor":5},{"not_picked":["Coolheaded","Storm"],"picked":"Conserve Battery","floor":7},{"not_picked":["Barrage","Conserve Battery"],"picked":"Capacitor","floor":11},{"not_picked":["Double Energy","Rainbow"],"picked":"Rebound","floor":12},{"not_picked":["Undo","Sweeping Beam"],"picked":"Skim","floor":13},{"not_picked":["Steam","Storm"],"picked":"Conserve Battery","floor":14}],"player_experience":155334,"relics_obtained":[{"floor":9,"key":"Calipers"},{"floor":11,"key":"Gambling Chip"}],"event_choices":[{"event_name":"FaceTrader","player_choice":"Trade","floor":2,"damage_taken":0},{"event_name":"Liars Game","player_choice":"agreed","floor":8,"damage_taken":0}],"is_beta":false,"boss_relics":[],"items_purged_floors":[10],"is_endless":false,"potions_floor_spawned":[7,11,13],"killed_by":"Slime Boss","ascension_level":5}