{"gold_per_floor":[110,125,144,144,157,184,184,194,242,97,97,143,168,182,182,256,256,268,287,218,0,16,45,45,65,65,65,80,80,90,290,290,361,361,381,381,381,236,200,200,210,210,257,330,330,342,45,93,93,93],"floor_reached":51,"playtime":3989,"items_purged":["Strike_B"],"score":1163,"play_id":"13b5373a-8c35-4f11-9aee-9e36ca7fc016","local_time":"20180908130904","is_ascension_mode":true,"campfire_choices":[{"data":"Seek","floor":7.0,"key":"SMITH"},{"floor":11.0,"key":"REST"},{"data":"Zap","floor":15.0,"key":"SMITH"},{"floor":27.0,"key":"REST"},{"data":"Loop","floor":29.0,"key":"SMITH"},{"data":"Hologram","floor":32.0,"key":"SMITH"},{"data":"White Noise","floor":40,"key":"SMITH"},{"data":"Redo","floor":42,"key":"SMITH"},{"data":"Reinforced Body","floor":45,"key":"SMITH"},{"floor":49,"key":"REST"}],"neow_cost":"NONE","seed_source_timestamp":4584791291492,"circlet_count":0,"master_deck":["Zap+1","Dualcast+1","AscendersBane","Redo+1","Leap","Chill","Seek+1","Ball Lightning","Self Repair","BootSequence","Loop+1","Echo Form","Doom and Gloom","Sunder","Reboot","Hologram+1","Go for the Eyes","Steam Power+1","Compile Driver+1","Electrodynamics","Hello World","Reinforced Body+1","Compile Driver","Stack","Stack","Leap","Gash","White Noise+1","Undo","Aggregate+1","Capacitor"],"special_seed":0,"relics":["Lizard Tail","Pocketwatch","Cables","Ancient Tea Set","Bag of Marbles","Regal Pillow","Sozu","Symbiotic Virus","Juzu Bracelet","Pandora\u0027s Box","Shovel","War Paint","Lantern","Blue Candle","Art of War","DataDisk","Mango"],"potions_floor_usage":[],"damage_taken":[{"damage":13.0,"enemies":"Jaw Worm","floor":1.0,"turns":4.0},{"damage":1.0,"enemies":"Cultist","floor":2.0,"turns":3.0},{"damage":12.0,"enemies":"Small Slimes","floor":3.0,"turns":4.0},{"damage":5.0,"enemies":"Exordium Wildlife","floor":5.0,"turns":4.0},{"damage":10.0,"enemies":"Lagavulin","floor":6.0,"turns":7.0},{"damage":0.0,"enemies":"3 Louse","floor":8.0,"turns":4.0},{"damage":13.0,"enemies":"3 Sentries","floor":13.0,"turns":6.0},{"damage":1.0,"enemies":"Looter","floor":14.0,"turns":3.0},{"damage":17.0,"enemies":"The Guardian","floor":16.0,"turns":8.0},{"damage":13.0,"enemies":"2 Thieves","floor":18.0,"turns":5.0},{"damage":21.0,"enemies":"3 Byrds","floor":19.0,"turns":4.0},{"damage":16.0,"enemies":"Centurion and Healer","floor":22.0,"turns":5.0},{"damage":41.0,"enemies":"Slavers","floor":23.0,"turns":6.0},{"damage":23.0,"enemies":"Shelled Parasite and Fungi","floor":25.0,"turns":6.0},{"damage":11.0,"enemies":"3 Cultists","floor":28.0,"turns":4.0},{"damage":2.0,"enemies":"Snake Plant","floor":30.0,"turns":3.0},{"damage":37.0,"enemies":"Automaton","floor":33.0,"turns":6.0},{"damage":0.0,"enemies":"Orb Walker","floor":35.0,"turns":2.0},{"damage":0.0,"enemies":"Mind Bloom Boss Battle","floor":37.0,"turns":4.0},{"damage":0,"enemies":"3 Darklings","floor":41,"turns":2},{"damage":21,"enemies":"Transient","floor":46,"turns":5},{"damage":17,"enemies":"Mysterious Sphere","floor":48,"turns":5},{"damage":36,"enemies":"Time Eater","floor":50,"turns":8}],"seed_played":"-260805805819865557","potions_obtained":[{"floor":1.0,"key":"Strength Potion"},{"floor":6.0,"key":"Weak Potion"},{"floor":14.0,"key":"Weak Potion"}],"is_trial":false,"path_per_floor":["M","M","M","?","M","E","R","M","T","$","R","T","E","M","R","B",null,"M","M","$","?","M","E","$","M","T","R","M","R","M","?","R","B",null,"M","?","?","$","$","R","M","R","T","T","R","M","$","?","R","B"],"character_chosen":"DEFECT","items_purchased":["Self Repair","Sunder","War Paint","White Noise","Art of War","DataDisk"],"campfire_rested":3,"item_purchase_floors":[10,20,38,39,47,47],"current_hp_per_floor":[51,50,38,38,33,23,23,23,23,23,44,44,38,44,44,27,60,47,33,33,33,24,25,25,9,9,45,41,41,46,46,46,16,57,57,57,64,64,64,64,64,64,64,64,64,43,43,47,85,56],"gold":93,"neow_bonus":"BOSS_RELIC","is_prod":false,"is_daily":false,"chose_seed":false,"campfire_upgraded":7,"win_rate":0,"timestamp":1536383344,"path_taken":["M","M","M","?","?","E","R","M","T","?","R","?","E","M","R","BOSS","M","?","$","?","M","E","$","M","T","R","M","R","M","?","R","BOSS","M","?","?","?","$","R","M","R","T","?","R","M","$","?","R","BOSS"],"build_version":"2018-09-06","purchased_purges":1,"victory":true,"max_hp_per_floor":[71,71,71,71,71,71,71,71,71,71,71,71,71,71,71,71,71,71,71,71,71,71,71,71,71,71,71,71,71,71,71,71,71,71,71,71,71,71,71,71,71,71,71,71,71,71,71,85,85,85],"card_choices":[{"not_picked":["Lockon","Static Discharge"],"picked":"Redo","floor":1.0},{"not_picked":["Conserve Battery","Turbo"],"picked":"Leap","floor":2.0},{"not_picked":["Barrage","Loop"],"picked":"Streamline","floor":3.0},{"not_picked":["Leap","Hello World"],"picked":"Chill","floor":5.0},{"not_picked":["Fusion","Conserve Battery"],"picked":"Seek","floor":6.0},{"not_picked":["Force Field","Redo"],"picked":"Ball Lightning","floor":8.0},{"not_picked":["Steam Power","Go for the Eyes"],"picked":"BootSequence","floor":13.0},{"not_picked":["Barrage","Compile Driver"],"picked":"Loop","floor":14.0},{"not_picked":["Fission","Meteor Strike"],"picked":"Echo Form","floor":16.0},{"not_picked":["Conserve Battery","Compile Driver"],"picked":"Doom and Gloom","floor":18.0},{"not_picked":["Redo","Ball Lightning","Genetic Algorithm"],"picked":"SKIP","floor":19.0},{"not_picked":["Redo+1","Sunder+1"],"picked":"Reboot","floor":22.0},{"not_picked":["Beam Cell","Ball Lightning"],"picked":"Hologram","floor":23.0},{"not_picked":["Heatsinks","Leap"],"picked":"Go for the Eyes","floor":25.0},{"not_picked":["Gash","Heatsinks"],"picked":"Steam Power","floor":28.0},{"not_picked":["Rebound","Beam Cell+1"],"picked":"Compile Driver+1","floor":30.0},{"not_picked":["Hyperbeam","Meteor Strike"],"picked":"Electrodynamics","floor":33.0},{"not_picked":["Lockon","Conserve Battery","Hologram+1"],"picked":"SKIP","floor":35.0},{"not_picked":["Auto Shields","Streamline"],"picked":"Undo","floor":41},{"not_picked":["Turbo","Skim"],"picked":"Aggregate+1","floor":46},{"not_picked":["Fission","Go for the Eyes"],"picked":"Capacitor","floor":48}],"player_experience":309900,"relics_obtained":[{"floor":6.0,"key":"Cables"},{"floor":9.0,"key":"Ancient Tea Set"},{"floor":12.0,"key":"Bag of Marbles"},{"floor":13.0,"key":"Regal Pillow"},{"floor":23.0,"key":"Symbiotic Virus"},{"floor":26.0,"key":"Juzu Bracelet"},{"floor":37.0,"key":"Shovel"},{"floor":43,"key":"Lantern"},{"floor":44,"key":"Blue Candle"},{"floor":48,"key":"Mango"}],"event_choices":[{"event_name":"WeMeetAgain","player_choice":"Potion","floor":4.0,"damage_taken":0.0},{"event_name":"Masked Bandits","player_choice":"Paid Fearfully","floor":21.0,"damage_taken":0.0},{"event_name":"The Joust","player_choice":"Bet on Owner","floor":31.0,"damage_taken":0.0},{"event_name":"Falling","player_choice":"Removed Attack","floor":36.0,"damage_taken":0.0},{"event_name":"MindBloom","player_choice":"Fight","floor":37.0,"damage_taken":0.0},{"event_name":"Mysterious Sphere","player_choice":"Fight","floor":48,"damage_taken":0}],"is_beta":true,"boss_relics":[{"not_picked":["Empty Cage","Eternal Feather"],"picked":"Sozu"},{"not_picked":["Velvet Choker","White Beast Statue"],"picked":"Pandora\u0027s Box"}],"items_purged_floors":[10],"is_endless":false,"potions_floor_spawned":[1,6,14,18,23,30,37,41,48],"ascension_level":15}