{"gold_per_floor":[115,115,16,16,33,68,68,83,109,144,144,161,177,190,190,266,266,285,298,54,54,65,65],"floor_reached":23,"playtime":1024,"items_purged":["Strike_G"],"score":410,"play_id":"3988c6c0-22b7-4a4d-badf-bca02240ee96","local_time":"20181108123707","is_ascension_mode":true,"campfire_choices":[{"data":"Footwork","floor":7.0,"key":"SMITH"},{"data":"Skewer","floor":15.0,"key":"SMITH"}],"neow_cost":"NONE","seed_source_timestamp":701722510802,"circlet_count":0,"master_deck":["AscendersBane","Defend_G","Defend_G","Defend_G","Defend_G","Defend_G","Strike_G","Strike_G","Strike_G","Survivor","Neutralize","Terror","Predator","Leg Sweep","Footwork+1","Calculated Gamble","Skewer+1","After Image","Backflip","Acrobatics+1","Well Laid Plans"],"special_seed":0,"relics":["Ring of the Snake","NeowsBlessing","Happy Flower","Strawberry","White Beast Statue","Oddly Smooth Stone"],"potions_floor_usage":[16,22,23],"damage_taken":[{"damage":0.0,"enemies":"2 Louse","floor":1.0,"turns":1.0},{"damage":0.0,"enemies":"Small Slimes","floor":5.0,"turns":1.0},{"damage":0.0,"enemies":"Lagavulin","floor":6.0,"turns":1.0},{"damage":4.0,"enemies":"Jaw Worm","floor":8.0,"turns":3.0},{"damage":7.0,"enemies":"3 Sentries","floor":10.0,"turns":11.0},{"damage":8.0,"enemies":"Exordium Thugs","floor":12.0,"turns":7.0},{"damage":8.0,"enemies":"3 Louse","floor":13.0,"turns":4.0},{"damage":17.0,"enemies":"Exordium Wildlife","floor":14.0,"turns":6.0},{"damage":15,"enemies":"Hexaghost","floor":16,"turns":12},{"damage":9,"enemies":"Shell Parasite","floor":18,"turns":9},{"damage":2,"enemies":"Chosen","floor":19,"turns":6},{"damage":31,"enemies":"Sentry and Sphere","floor":22,"turns":11},{"damage":20,"enemies":"Book of Stabbing","floor":23,"turns":7}],"seed_played":"2290442061937490066","potions_obtained":[{"floor":1.0,"key":"PowerPotion"},{"floor":10.0,"key":"PowerPotion"},{"floor":14.0,"key":"Poison Potion"},{"floor":16,"key":"EssenceOfSteel"},{"floor":19,"key":"SteroidPotion"},{"floor":22,"key":"EssenceOfSteel"}],"is_trial":false,"path_per_floor":["M","?","$","?","M","E","R","M","T","E","?","M","M","M","R","B",null,"M","M","$","?","M","E"],"character_chosen":"THE_SILENT","items_purchased":["Predator","Block Potion","Oddly Smooth Stone"],"campfire_rested":0,"item_purchase_floors":[3,3,20],"current_hp_per_floor":[59,52,52,52,52,52,52,48,48,48,53,45,37,20,20,5,60,51,49,49,49,18,0],"gold":65,"neow_bonus":"THREE_ENEMY_KILL","is_prod":false,"is_daily":false,"chose_seed":false,"campfire_upgraded":2,"win_rate":0,"timestamp":1541651827,"path_taken":["M","?","$","?","M","E","R","M","T","E","?","M","M","M","R","BOSS","M","M","$","?","M","E"],"build_version":"2018-11-06","purchased_purges":1,"victory":false,"max_hp_per_floor":[66,66,66,66,66,66,66,66,66,73,78,78,78,78,78,78,78,78,78,78,78,78,78],"card_choices":[{"not_picked":["Noxious Fumes","Flechettes"],"picked":"Terror","floor":1.0},{"not_picked":["Tactician","Prepared"],"picked":"Leg Sweep","floor":5.0},{"not_picked":["Bane","Deadly Poison"],"picked":"Footwork","floor":6.0},{"not_picked":["Reflex","Venomology","Blade Dance"],"picked":"SKIP","floor":8.0},{"not_picked":["Dodge and Roll","Bane","Envenom"],"picked":"SKIP","floor":10.0},{"not_picked":["Prepared","Expertise"],"picked":"Calculated Gamble","floor":12.0},{"not_picked":["Finisher","Prepared","Distraction"],"picked":"SKIP","floor":13.0},{"not_picked":["Expertise","Masterful Stab"],"picked":"Skewer","floor":14.0},{"not_picked":["Venomology","A Thousand Cuts"],"picked":"After Image","floor":16},{"not_picked":["Bouncing Flask","Cloak And Dagger"],"picked":"Backflip","floor":18},{"not_picked":["Prepared","Noxious Fumes"],"picked":"Acrobatics+1","floor":19},{"not_picked":["Cloak And Dagger+1","Deflect"],"picked":"Well Laid Plans","floor":22}],"player_experience":513032,"relics_obtained":[{"floor":6.0,"key":"Happy Flower"},{"floor":10.0,"key":"Strawberry"}],"event_choices":[{"cards_removed":["Strike_G"],"damage_healed":0.0,"max_hp_gain":0.0,"max_hp_loss":0.0,"gold_gain":0.0,"event_name":"Golden Wing","player_choice":"Card Removal","floor":2.0,"gold_loss":0.0,"damage_taken":7.0},{"damage_healed":0.0,"max_hp_gain":0.0,"max_hp_loss":0.0,"gold_gain":0.0,"event_name":"Scrap Ooze","player_choice":"Fled","floor":4.0,"gold_loss":0.0,"damage_taken":0.0},{"damage_healed":0.0,"max_hp_gain":5.0,"max_hp_loss":0.0,"gold_gain":0.0,"event_name":"Big Fish","player_choice":"Donut","floor":11.0,"gold_loss":0.0,"damage_taken":0.0},{"damage_healed":0,"gold_gain":0,"player_choice":"Ignored","damage_taken":0,"max_hp_gain":0,"max_hp_loss":0,"event_name":"The Mausoleum","floor":21,"gold_loss":0}],"is_beta":true,"boss_relics":[{"not_picked":["Tiny House","Calling Bell"],"picked":"White Beast Statue"}],"items_purged_floors":[20],"is_endless":false,"potions_floor_spawned":[1,5,10,14,16,18,19,22],"killed_by":"Book of Stabbing","ascension_level":16}