{"gold_per_floor":[118,118,135,153,153,153,183,197,221,249,4,18,18,52,52,52],"floor_reached":16,"playtime":484,"items_purged":["Strike_R"],"score":186,"play_id":"89a74846-b57b-450f-a59b-3889169778ba","local_time":"20181111115239","is_ascension_mode":true,"campfire_choices":[{"data":"Flex","floor":6,"key":"SMITH"},{"data":"True Grit","floor":15,"key":"SMITH"}],"neow_cost":"NONE","seed_source_timestamp":12438273677054,"circlet_count":0,"master_deck":["AscendersBane","Strike_R","Strike_R","Strike_R","Defend_R","Defend_R","Defend_R","Defend_R","Bash","Flex+1","Battle Trance","Pommel Strike+1","Cleave","Thunderclap","Spot Weakness","Demon Form","True Grit+1","Evolve","Heavy Blade"],"relics":["Burning Blood","NeowsBlessing","Regal Pillow","Smiling Mask","Lantern","Vajra"],"potions_floor_usage":[3,12],"damage_taken":[{"damage":0,"enemies":"Small Slimes","floor":1,"turns":1},{"damage":0,"enemies":"Cultist","floor":3,"turns":1},{"damage":0,"enemies":"2 Louse","floor":4,"turns":1},{"damage":35,"enemies":"Lagavulin","floor":7,"turns":5},{"damage":18,"enemies":"Gremlin Gang","floor":8,"turns":6},{"damage":29,"enemies":"Gremlin Nob","floor":10,"turns":4},{"damage":4,"enemies":"Looter","floor":12,"turns":2},{"damage":20,"enemies":"3 Sentries","floor":14,"turns":5},{"damage":36,"enemies":"The Guardian","floor":16,"turns":2}],"seed_played":"8865875605573344558","potions_obtained":[{"floor":3,"key":"Fruit Juice"},{"floor":10,"key":"Weak Potion"},{"floor":12,"key":"Fruit Juice"},{"floor":14,"key":"LiquidBronze"}],"is_trial":false,"path_per_floor":["M","?","M","M","?","R","E","M","T","E","$","M","?","E","R","B"],"character_chosen":"IRONCLAD","items_purchased":["Spot Weakness","Demon Form","True Grit"],"campfire_rested":0,"item_purchase_floors":[11,11,11],"current_hp_per_floor":[78,78,85,85,85,85,56,44,44,21,21,28,28,14,14,0],"gold":52,"neow_bonus":"THREE_ENEMY_KILL","is_prod":false,"is_daily":false,"chose_seed":false,"campfire_upgraded":2,"win_rate":0,"timestamp":1541908359,"path_taken":["M","?","?","M","?","R","E","?","T","E","$","M","?","E","R","BOSS"],"build_version":"2018-11-08","purchased_purges":1,"victory":false,"max_hp_per_floor":[80,80,85,85,85,85,85,85,85,85,85,90,90,90,90,90],"card_choices":[{"not_picked":["Havoc","Combust"],"picked":"Flex","floor":1},{"not_picked":["Clothesline","Body Slam"],"picked":"Battle Trance","floor":3},{"not_picked":["Heavy Blade","Berserk"],"picked":"Pommel Strike","floor":4},{"not_picked":["Second Wind","Havoc","Warcry"],"picked":"SKIP","floor":7},{"not_picked":["Battle Trance","Metallicize"],"picked":"Cleave","floor":8},{"not_picked":["Shrug It Off","Body Slam"],"picked":"Thunderclap","floor":10},{"not_picked":["Clothesline","Power Through"],"picked":"Evolve","floor":12},{"not_picked":["Rage","Spot Weakness"],"picked":"Heavy Blade","floor":14}],"player_experience":528262,"relics_obtained":[{"floor":7,"key":"Regal Pillow"},{"floor":9,"key":"Smiling Mask"},{"floor":10,"key":"Lantern"},{"floor":14,"key":"Vajra"}],"event_choices":[{"cards_removed":["Strike_R"],"damage_healed":0,"gold_gain":0,"player_choice":"Offered Basic","damage_taken":0,"max_hp_gain":0,"max_hp_loss":0,"event_name":"Bonfire Elementals","floor":2,"gold_loss":0},{"damage_healed":0,"gold_gain":0,"player_choice":"Upgraded","damage_taken":0,"max_hp_gain":0,"max_hp_loss":0,"event_name":"Upgrade Shrine","floor":5,"gold_loss":0,"cards_upgraded":["Pommel Strike"]},{"damage_healed":0,"gold_gain":0,"player_choice":"Ignored","damage_taken":0,"max_hp_gain":0,"max_hp_loss":0,"event_name":"Liars Game","floor":13,"gold_loss":0}],"is_beta":true,"boss_relics":[],"items_purged_floors":[11],"is_endless":false,"potions_floor_spawned":[3,10,12,14],"killed_by":"The Guardian","ascension_level":11}