{"gold_per_floor":[167,223,239,239,414,449,449,463,537,82,100,100,118,138,138,269,269,289,289,289,254,254,297,297,297],"floor_reached":25,"playtime":1187,"items_purged":[],"score":304,"play_id":"a0d6d236-7ade-4e93-a6d5-d2733e6810a2","local_time":"20180722162055","is_ascension_mode":true,"campfire_choices":[{"floor":7.0,"key":"REST"},{"floor":12.0,"key":"REST"},{"floor":15.0,"key":"REST"},{"floor":24.0,"key":"REST"}],"neow_cost":"NONE","seed_source_timestamp":28316121144508,"circlet_count":0,"master_deck":["Strike_B","Strike_B","Strike_B","Strike_B","Defend_B+1","Defend_B","Defend_B","Defend_B","Zap","Dualcast","Sunder","Conserve Battery","Chaos","Leap","White Noise","Core Surge","Loop","White Noise","Coolheaded","Cold Snap","Stack","Reboot","Doom and Gloom","Buffer","Redo","Buffer","Force Field","Redo+1","Reinforced Body"],"special_seed":0,"relics":["Tiny House","Golden Idol","Dream Catcher","Cables","Calipers","Lizard Tail","Spirit Poop","Kunai","Anchor"],"potions_floor_usage":[],"damage_taken":[{"damage":12.0,"enemies":"Jaw Worm","floor":1.0,"turns":2.0},{"damage":0.0,"enemies":"Cultist","floor":3.0,"turns":3.0},{"damage":41.0,"enemies":"3 Sentries","floor":6.0,"turns":11.0},{"damage":0.0,"enemies":"2 Louse","floor":8.0,"turns":2.0},{"damage":2.0,"enemies":"2 Fungi Beasts","floor":11.0,"turns":2.0},{"damage":15.0,"enemies":"Blue Slaver","floor":13.0,"turns":6.0},{"damage":17.0,"enemies":"Lots of Slimes","floor":14.0,"turns":4.0},{"damage":17.0,"enemies":"The Guardian","floor":16.0,"turns":10.0},{"damage":11.0,"enemies":"Shell Parasite","floor":18.0,"turns":5.0},{"damage":52.0,"enemies":"Book of Stabbing","floor":23.0,"turns":8.0},{"damage":94,"enemies":"Gremlin Leader","floor":25,"turns":14}],"seed_played":"7117829322725184953","potions_obtained":[{"floor":0.0,"key":"EssenceOfSteel"},{"floor":1.0,"key":"Fire Potion"},{"floor":3.0,"key":"FearPotion"},{"floor":23.0,"key":"SteroidPotion"}],"is_trial":false,"path_per_floor":["M","?","M","?","?","E","R","M","T","$","M","R","M","M","R","B",null,"M","?","?","$","T","E","R"],"character_chosen":"DEFECT","items_purchased":["Loop","Calipers","White Noise","Force Field"],"campfire_rested":4,"item_purchase_floors":[10,10,10,21],"current_hp_per_floor":[68,68,68,48,48,7,31,31,31,31,29,53,38,21,45,35,69,58,58,58,58,58,6,30,0],"gold":297,"neow_bonus":"BOSS_RELIC","is_prod":false,"is_daily":false,"chose_seed":false,"campfire_upgraded":0,"win_rate":0,"timestamp":1532247655,"path_taken":["M","?","?","?","?","E","R","M","T","?","M","R","M","?","R","BOSS","M","?","?","$","?","E","R","E"],"build_version":"2018-07-19v2","purchased_purges":0,"victory":false,"max_hp_per_floor":[80,80,80,80,80,80,80,80,80,80,80,80,80,80,80,80,80,80,80,80,80,80,80,80,80],"card_choices":[{"not_picked":["Stack","Sweeping Beam"],"picked":"Sunder","floor":0.0},{"not_picked":["Barrage","Loop"],"picked":"Conserve Battery","floor":1.0},{"not_picked":["Genetic Algorithm","Redo"],"picked":"Chaos","floor":3.0},{"not_picked":["Reprogram","Self Repair"],"picked":"Leap","floor":6.0},{"not_picked":["Compile Driver","Turbo"],"picked":"White Noise","floor":7.0},{"not_picked":["Lockon","Glacier"],"picked":"Core Surge","floor":8.0},{"not_picked":["Hologram","Compile Driver"],"picked":"Coolheaded","floor":11.0},{"not_picked":["Hello World","Aggregate"],"picked":"Cold Snap","floor":12.0},{"not_picked":["Compile Driver","Sweeping Beam"],"picked":"Stack","floor":13.0},{"not_picked":["Rebound","Sweeping Beam"],"picked":"Reboot","floor":14.0},{"not_picked":["Cold Snap","Sweeping Beam"],"picked":"Doom and Gloom","floor":15.0},{"not_picked":["Thunder Strike","Core Surge"],"picked":"Buffer","floor":16.0},{"not_picked":["Cold Snap","Tempest"],"picked":"Redo","floor":18.0},{"not_picked":["Creative AI","Melter"],"picked":"Redo+1","floor":23.0},{"not_picked":["Rip and Tear+1","FTL+1"],"picked":"Reinforced Body","floor":24.0}],"player_experience":156010,"relics_obtained":[{"floor":6.0,"key":"Dream Catcher"},{"floor":9.0,"key":"Cables"},{"floor":22.0,"key":"Kunai"},{"floor":23.0,"key":"Anchor"}],"event_choices":[{"event_name":"Golden Wing","player_choice":"Gained Gold","floor":2.0,"damage_taken":0.0},{"event_name":"Golden Idol","player_choice":"Take Damage","floor":4.0,"damage_taken":0.0},{"event_name":"Liars Game","player_choice":"agreed","floor":5.0,"damage_taken":0.0},{"event_name":"Bonfire Elementals","player_choice":"CURSE","floor":19.0,"damage_taken":0.0},{"event_name":"Duplicator","player_choice":"One dupe","floor":20.0,"damage_taken":0.0}],"is_beta":false,"boss_relics":[{"not_picked":["Snecko Eye","Philosopher\u0027s Stone"],"picked":"Lizard Tail"}],"items_purged_floors":[],"is_endless":false,"potions_floor_spawned":[1,3,14,16,23],"killed_by":"Gremlin Leader","ascension_level":5}