{"gold_per_floor":[111,122,142,142,159,159,159,159,206,219,219,74,74,74,74,167,167,181,181,199,222,13,13,32,32,32,32,32,52,75,0,0,89,89,105,124,74,98,98,98,142,142,142,142,160,160,28,42,42,42],"floor_reached":50,"playtime":2088,"items_purged":["Strike_B+1","Defend_B"],"score":881,"play_id":"27ff585e-5ffd-4fcc-8b2d-46ec4ef1b1a2","local_time":"20190322204919","is_ascension_mode":true,"campfire_choices":[{"data":"Coolheaded","floor":11.0,"key":"SMITH"},{"data":"Seek","floor":13.0,"key":"SMITH"},{"data":"Defragment","floor":15.0,"key":"SMITH"},{"data":"Darkness","floor":23.0,"key":"SMITH"},{"data":"Hologram","floor":25.0,"key":"SMITH"},{"floor":32.0,"key":"REST"},{"floor":40,"key":"REST"},{"floor":42,"key":"REST"},{"floor":44,"key":"REST"},{"floor":49,"key":"RECALL"}],"neow_cost":"PERCENT_DAMAGE","seed_source_timestamp":0,"circlet_count":0,"master_deck":["AscendersBane","Zap+1","Dualcast","Conserve Battery","Ball Lightning","Hologram+1","Defragment+1","Coolheaded+1","Seek+1","Biased Cognition","Recycle","BootSequence","Darkness+1","Turbo","Seek","Skim","Core Surge","Redo","Rainbow","Double Energy","Coolheaded"],"special_seed":0,"relics":["Cracked Core","WingedGreaves","DataDisk","Golden Idol","Pen Nib","Runic Pyramid","Membership Card","Empty Cage","Pear","Bottled Flame","Oddly Smooth Stone"],"potions_floor_usage":[46,46,50],"damage_taken":[{"damage":12.0,"enemies":"Jaw Worm","floor":1.0,"turns":3.0},{"damage":0.0,"enemies":"Cultist","floor":2.0,"turns":3.0},{"damage":0.0,"enemies":"Small Slimes","floor":3.0,"turns":3.0},{"damage":16.0,"enemies":"Exordium Wildlife","floor":5.0,"turns":5.0},{"damage":4.0,"enemies":"Looter","floor":10.0,"turns":3.0},{"damage":13.0,"enemies":"Hexaghost","floor":16.0,"turns":9.0},{"damage":11.0,"enemies":"2 Thieves","floor":18.0,"turns":3.0},{"damage":7.0,"enemies":"Shell Parasite","floor":20.0,"turns":4.0},{"damage":7.0,"enemies":"Snecko","floor":21.0,"turns":5.0},{"damage":3.0,"enemies":"3 Cultists","floor":24.0,"turns":4.0},{"damage":4.0,"enemies":"Colosseum Slavers","floor":27.0,"turns":3.0},{"damage":4.0,"enemies":"Snake Plant","floor":29.0,"turns":3.0},{"damage":4.0,"enemies":"Chosen and Byrds","floor":30.0,"turns":3.0},{"damage":16.0,"enemies":"Champ","floor":33.0,"turns":13.0},{"damage":19.0,"enemies":"3 Darklings","floor":35.0,"turns":5.0},{"damage":2.0,"enemies":"Orb Walker","floor":36.0,"turns":3.0},{"damage":10,"enemies":"Writhing Mass","floor":38,"turns":4},{"damage":38,"enemies":"Nemesis","floor":41,"turns":7},{"damage":12,"enemies":"3 Darklings","floor":45,"turns":3},{"damage":2,"enemies":"4 Shapes","floor":46,"turns":2},{"damage":15,"enemies":"Sphere and 2 Shapes","floor":48,"turns":3},{"damage":25,"enemies":"Awakened One","floor":50,"turns":10}],"seed_played":"7303898071116160411","potions_obtained":[{"floor":1.0,"key":"SneckoOil"},{"floor":3.0,"key":"EssenceOfSteel"},{"floor":16.0,"key":"Swift Potion"},{"floor":18.0,"key":"SpeedPotion"},{"floor":30.0,"key":"Swift Potion"},{"floor":38,"key":"SmokeBomb"}],"is_trial":false,"path_per_floor":["M","M","M","?","M","?","T","?","T","M","R","$","R","?","R","B",null,"M","?","M","M","$","R","M","R","T","?","?","M","M","$","R","B",null,"M","M","$","M","?","R","E","R","T","R","M","M","$","M","R","B"],"character_chosen":"DEFECT","items_purchased":["Seek","Membership Card","GamblersBrew","Oddly Smooth Stone","Dexterity Potion","EssenceOfSteel"],"campfire_rested":4,"item_purchase_floors":[12,22,31,47,47,47],"current_hp_per_floor":[34,34,34,34,18,41,41,41,41,37,37,37,37,18,18,5,49,38,38,31,24,24,24,21,21,21,17,17,13,9,9,28,12,51,32,30,30,20,20,39,11,33,33,55,43,41,41,26,26,1],"gold":42,"neow_bonus":"ONE_RARE_RELIC","is_prod":false,"is_daily":false,"chose_seed":true,"campfire_upgraded":5,"win_rate":0,"timestamp":1553258959,"path_taken":["M","M","M","?","?","?","?","?","T","M","R","$","R","?","R","BOSS","M","?","M","M","?","R","?","R","T","?","?","?","M","$","R","BOSS","M","?","$","M","?","R","E","R","T","R","M","?","$","M","R","BOSS"],"build_version":"2019-01-23","purchased_purges":2,"victory":false,"max_hp_per_floor":[71,71,71,71,71,71,71,64,64,64,64,64,64,64,64,64,64,64,64,64,64,64,64,64,64,64,64,64,64,64,64,64,64,64,64,64,64,64,64,64,74,74,74,74,74,74,74,74,74,74],"card_choices":[{"not_picked":["Reprogram","Steam"],"picked":"Conserve Battery","floor":1.0},{"not_picked":["Stack","Compile Driver"],"picked":"Ball Lightning","floor":2.0},{"not_picked":["Sweeping Beam","Leap"],"picked":"Hologram","floor":3.0},{"not_picked":["Barrage","Steam"],"picked":"Defragment","floor":5.0},{"not_picked":["Heatsinks","Doom and Gloom"],"picked":"Coolheaded","floor":10.0},{"not_picked":["All For One","Buffer"],"picked":"Biased Cognition","floor":16.0},{"not_picked":["Hologram","Hello World"],"picked":"Recycle","floor":18.0},{"not_picked":["Storm","Redo"],"picked":"BootSequence","floor":20.0},{"not_picked":["Compile Driver+1","Stack"],"picked":"Darkness","floor":21.0},{"not_picked":["Stack+1","Cold Snap"],"picked":"Turbo","floor":24.0},{"not_picked":["Turbo+1","Barrage"],"picked":"Seek","floor":29.0},{"not_picked":["Stack","Cold Snap"],"picked":"Skim","floor":30.0},{"not_picked":["All For One","Machine Learning"],"picked":"Core Surge","floor":33.0},{"not_picked":["Darkness+1","Barrage+1"],"picked":"Redo","floor":35.0},{"not_picked":["Undo+1","Darkness","Stack"],"picked":"SKIP","floor":36},{"not_picked":["Hologram","Sweeping Beam+1","Beam Cell+1"],"picked":"SKIP","floor":38},{"not_picked":["Hologram","Sweeping Beam+1","Beam Cell+1"],"picked":"SKIP","floor":38},{"not_picked":["Streamline","Fusion","Aggregate+1"],"picked":"SKIP","floor":41},{"not_picked":["Rebound","Go for the Eyes+1"],"picked":"Double Energy","floor":45},{"not_picked":["Gash+1","Force Field"],"picked":"Coolheaded","floor":48}],"player_experience":864375,"relics_obtained":[{"floor":7.0,"key":"DataDisk"},{"floor":9.0,"key":"Pen Nib"},{"floor":41,"key":"Pear"},{"floor":43,"key":"Bottled Flame"}],"event_choices":[{"cards_removed":["Strike_B"],"damage_healed":0.0,"max_hp_gain":0.0,"max_hp_loss":0.0,"gold_gain":0.0,"event_name":"Purifier","player_choice":"Purged","floor":4.0,"gold_loss":0.0,"damage_taken":0.0},{"damage_healed":23.0,"max_hp_gain":0.0,"max_hp_loss":0.0,"gold_gain":0.0,"event_name":"Big Fish","player_choice":"Banana","floor":6.0,"gold_loss":0.0,"damage_taken":0.0},{"damage_healed":0.0,"max_hp_gain":0.0,"max_hp_loss":7.0,"gold_gain":0.0,"event_name":"Golden Idol","player_choice":"Lose Max HP","floor":8.0,"gold_loss":0.0,"damage_taken":0.0,"relics_obtained":["Golden Idol"]},{"damage_healed":0.0,"max_hp_gain":0.0,"max_hp_loss":0.0,"gold_gain":0.0,"event_name":"Shining Light","player_choice":"Entered Light","floor":14.0,"gold_loss":0.0,"damage_taken":19.0,"cards_upgraded":["Strike_B","Zap"]},{"cards_removed":["Strike_B"],"damage_healed":0.0,"max_hp_gain":0.0,"max_hp_loss":0.0,"gold_gain":0.0,"event_name":"Bonfire Elementals","player_choice":"Offered Basic","floor":19.0,"gold_loss":0.0,"damage_taken":0.0},{"damage_healed":0.0,"max_hp_gain":0.0,"max_hp_loss":0.0,"gold_gain":0.0,"event_name":"Colosseum","player_choice":"Fight","floor":27.0,"gold_loss":0.0,"damage_taken":0.0},{"damage_healed":0.0,"max_hp_gain":0.0,"max_hp_loss":0.0,"gold_gain":0.0,"event_name":"Colosseum","player_choice":"Fled From Nobs","floor":27.0,"gold_loss":0.0,"damage_taken":0.0},{"cards_removed":["Strike_B"],"damage_healed":0.0,"max_hp_gain":0.0,"max_hp_loss":0.0,"gold_gain":0.0,"event_name":"Purifier","player_choice":"Purged","floor":28.0,"gold_loss":0.0,"damage_taken":0.0},{"damage_healed":0,"gold_gain":0,"cards_transformed":["Defend_B"],"player_choice":"Transformed","damage_taken":0,"max_hp_gain":0,"max_hp_loss":0,"event_name":"Transmorgrifier","floor":39,"gold_loss":0,"cards_obtained":["Rainbow"]}],"is_beta":false,"boss_relics":[{"not_picked":["Cursed Key","Fusion Hammer"],"picked":"Runic Pyramid"},{"not_picked":["Philosopher\u0027s Stone","FrozenCore"],"picked":"Empty Cage"}],"items_purged_floors":[31,37],"is_endless":false,"potions_floor_spawned":[1,3,16,18,27,30,36,38,46,48],"killed_by":"Awakened One","ascension_level":15}