{"gold_per_floor":[111,111,128,128,128,128,163,88,114,126,155,170,182,182,182,182],"floor_reached":16,"playtime":412,"items_purged":["Strike_G"],"score":257,"play_id":"3643a03b-e952-464f-915b-d13c2a04fbf7","local_time":"20181117180116","is_ascension_mode":true,"campfire_choices":[{"data":"Cloak And Dagger","floor":6.0,"key":"SMITH"},{"floor":15.0,"key":"REST"}],"neow_cost":"NONE","seed_source_timestamp":0,"circlet_count":0,"master_deck":["AscendersBane","Defend_G","Defend_G+1","Defend_G","Defend_G","Defend_G","Strike_G","Strike_G","Strike_G","Survivor+1","Neutralize","Cloak And Dagger+1","Dagger Spray","Adrenaline","Terror","Venomology"],"special_seed":0,"relics":["Ring of the Snake","NeowsBlessing","Vajra","Bag of Preparation","Gremlin Horn"],"potions_floor_usage":[16],"damage_taken":[{"damage":0.0,"enemies":"Small Slimes","floor":1.0,"turns":1.0},{"damage":0.0,"enemies":"Jaw Worm","floor":3.0,"turns":1.0},{"damage":0.0,"enemies":"Lagavulin","floor":7.0,"turns":1.0},{"damage":0.0,"enemies":"2 Louse","floor":10.0,"turns":2.0},{"damage":52.0,"enemies":"Gremlin Nob","floor":11.0,"turns":6.0},{"damage":0.0,"enemies":"2 Fungi Beasts","floor":12.0,"turns":2.0},{"damage":6.0,"enemies":"Exordium Thugs","floor":13.0,"turns":5.0},{"damage":22,"enemies":"Slime Boss","floor":16,"turns":6}],"seed_played":"2665788409902796236","potions_obtained":[{"floor":11.0,"key":"GamblersBrew"},{"floor":12.0,"key":"Fruit Juice"}],"is_trial":false,"path_per_floor":["M","?","M","?","?","R","E","$","T","M","E","M","M","?","R","B"],"character_chosen":"THE_SILENT","items_purchased":[],"campfire_rested":1,"item_purchase_floors":[],"current_hp_per_floor":[59,39,39,32,54,54,54,54,54,54,2,7,1,1,22,0],"gold":182,"neow_bonus":"THREE_ENEMY_KILL","is_prod":false,"is_daily":false,"chose_seed":false,"campfire_upgraded":1,"win_rate":0,"timestamp":1542448876,"path_taken":["M","?","M","?","?","R","E","?","T","M","E","?","M","?","R","BOSS"],"build_version":"2018-11-15","purchased_purges":1,"victory":false,"max_hp_per_floor":[66,66,66,66,66,66,66,66,66,66,66,71,71,71,71,71],"card_choices":[{"not_picked":["Acrobatics","Accuracy"],"picked":"Cloak And Dagger","floor":1.0},{"not_picked":["PiercingWail","Flying Knee"],"picked":"Dagger Spray","floor":3.0},{"not_picked":["Blade Dance","Expertise"],"picked":"Adrenaline","floor":7.0},{"not_picked":["Dagger Spray","Poisoned Stab","Predator"],"picked":"SKIP","floor":10.0},{"not_picked":["Prepared","Poisoned Stab"],"picked":"Terror","floor":11.0},{"not_picked":["Dagger Throw","Acrobatics","Quick Slash"],"picked":"SKIP","floor":12.0},{"not_picked":["Poisoned Stab","Dagger Spray"],"picked":"Venomology","floor":13.0}],"player_experience":547136,"relics_obtained":[{"floor":7.0,"key":"Vajra"},{"floor":9.0,"key":"Bag of Preparation"},{"floor":11.0,"key":"Gremlin Horn"}],"event_choices":[{"damage_healed":0.0,"max_hp_gain":0.0,"max_hp_loss":0.0,"gold_gain":0.0,"event_name":"Shining Light","player_choice":"Entered Light","floor":2.0,"gold_loss":0.0,"damage_taken":20.0,"cards_upgraded":["Defend_G","Survivor"]},{"cards_removed":["Strike_G"],"damage_healed":0.0,"max_hp_gain":0.0,"max_hp_loss":0.0,"gold_gain":0.0,"event_name":"Golden Wing","player_choice":"Card Removal","floor":4.0,"gold_loss":0.0,"damage_taken":7.0},{"damage_healed":22.0,"max_hp_gain":0.0,"max_hp_loss":0.0,"gold_gain":0.0,"event_name":"Big Fish","player_choice":"Banana","floor":5.0,"gold_loss":0.0,"damage_taken":0.0},{"damage_healed":0.0,"max_hp_gain":0.0,"max_hp_loss":0.0,"gold_gain":0.0,"event_name":"Liars Game","player_choice":"Ignored","floor":14.0,"gold_loss":0.0,"damage_taken":0.0}],"is_beta":true,"boss_relics":[],"items_purged_floors":[8],"is_endless":false,"potions_floor_spawned":[11,12],"killed_by":"Slime Boss","ascension_level":18}