{"gold_per_floor":[116,136,160,179,198,198,230,241,241,275,286,42,61,79,79,177,177,187,187,198,198],"floor_reached":21,"playtime":957,"items_purged":[],"score":295,"play_id":"7cbad7e8-cf1a-4412-9608-f85aab41c700","local_time":"20180810232905","is_ascension_mode":true,"campfire_choices":[{"data":"Inflame","floor":6,"key":"SMITH"},{"data":"Apotheosis","floor":15,"key":"SMITH"}],"neow_cost":"NONE","seed_source_timestamp":29249251190229,"circlet_count":0,"master_deck":["Defend_R","Defend_R","Defend_R","Defend_R","Bash+1","Flex","Clothesline+1","Inflame+1","Sever Soul","Flex","Flex","Sword Boomerang","Spot Weakness","Deep Breath","Apotheosis+1","Carnage","Limit Break","Pummel+1","Bite","Bite","Bite","Bite","Bite","Bloodletting"],"relics":["Black Blood","Whetstone","Pear","The Courier","Peace Pipe"],"potions_floor_usage":[5,8,8,18,20],"damage_taken":[{"damage":6,"enemies":"Cultist","floor":1,"turns":3},{"damage":2,"enemies":"Jaw Worm","floor":2,"turns":3},{"damage":4,"enemies":"Small Slimes","floor":4,"turns":3},{"damage":15,"enemies":"3 Louse","floor":5,"turns":4},{"damage":6,"enemies":"Gremlin Nob","floor":7,"turns":3},{"damage":33,"enemies":"Gremlin Gang","floor":8,"turns":6},{"damage":21,"enemies":"Lagavulin","floor":10,"turns":4},{"damage":4,"enemies":"2 Fungi Beasts","floor":11,"turns":3},{"damage":11,"enemies":"Red Slaver","floor":13,"turns":3},{"damage":2,"enemies":"3 Louse","floor":14,"turns":3},{"damage":0,"enemies":"Slime Boss","floor":16,"turns":5},{"damage":11,"enemies":"2 Thieves","floor":18,"turns":2},{"damage":26,"enemies":"3 Byrds","floor":20,"turns":4},{"damage":69,"enemies":"Sentry and Sphere","floor":21,"turns":5}],"seed_played":"-7392226711118676091","potions_obtained":[{"floor":1,"key":"SkillPotion"},{"floor":2,"key":"SpeedPotion"},{"floor":7,"key":"SneckoOil"},{"floor":8,"key":"SkillPotion"},{"floor":10,"key":"AttackPotion"},{"floor":13,"key":"LiquidBronze"}],"is_trial":false,"path_per_floor":["M","M","T","M","M","R","E","M","T","E","M","$","M","M","R","B",null,"M","?","M"],"character_chosen":"IRONCLAD","items_purchased":["Deep Breath","Apotheosis"],"campfire_rested":0,"item_purchase_floors":[12,12],"current_hp_per_floor":[80,80,80,80,71,71,81,54,54,39,41,41,36,40,40,46,90,89,63,53,0],"gold":198,"neow_bonus":"UPGRADE_CARD","is_prod":false,"is_daily":false,"chose_seed":false,"campfire_upgraded":2,"win_rate":0,"timestamp":1533914945,"path_taken":["M","?","?","?","M","R","E","?","T","E","M","$","M","M","R","BOSS","M","?","M","?"],"build_version":"2018-08-09","purchased_purges":0,"victory":false,"max_hp_per_floor":[80,80,80,80,80,80,90,90,90,90,90,90,90,90,90,90,90,90,63,63,63],"card_choices":[{"not_picked":["Blood for Blood","Shockwave"],"picked":"Flex","floor":1},{"not_picked":["Blood for Blood","Intimidate"],"picked":"Clothesline","floor":2},{"not_picked":["Anger","Feel No Pain"],"picked":"Inflame","floor":4},{"not_picked":["Havoc","Anger"],"picked":"Sever Soul","floor":5},{"not_picked":["Battle Trance","Clash"],"picked":"Flex","floor":7},{"not_picked":["Iron Wave","Uppercut"],"picked":"Flex","floor":8},{"not_picked":["Armaments","Double Tap"],"picked":"Sword Boomerang","floor":10},{"not_picked":["Thunderclap","Havoc"],"picked":"Spot Weakness","floor":11},{"not_picked":["Wild Strike","Power Through","Body Slam"],"picked":"SKIP","floor":13},{"not_picked":["Rampage","Wild Strike"],"picked":"Carnage","floor":14},{"not_picked":["Reaper","Offering"],"picked":"Limit Break","floor":16},{"not_picked":["Clothesline","Armaments"],"picked":"Pummel+1","floor":18},{"not_picked":["Twin Strike","Clothesline"],"picked":"Bloodletting","floor":20}],"player_experience":225518,"relics_obtained":[{"floor":3,"key":"Whetstone"},{"floor":7,"key":"Pear"},{"floor":9,"key":"The Courier"},{"floor":10,"key":"Peace Pipe"}],"event_choices":[{"event_name":"Vampires","player_choice":"Became a vampire","floor":19,"damage_taken":0}],"is_beta":false,"boss_relics":[{"not_picked":["White Beast Statue","Runic Dome"],"picked":"Black Blood"}],"items_purged_floors":[],"is_endless":false,"potions_floor_spawned":[1,2,7,8,10,13],"killed_by":"Sentry and Sphere","ascension_level":2}