{"gold_per_floor":[112,123,134,60,135,160,174,208,208,228,228,4,4,15,15,116,116,127,139,1,1,12,12],"floor_reached":23,"playtime":2070,"items_purged":["Dualcast"],"score":203,"play_id":"19a602ec-e978-4ecd-9711-712167124c0a","local_time":"20190810000426","is_ascension_mode":false,"campfire_choices":[{"floor":11,"key":"REST"},{"floor":15,"key":"REST"}],"neow_cost":"TEN_PERCENT_HP_LOSS","seed_source_timestamp":23353352059663,"circlet_count":0,"master_deck":["Strike_B","Strike_B","Strike_B","Strike_B","Defend_B","Defend_B","Defend_B","Defend_B","Zap","FTL","Gash","Beam Cell","Defragment","FTL","Ball Lightning","Gash","Conserve Battery","Steam","Gash","Leap","Reboot","Go for the Eyes","Bandage Up","Hologram"],"relics":["Cracked Core","Nunchaku","Pen Nib","Blue Candle","Cables","Busted Crown"],"potions_floor_usage":[6,8,10,19,23,23],"damage_taken":[{"damage":1,"enemies":"Cultist","floor":1,"turns":3},{"damage":6,"enemies":"Jaw Worm","floor":2,"turns":3},{"damage":0,"enemies":"Small Slimes","floor":3,"turns":2},{"damage":6,"enemies":"Gremlin Nob","floor":6,"turns":4},{"damage":4,"enemies":"Blue Slaver","floor":7,"turns":3},{"damage":30,"enemies":"3 Sentries","floor":8,"turns":6},{"damage":9,"enemies":"Large Slime","floor":10,"turns":4},{"damage":10,"enemies":"Lots of Slimes","floor":14,"turns":3},{"damage":13,"enemies":"Hexaghost","floor":16,"turns":8},{"damage":10,"enemies":"Shell Parasite","floor":18,"turns":3},{"damage":10,"enemies":"3 Byrds","floor":19,"turns":4},{"damage":18,"enemies":"Snecko","floor":22,"turns":6},{"damage":27,"enemies":"Book of Stabbing","floor":23,"turns":5}],"seed_played":"-1018952994518979037","potions_obtained":[{"floor":1,"key":"SpeedPotion"},{"floor":2,"key":"FearPotion"},{"floor":8,"key":"SkillPotion"},{"floor":10,"key":"SpeedPotion"},{"floor":16,"key":"PowerPotion"},{"floor":18,"key":"Dexterity Potion"},{"floor":22,"key":"GamblersBrew"}],"is_trial":false,"path_per_floor":["M","M","M","$","?","E","M","E","T","M","R","$","?","M","R","B",null,"M","M","$","?","M","E"],"character_chosen":"DEFECT","items_purchased":["Defragment","Conserve Battery","Steam","Gash","Bandage Up","Hologram"],"campfire_rested":2,"item_purchase_floors":[4,12,12,12,20,20],"current_hp_per_floor":[67,61,61,61,50,44,40,10,10,1,21,21,21,11,31,18,68,58,48,48,36,22,0],"gold":12,"neow_bonus":"ONE_RARE_RELIC","is_prod":false,"is_daily":false,"chose_seed":false,"campfire_upgraded":0,"win_rate":0,"timestamp":1565384666,"path_taken":["M","M","M","$","?","E","M","E","T","M","R","$","?","M","R","BOSS","M","M","$","?","M","E"],"build_version":"2019-07-17","purchased_purges":1,"victory":false,"max_hp_per_floor":[68,68,68,68,68,68,68,68,68,68,68,68,68,68,68,68,68,68,68,68,73,73,73],"card_choices":[{"not_picked":["Undo","Steam Power"],"picked":"FTL","floor":1},{"not_picked":["Redo","Stack"],"picked":"Gash","floor":2},{"not_picked":["Steam Power","Barrage"],"picked":"Beam Cell","floor":3},{"not_picked":["BootSequence","Beam Cell"],"picked":"FTL","floor":6},{"not_picked":["Thunder Strike","Turbo","Redo"],"picked":"SKIP","floor":7},{"not_picked":["Compile Driver","Buffer"],"picked":"Ball Lightning","floor":8},{"not_picked":["BootSequence","Stack"],"picked":"Gash","floor":10},{"not_picked":["FTL","Barrage"],"picked":"Leap","floor":14},{"not_picked":["Meteor Strike","Amplify"],"picked":"Reboot","floor":16},{"not_picked":["Consume"],"picked":"SKIP","floor":18},{"not_picked":[],"picked":"Go for the Eyes","floor":19},{"not_picked":["Force Field"],"picked":"SKIP","floor":22}],"player_experience":161296,"relics_obtained":[{"floor":6,"key":"Pen Nib"},{"floor":8,"key":"Blue Candle"},{"floor":9,"key":"Cables"}],"event_choices":[{"damage_healed":0,"gold_gain":75,"player_choice":"Gather Gold","damage_taken":11,"max_hp_gain":0,"max_hp_loss":0,"event_name":"World of Goop","floor":5,"gold_loss":0},{"damage_healed":0,"gold_gain":0,"player_choice":"Searched \u00270\u0027 times","damage_taken":0,"max_hp_gain":0,"max_hp_loss":0,"event_name":"Dead Adventurer","floor":13,"gold_loss":0},{"damage_healed":0,"gold_gain":0,"player_choice":"Shed Blood","damage_taken":17,"max_hp_gain":5,"max_hp_loss":0,"event_name":"Forgotten Altar","floor":21,"gold_loss":0}],"is_beta":false,"boss_relics":[{"not_picked":["Black Star","Runic Dome"],"picked":"Busted Crown"}],"items_purged_floors":[12],"is_endless":false,"potions_floor_spawned":[1,2,8,10,16,18,22],"killed_by":"Book of Stabbing","ascension_level":0}