{"gold_per_floor":[109,109,125,4,14,14,27,102,125,125,142,156,156,173,173,249,249,268,318,318,330,343,343,359,377,455,455,472,472,484,494,494,571,571,583,186,196,216,216,216,216,216,243,258,0,0,0,22,34,46],"floor_reached":50,"playtime":2333,"items_purged":["Strike_B","Defend_B+1"],"score":858,"play_id":"9956a359-542d-47c9-a706-a5737631a221","local_time":"20190303133642","is_ascension_mode":true,"campfire_choices":[{"data":"Beam Cell","floor":6.0,"key":"SMITH"},{"data":"Coolheaded","floor":13.0,"key":"SMITH"},{"data":"Doom and Gloom","floor":15.0,"key":"SMITH"},{"data":"Redo","floor":23.0,"key":"SMITH"},{"data":"Barrage","floor":27.0,"key":"SMITH"},{"data":"Reinforced Body","floor":32.0,"key":"SMITH"},{"data":"Buffer","floor":40,"key":"SMITH"},{"data":"Dualcast","floor":42,"key":"SMITH"},{"data":"Zap","floor":49,"key":"SMITH"}],"neow_cost":"TEN_PERCENT_HP_LOSS","seed_source_timestamp":2703288693012,"circlet_count":0,"master_deck":["AscendersBane","Defend_B+1","Defend_B+1","Defend_B+1","Zap+1","Dualcast+1","Reinforced Body+1","Barrage+1","Beam Cell+1","FTL","Reboot","Coolheaded+1","Doom and Gloom+1","Electrodynamics","Redo+1","Coolheaded+1","Steam","Echo Form","Hologram+1","All For One","Loop+1","Electrodynamics+1","Rainbow+1","Buffer+1","Stack","PanicButton"],"special_seed":0,"relics":["Cracked Core","Turnip","Regal Pillow","Coffee Dripper","Meat on the Bone","Astrolabe","Oddly Smooth Stone","PreservedInsect","Red Mask","MawBank"],"potions_floor_usage":[50,50],"damage_taken":[{"damage":1.0,"enemies":"Cultist","floor":1.0,"turns":4.0},{"damage":3.0,"enemies":"Small Slimes","floor":3.0,"turns":2.0},{"damage":1.0,"enemies":"2 Louse","floor":5.0,"turns":2.0},{"damage":5.0,"enemies":"Looter","floor":7.0,"turns":4.0},{"damage":0.0,"enemies":"Large Slime","floor":11.0,"turns":5.0},{"damage":0.0,"enemies":"Red Slaver","floor":12.0,"turns":2.0},{"damage":10.0,"enemies":"Lots of Slimes","floor":14.0,"turns":4.0},{"damage":0.0,"enemies":"Slime Boss","floor":16.0,"turns":8.0},{"damage":4.0,"enemies":"3 Byrds","floor":18.0,"turns":3.0},{"damage":21.0,"enemies":"2 Thieves","floor":21.0,"turns":3.0},{"damage":0.0,"enemies":"Sentry and Sphere","floor":22.0,"turns":4.0},{"damage":2.0,"enemies":"Chosen and Byrds","floor":24.0,"turns":4.0},{"damage":13.0,"enemies":"Snake Plant","floor":25.0,"turns":5.0},{"damage":0.0,"enemies":"Centurion and Healer","floor":28.0,"turns":5.0},{"damage":0.0,"enemies":"Chosen and Byrds","floor":30.0,"turns":4.0},{"damage":7.0,"enemies":"Sentry and Sphere","floor":31.0,"turns":4.0},{"damage":19.0,"enemies":"Champ","floor":33.0,"turns":15.0},{"damage":12,"enemies":"3 Darklings","floor":35,"turns":3},{"damage":4,"enemies":"Orb Walker","floor":37,"turns":4},{"damage":18,"enemies":"4 Shapes","floor":38,"turns":3},{"damage":0,"enemies":"3 Darklings","floor":44,"turns":2},{"damage":0,"enemies":"Jaw Worm Horde","floor":48,"turns":4},{"damage":15,"enemies":"Awakened One","floor":50,"turns":15}],"seed_played":"9064027694832321090","potions_obtained":[{"floor":3.0,"key":"Swift Potion"},{"floor":5.0,"key":"Fruit Juice"},{"floor":11.0,"key":"SpeedPotion"},{"floor":14.0,"key":"FocusPotion"},{"floor":21.0,"key":"GamblersBrew"}],"is_trial":false,"path_per_floor":["M","?","M","$","M","R","M","?","T","?","M","M","R","M","R","B",null,"M","?","?","M","M","R","M","M","T","R","M","?","M","M","R","B",null,"M","$","M","M","?","R","?","R","T","M","?","?","T","M","R","B"],"character_chosen":"DEFECT","items_purchased":["Beam Cell","Buffer","Oddly Smooth Stone"],"campfire_rested":0,"item_purchase_floors":[4,36,36],"current_hp_per_floor":[63,63,60,60,64,64,59,48,48,48,48,48,48,38,38,38,61,57,57,57,36,36,36,34,21,21,21,33,33,45,38,38,31,60,48,48,44,38,38,38,38,38,38,38,38,38,38,38,38,23],"gold":46,"neow_bonus":"ONE_RARE_RELIC","is_prod":false,"is_daily":false,"chose_seed":false,"campfire_upgraded":9,"win_rate":0,"timestamp":1551591402,"path_taken":["M","?","M","$","M","R","M","?","T","?","M","M","R","M","R","BOSS","M","?","?","M","M","R","?","M","T","R","?","?","M","M","R","BOSS","BOSS","M","$","M","M","?","R","?","R","T","M","?","?","?","M","R","BOSS"],"build_version":"2019-02-06","purchased_purges":2,"victory":false,"max_hp_per_floor":[64,64,64,64,69,69,69,69,69,69,69,69,69,69,69,69,69,69,69,69,69,69,69,69,69,69,69,69,69,69,69,69,69,69,69,69,69,69,66,66,66,66,66,66,66,66,66,66,66,66],"card_choices":[{"not_picked":["Cold Snap","Beam Cell"],"picked":"Reinforced Body","floor":1.0},{"not_picked":["Melter","Steam Power"],"picked":"Barrage","floor":3.0},{"not_picked":["Beam Cell","Go for the Eyes"],"picked":"FTL","floor":5.0},{"not_picked":["Melter","Beam Cell","Sweeping Beam"],"picked":"SKIP","floor":7.0},{"not_picked":["Storm","Turbo"],"picked":"Reboot","floor":11.0},{"not_picked":["Hello World","Beam Cell"],"picked":"Coolheaded","floor":12.0},{"not_picked":["Compile Driver","Genetic Algorithm"],"picked":"Doom and Gloom","floor":14.0},{"not_picked":["Core Surge","Machine Learning"],"picked":"Electrodynamics","floor":16.0},{"not_picked":["Redo","Scrape","Steam"],"picked":"SKIP","floor":18.0},{"not_picked":["Scrape","Steam"],"picked":"Redo","floor":18.0},{"not_picked":["Turbo","Cold Snap","Steam"],"picked":"SKIP","floor":21.0},{"not_picked":["Turbo","Cold Snap"],"picked":"Steam","floor":21.0},{"not_picked":["Blizzard","Static Discharge+1","Rip and Tear"],"picked":"SKIP","floor":22.0},{"not_picked":["Blizzard","Static Discharge+1","Rip and Tear"],"picked":"SKIP","floor":22.0},{"not_picked":["Redo","Turbo","Cold Snap"],"picked":"SKIP","floor":24.0},{"not_picked":["Scrape+1","Compile Driver","Sweeping Beam"],"picked":"SKIP","floor":25.0},{"not_picked":["Genetic Algorithm","Doom and Gloom"],"picked":"Echo Form","floor":28.0},{"not_picked":["Beam Cell","Barrage"],"picked":"Hologram+1","floor":30.0},{"not_picked":["Rebound","Redo","Steam+1"],"picked":"SKIP","floor":31.0},{"not_picked":["Electrodynamics","Hyperbeam"],"picked":"All For One","floor":33},{"not_picked":["Hologram","Loop","Ball Lightning+1"],"picked":"SKIP","floor":35},{"not_picked":["Hologram","Loop","Ball Lightning+1"],"picked":"SKIP","floor":35},{"not_picked":["Redo+1","Cold Snap","Streamline"],"picked":"SKIP","floor":37},{"not_picked":["Cold Snap+1","Aggregate"],"picked":"Stack","floor":38},{"not_picked":["Reboot","Chaos","Sweeping Beam+1"],"picked":"SKIP","floor":44},{"not_picked":["Mayhem","Transmutation"],"picked":"PanicButton","floor":46},{"not_picked":["Barrage","Stack","Sunder"],"picked":"SKIP","floor":48}],"player_experience":819680,"relics_obtained":[{"floor":9.0,"key":"Regal Pillow"},{"floor":26.0,"key":"Meat on the Bone"},{"floor":43,"key":"PreservedInsect"},{"floor":47,"key":"MawBank"}],"event_choices":[{"damage_healed":0.0,"max_hp_gain":0.0,"max_hp_loss":0.0,"gold_gain":0.0,"event_name":"Scrap Ooze","player_choice":"Fled","floor":2.0,"gold_loss":0.0,"damage_taken":0.0},{"damage_healed":0.0,"max_hp_gain":0.0,"max_hp_loss":0.0,"gold_gain":75.0,"event_name":"World of Goop","player_choice":"Gather Gold","floor":8.0,"gold_loss":0.0,"damage_taken":11.0},{"damage_healed":0.0,"max_hp_gain":0.0,"max_hp_loss":0.0,"gold_gain":0.0,"event_name":"Dead Adventurer","player_choice":"Searched \u00271\u0027 times","floor":10.0,"gold_loss":0.0,"damage_taken":0.0},{"damage_healed":0.0,"max_hp_gain":0.0,"max_hp_loss":0.0,"gold_gain":50.0,"event_name":"Nest","player_choice":"Stole From Cult","floor":19.0,"gold_loss":0.0,"damage_taken":0.0},{"damage_healed":0.0,"max_hp_gain":0.0,"max_hp_loss":0.0,"gold_gain":0.0,"event_name":"Duplicator","player_choice":"Copied","floor":20.0,"gold_loss":0.0,"damage_taken":0.0,"cards_obtained":["Coolheaded"]},{"damage_healed":0.0,"max_hp_gain":0.0,"max_hp_loss":0.0,"gold_gain":0.0,"event_name":"Back to Basics","player_choice":"Simplicity","floor":29.0,"gold_loss":0.0,"damage_taken":0.0,"cards_upgraded":["Strike_B","Strike_B","Strike_B","Defend_B","Defend_B","Defend_B","Defend_B"]},{"damage_healed":0,"gold_gain":0,"player_choice":"Max HP","damage_taken":0,"max_hp_gain":0,"max_hp_loss":3,"event_name":"Winding Halls","floor":39,"gold_loss":0},{"damage_healed":0,"gold_gain":0,"player_choice":"Ignored","damage_taken":0,"max_hp_gain":0,"max_hp_loss":0,"event_name":"Mysterious Sphere","floor":41,"gold_loss":0},{"damage_healed":0,"gold_gain":0,"player_choice":"Paid","damage_taken":0,"relics_obtained":["Red Mask"],"max_hp_gain":0,"max_hp_loss":0,"event_name":"Tomb of Lord Red Mask","floor":45,"gold_loss":258},{"damage_healed":0,"gold_gain":0,"player_choice":"Memory 1","damage_taken":0,"max_hp_gain":0,"max_hp_loss":0,"event_name":"SensoryStone","floor":46,"gold_loss":0}],"is_beta":true,"boss_relics":[{"not_picked":["Orrery","Calling Bell"],"picked":"Coffee Dripper"},{"not_picked":["Nuclear Battery","Eternal Feather"],"picked":"Astrolabe"}],"items_purged_floors":[4,36],"is_endless":false,"potions_floor_spawned":[3,5,11,14,21,22,25,30,31,33,37,38,44],"killed_by":"Awakened One","ascension_level":15}