{"gold_per_floor":[113,132,148,165,176,205,205,230,279,279,309,309,484,484,484,603,603,586,586,599,15,39,75,75,75],"floor_reached":25,"playtime":2406,"items_purged":["Doubt"],"score":301,"play_id":"668af7c9-0fb1-40e2-a457-3ba067832152","local_time":"20190810235710","is_ascension_mode":true,"campfire_choices":[{"data":"Malaise","floor":7,"key":"SMITH"},{"data":"Terror","floor":10,"key":"SMITH"},{"floor":12,"key":"REST"},{"floor":15,"key":"REST"},{"floor":24,"key":"REST"}],"neow_cost":"NONE","seed_source_timestamp":2166064731945899,"circlet_count":0,"master_deck":["Strike_G","Strike_G","Strike_G","Strike_G","Strike_G","Defend_G","Defend_G","Defend_G","Defend_G","Defend_G","Survivor","Neutralize","Well Laid Plans","Crippling Poison","Terror+1","Infinite Blades","Malaise+1","Caltrops","Adrenaline","Heel Hook","Necronomicurse","Deflect","Infinite Blades","Leg Sweep","Deflect+1","PiercingWail","Blade Dance"],"relics":["Ring of the Snake","Potion Belt","Tingsha","Happy Flower","Mummified Hand","Golden Idol","Fusion Hammer","Necronomicon","Bag of Marbles","Pantograph","Dream Catcher"],"potions_floor_usage":[6,8,11,11,23,25,25],"damage_taken":[{"damage":0,"enemies":"Cultist","floor":1,"turns":3},{"damage":7,"enemies":"Small Slimes","floor":2,"turns":8},{"damage":7,"enemies":"2 Louse","floor":3,"turns":4},{"damage":2,"enemies":"Blue Slaver","floor":4,"turns":5},{"damage":8,"enemies":"Red Slaver","floor":5,"turns":5},{"damage":18,"enemies":"3 Sentries","floor":6,"turns":10},{"damage":1,"enemies":"Lagavulin","floor":8,"turns":9},{"damage":11,"enemies":"Gremlin Nob","floor":11,"turns":5},{"damage":17,"enemies":"Hexaghost","floor":16,"turns":10},{"damage":8,"enemies":"2 Thieves","floor":18,"turns":4},{"damage":15,"enemies":"Shell Parasite","floor":20,"turns":5},{"damage":0,"enemies":"Chosen and Byrds","floor":22,"turns":6},{"damage":14,"enemies":"Slavers","floor":23,"turns":7},{"damage":37,"enemies":"Gremlin Leader","floor":25,"turns":10}],"seed_played":"-1654858708988411942","potions_obtained":[{"floor":2,"key":"Block Potion"},{"floor":3,"key":"Block Potion"},{"floor":5,"key":"GhostInAJar"},{"floor":6,"key":"EssenceOfSteel"},{"floor":16,"key":"EssenceOfSteel"},{"floor":20,"key":"SneckoOil"},{"floor":23,"key":"SteroidPotion"}],"is_trial":false,"path_per_floor":["M","M","M","M","M","E","R","E","T","R","E","R","?","?","R","B",null,"M","?","M","$","M","E","R","E"],"character_chosen":"THE_SILENT","items_purchased":["Bag of Marbles","Infinite Blades","Leg Sweep","Pantograph"],"campfire_rested":3,"item_purchase_floors":[21,21,21,21],"current_hp_per_floor":[77,70,63,61,53,35,35,34,34,34,23,46,46,27,50,33,66,58,42,27,27,27,13,36,0],"gold":75,"neow_bonus":"TEN_PERCENT_HP_BONUS","is_prod":false,"is_daily":false,"chose_seed":false,"campfire_upgraded":2,"win_rate":0,"timestamp":1565470630,"path_taken":["M","M","M","M","M","E","R","E","T","R","E","R","?","?","R","BOSS","M","?","M","$","M","E","R","E"],"build_version":"2019-07-17","purchased_purges":1,"victory":false,"max_hp_per_floor":[77,77,77,77,77,77,77,77,77,77,77,77,77,77,77,77,77,77,77,77,77,77,77,77,77],"card_choices":[{"not_picked":["Dagger Spray","Blur"],"picked":"Well Laid Plans","floor":1},{"not_picked":["Quick Slash","Acrobatics"],"picked":"Crippling Poison","floor":2},{"not_picked":["Quick Slash","Bane"],"picked":"Terror","floor":3},{"not_picked":["Outmaneuver","Quick Slash","Prepared"],"picked":"SKIP","floor":4},{"not_picked":["Calculated Gamble","Distraction"],"picked":"Infinite Blades","floor":5},{"not_picked":["Bane","Storm of Steel"],"picked":"Malaise","floor":6},{"not_picked":["Tactician","Dash"],"picked":"Caltrops","floor":8},{"not_picked":["Prepared","Bane","Well Laid Plans"],"picked":"SKIP","floor":11},{"not_picked":["Malaise","After Image"],"picked":"Adrenaline","floor":16},{"not_picked":["Sucker Punch","Deadly Poison+1"],"picked":"Heel Hook","floor":18},{"not_picked":["Bane","Finisher"],"picked":"Deflect","floor":20},{"not_picked":["Dagger Throw+1","Choke"],"picked":"Deflect+1","floor":22},{"not_picked":["Storm of Steel","Flying Knee"],"picked":"PiercingWail","floor":23},{"not_picked":["Deadly Poison","Outmaneuver+1"],"picked":"Blade Dance","floor":24}],"player_experience":148373,"relics_obtained":[{"floor":6,"key":"Potion Belt"},{"floor":8,"key":"Tingsha"},{"floor":9,"key":"Happy Flower"},{"floor":11,"key":"Mummified Hand"},{"floor":19,"key":"Necronomicon"},{"floor":23,"key":"Dream Catcher"}],"event_choices":[{"damage_healed":0,"gold_gain":175,"player_choice":"AGREE","damage_taken":0,"max_hp_gain":0,"max_hp_loss":0,"event_name":"Liars Game","floor":13,"gold_loss":0,"cards_obtained":["Doubt"]},{"damage_healed":0,"gold_gain":0,"player_choice":"Take Damage","damage_taken":19,"relics_obtained":["Golden Idol"],"max_hp_gain":0,"max_hp_loss":0,"event_name":"Golden Idol","floor":14,"gold_loss":0},{"damage_healed":0,"gold_gain":0,"player_choice":"Obtained Book","damage_taken":16,"max_hp_gain":0,"max_hp_loss":0,"event_name":"Cursed Tome","floor":19,"gold_loss":0}],"is_beta":false,"boss_relics":[{"not_picked":["Busted Crown","Empty Cage"],"picked":"Fusion Hammer"}],"items_purged_floors":[21],"is_endless":false,"potions_floor_spawned":[2,3,5,6,16,20,23],"killed_by":"Gremlin Leader","ascension_level":5}