{"gold_per_floor":[210,227,227,239,77,77,97,109,186,196,256,290,240,9,9,9],"floor_reached":16,"playtime":1910,"items_purged":["Strike_R","Strike_R"],"score":102,"play_id":"e76b1d9d-ae90-4829-9e8e-ca195e27baeb","local_time":"20190812174938","is_ascension_mode":false,"campfire_choices":[{"data":"Iron Wave","floor":6,"key":"SMITH"},{"floor":15,"key":"REST"}],"neow_cost":"NONE","seed_source_timestamp":86611664877400,"circlet_count":0,"master_deck":["Strike_R","Strike_R","Defend_R","Defend_R","Defend_R","Bash","Power Through","Bloodletting","Iron Wave+1","Pommel Strike","Power Through","Body Slam","Shrug It Off","Seeing Red","Headbutt","Seeing Red","Power Through"],"relics":["Burning Blood","Dodecahedron","Unceasing Top","Centennial Puzzle"],"potions_floor_usage":[11,12,16],"damage_taken":[{"damage":0,"enemies":"2 Louse","floor":1,"turns":2},{"damage":1,"enemies":"Cultist","floor":2,"turns":5},{"damage":0,"enemies":"Small Slimes","floor":4,"turns":3},{"damage":3,"enemies":"Blue Slaver","floor":7,"turns":4},{"damage":2,"enemies":"3 Louse","floor":8,"turns":3},{"damage":1,"enemies":"Gremlin Gang","floor":10,"turns":6},{"damage":21,"enemies":"3 Sentries","floor":11,"turns":12},{"damage":17,"enemies":"Gremlin Nob","floor":12,"turns":5},{"damage":88,"enemies":"Hexaghost","floor":16,"turns":15}],"seed_played":"7538648260406001834","potions_obtained":[{"floor":1,"key":"FairyPotion"},{"floor":4,"key":"GamblersBrew"},{"floor":11,"key":"SkillPotion"}],"is_trial":false,"path_per_floor":["M","M","?","M","$","R","M","M","T","M","?","E","?","$","R","B"],"character_chosen":"IRONCLAD","items_purchased":["Power Through","Strength Potion","SpeedPotion","Power Through"],"campfire_rested":1,"item_purchase_floors":[5,5,14,14],"current_hp_per_floor":[80,80,80,80,80,80,80,80,80,80,65,54,54,54,78,0],"gold":9,"neow_bonus":"HUNDRED_GOLD","is_prod":false,"is_daily":false,"chose_seed":false,"campfire_upgraded":1,"win_rate":0.0,"timestamp":1565646578,"path_taken":["M","M","?","?","$","R","M","M","T","M","?","E","?","$","R","BOSS"],"build_version":"2019-07-17","purchased_purges":2,"victory":false,"max_hp_per_floor":[80,80,80,80,80,80,80,80,80,80,80,80,80,80,80,80],"card_choices":[{"not_picked":["Heavy Blade","Dual Wield"],"picked":"Power Through","floor":1},{"not_picked":["Flex","Burning Pact"],"picked":"Bloodletting","floor":2},{"not_picked":["Clothesline","Twin Strike"],"picked":"Pommel Strike","floor":4},{"not_picked":["True Grit","Twin Strike"],"picked":"Body Slam","floor":7},{"not_picked":["Carnage","Body Slam"],"picked":"Shrug It Off","floor":8},{"not_picked":["Dark Embrace","Heavy Blade"],"picked":"Seeing Red","floor":10},{"not_picked":["Heavy Blade","Clash"],"picked":"Headbutt","floor":11},{"not_picked":["Warcry","Clash"],"picked":"Seeing Red","floor":12}],"player_experience":14843,"relics_obtained":[{"floor":9,"key":"Dodecahedron"},{"floor":12,"key":"Centennial Puzzle"}],"event_choices":[{"cards_removed":["Strike_R"],"damage_healed":0,"gold_gain":0,"player_choice":"Took Card","damage_taken":0,"max_hp_gain":0,"max_hp_loss":0,"event_name":"NoteForYourself","floor":3,"gold_loss":0,"cards_obtained":["Iron Wave"]},{"damage_healed":0,"gold_gain":0,"player_choice":"Searched \u00273\u0027 times","damage_taken":0,"relics_obtained":["Unceasing Top"],"max_hp_gain":0,"max_hp_loss":0,"event_name":"Dead Adventurer","floor":11,"gold_loss":0},{"cards_removed":["Defend_R"],"damage_healed":0,"gold_gain":0,"player_choice":"Card Removal","damage_taken":0,"max_hp_gain":0,"max_hp_loss":0,"event_name":"The Cleric","floor":13,"gold_loss":50}],"is_beta":false,"boss_relics":[],"items_purged_floors":[5,14],"is_endless":false,"potions_floor_spawned":[1,4,11],"killed_by":"Hexaghost","ascension_level":0}