{"gold_per_floor":[115,115,131,81,6,6,39,39,39,67,18,38,38,38,38,140,140,124,98,98,108,119,119,139,139,139,154,187,207,207,224,224,321,321,340,440,459,459,131,131,131],"floor_reached":41,"playtime":4024,"items_purged":["Strike_R","Defend_R"],"score":503,"play_id":"d70c6ca5-1dd0-4d35-8939-c96086d497b0","local_time":"20190715144306","is_ascension_mode":true,"campfire_choices":[{"data":"Bash","floor":6,"key":"SMITH"},{"floor":13,"key":"REST"},{"data":"Havoc","floor":15,"key":"SMITH"},{"data":"Armaments","floor":23,"key":"SMITH"},{"data":"Feel No Pain","floor":25,"key":"SMITH"},{"data":"Flame Barrier","floor":30,"key":"SMITH"},{"data":"Flex","floor":32,"key":"SMITH"},{"floor":40,"key":"REST"}],"neow_cost":"NONE","seed_source_timestamp":182803375615400,"circlet_count":0,"master_deck":["Strike_R","Strike_R","Defend_R","Defend_R","Bash+1","Feel No Pain+1","Shrug It Off","Clash","Exhume","Havoc+1","Clash","Impervious","Cleave+1","Flex+1","Shrug It Off+1","Armaments+1","Iron Wave+1","Limit Break","Flame Barrier+1","Barricade","Entrench+1","Battle Trance+1","Evolve"],"relics":["Burning Blood","PreservedInsect","Singing Bowl","Champion Belt","Sozu","Pocketwatch","Art of War","Fusion Hammer","Charon\u0027s Ashes","Medical Kit"],"potions_floor_usage":[7,16],"damage_taken":[{"damage":5,"enemies":"Cultist","floor":1,"turns":4},{"damage":4,"enemies":"Small Slimes","floor":3,"turns":4},{"damage":64,"enemies":"Lagavulin","floor":7,"turns":12},{"damage":16,"enemies":"3 Sentries","floor":10,"turns":16},{"damage":0,"enemies":"2 Louse","floor":12,"turns":6},{"damage":50,"enemies":"Slime Boss","floor":16,"turns":16},{"damage":8,"enemies":"2 Thieves","floor":18,"turns":4},{"damage":2,"enemies":"3 Byrds","floor":21,"turns":4},{"damage":4,"enemies":"Cultist and Chosen","floor":22,"turns":11},{"damage":7,"enemies":"Snecko","floor":24,"turns":6},{"damage":1,"enemies":"Shelled Parasite and Fungi","floor":27,"turns":4},{"damage":9,"enemies":"Slavers","floor":28,"turns":9},{"damage":14,"enemies":"Snake Plant","floor":29,"turns":5},{"damage":2,"enemies":"Chosen and Byrds","floor":31,"turns":6},{"damage":70,"enemies":"Champ","floor":33,"turns":16},{"damage":18,"enemies":"3 Darklings","floor":35,"turns":5},{"damage":27,"enemies":"Mind Bloom Boss Battle","floor":36,"turns":8},{"damage":53,"enemies":"3 Shapes","floor":37,"turns":3},{"damage":35,"enemies":"Reptomancer","floor":41,"turns":3}],"seed_played":"-9104278601887443104","potions_obtained":[{"floor":3,"key":"FearPotion"},{"floor":10,"key":"Regen Potion"}],"is_trial":false,"path_per_floor":["M","?","M","?","$","R","E","?","T","E","$","M","R","$","R","B",null,"M","$","?","M","M","R","M","R","T","M","E","M","R","M","R","B",null,"M","?","M","?","$","R","E"],"character_chosen":"IRONCLAD","items_purchased":["Havoc","Flex","Medical Kit","Evolve"],"campfire_rested":2,"item_purchase_floors":[11,19,39,39],"current_hp_per_floor":[80,85,85,85,85,85,27,20,20,10,10,16,41,41,41,12,85,83,83,83,85,85,85,84,84,84,85,82,74,74,80,80,16,87,75,56,9,9,9,35,0],"gold":131,"neow_bonus":"REMOVE_CARD","is_prod":false,"is_daily":false,"chose_seed":false,"campfire_upgraded":6,"win_rate":0,"timestamp":1563216186,"path_taken":["M","?","M","?","$","R","E","?","T","E","?","?","R","$","R","BOSS","M","$","?","M","M","R","M","R","T","M","E","M","R","M","R","BOSS","M","?","M","?","$","R","E"],"build_version":"2019-07-05","purchased_purges":2,"victory":false,"max_hp_per_floor":[80,85,85,85,85,85,85,85,85,85,85,85,85,85,85,85,85,85,85,85,85,85,85,85,85,85,85,85,85,85,87,87,87,87,87,89,89,89,89,89,89],"card_choices":[{"not_picked":["True Grit","Iron Wave"],"picked":"Feel No Pain","floor":1},{"not_picked":["Heavy Blade","Pommel Strike"],"picked":"Shrug It Off","floor":3},{"not_picked":["Juggernaut","Wild Strike"],"picked":"Clash","floor":7},{"not_picked":["Rage","Pommel Strike"],"picked":"Exhume","floor":10},{"not_picked":["Iron Wave","Rage"],"picked":"Clash","floor":12},{"not_picked":["Immolate","Berserk"],"picked":"Impervious","floor":16},{"not_picked":["Body Slam","Anger"],"picked":"Cleave+1","floor":18},{"not_picked":["Metallicize","Iron Wave"],"picked":"Shrug It Off+1","floor":21},{"not_picked":["Thunderclap","Perfected Strike"],"picked":"Armaments","floor":22},{"not_picked":["Pommel Strike","Anger"],"picked":"Iron Wave+1","floor":24},{"not_picked":["Rupture+1","Shrug It Off","Armaments"],"picked":"SKIP","floor":27},{"not_picked":["Body Slam","Headbutt"],"picked":"Limit Break","floor":28},{"not_picked":["True Grit","Sword Boomerang+1"],"picked":"Flame Barrier","floor":29},{"not_picked":["Whirlwind+1","Sword Boomerang","Clash"],"picked":"Singing Bowl","floor":31},{"not_picked":["Dark Embrace","Demon Form"],"picked":"Barricade","floor":33},{"not_picked":["Reckless Charge+1","Second Wind"],"picked":"Entrench+1","floor":35},{"not_picked":["Anger","Shrug It Off","Iron Wave"],"picked":"Singing Bowl","floor":36},{"not_picked":["Burning Pact+1","Headbutt"],"picked":"Battle Trance+1","floor":37}],"player_experience":170631,"relics_obtained":[{"floor":7,"key":"PreservedInsect"},{"floor":9,"key":"Singing Bowl"},{"floor":10,"key":"Champion Belt"},{"floor":26,"key":"Pocketwatch"},{"floor":28,"key":"Art of War"},{"floor":36,"key":"Charon\u0027s Ashes"}],"event_choices":[{"damage_healed":0,"gold_gain":0,"player_choice":"Donut","damage_taken":0,"max_hp_gain":5,"max_hp_loss":0,"event_name":"Big Fish","floor":2,"gold_loss":0},{"cards_removed":["Defend_R"],"damage_healed":0,"gold_gain":0,"player_choice":"Card Removal","damage_taken":0,"max_hp_gain":0,"max_hp_loss":0,"event_name":"The Cleric","floor":4,"gold_loss":50},{"cards_removed":["Strike_R"],"damage_healed":0,"gold_gain":0,"player_choice":"Card Removal","damage_taken":7,"max_hp_gain":0,"max_hp_loss":0,"event_name":"Golden Wing","floor":8,"gold_loss":0},{"damage_healed":0,"gold_gain":0,"player_choice":"Ignored","damage_taken":0,"max_hp_gain":0,"max_hp_loss":0,"event_name":"Ghosts","floor":20,"gold_loss":0},{"damage_healed":0,"gold_gain":0,"player_choice":"Fight","damage_taken":0,"max_hp_gain":0,"max_hp_loss":0,"event_name":"MindBloom","floor":36,"gold_loss":0},{"damage_healed":0,"gold_gain":0,"player_choice":"Ignored","damage_taken":0,"max_hp_gain":0,"max_hp_loss":0,"event_name":"Mysterious Sphere","floor":38,"gold_loss":0}],"is_beta":false,"boss_relics":[{"not_picked":["Black Star","Mark of Pain"],"picked":"Sozu"},{"not_picked":["Astrolabe","Philosopher\u0027s Stone"],"picked":"Fusion Hammer"}],"items_purged_floors":[5,39],"is_endless":false,"potions_floor_spawned":[3,10,18,24,28,31],"killed_by":"Reptomancer","ascension_level":4}