{"gold_per_floor":[109,123,138,138,213,213,246,257,284,304,304,331,342,355,355,355],"floor_reached":16,"playtime":3925,"items_purged":[],"score":114,"play_id":"09a28ff3-84e4-457c-8f7b-8cdd349a194e","local_time":"20190812182908","is_ascension_mode":false,"campfire_choices":[{"floor":6.0,"key":"RECALL"},{"floor":11,"key":"REST"},{"floor":15,"key":"REST"}],"neow_cost":"NONE","seed_source_timestamp":0,"circlet_count":0,"master_deck":["Strike_R","Strike_R","Defend_R","Defend_R","Defend_R","Defend_R","Bash","Battle Trance","Cleave","Disarm","Shockwave","Inflame","Warcry","Uppercut"],"special_seed":0,"relics":["Empty Cage","Lantern","Happy Flower"],"potions_floor_usage":[12,13,16],"damage_taken":[{"damage":1.0,"enemies":"2 Louse","floor":1.0,"turns":6.0},{"damage":10.0,"enemies":"Jaw Worm","floor":2.0,"turns":4.0},{"damage":1.0,"enemies":"Cultist","floor":3.0,"turns":3.0},{"damage":34.0,"enemies":"Gremlin Nob","floor":7.0,"turns":6.0},{"damage":6.0,"enemies":"3 Louse","floor":8.0,"turns":3.0},{"damage":7.0,"enemies":"Lots of Slimes","floor":10.0,"turns":3.0},{"damage":20,"enemies":"3 Sentries","floor":12,"turns":8},{"damage":5,"enemies":"Exordium Thugs","floor":13,"turns":5},{"damage":0,"enemies":"2 Fungi Beasts","floor":14,"turns":3},{"damage":37,"enemies":"Slime Boss","floor":16,"turns":8}],"seed_played":"-5628120903041493352","potions_obtained":[{"floor":1.0,"key":"Block Potion"},{"floor":7.0,"key":"Dexterity Potion"},{"floor":12,"key":"Energy Potion"},{"floor":13,"key":"LiquidBronze"}],"is_trial":false,"path_per_floor":["M","M","M","?","?","R","E","M","T","M","R","E","M","M","R","B"],"character_chosen":"IRONCLAD","items_purchased":[],"campfire_rested":2,"item_purchase_floors":[],"current_hp_per_floor":[79,69,68,68,60,60,26,20,20,13,37,17,12,12,36,0],"gold":355,"neow_bonus":"BOSS_RELIC","is_prod":false,"is_daily":false,"chose_seed":false,"campfire_upgraded":0,"win_rate":0,"timestamp":1565627348,"path_taken":["M","M","M","?","?","R","E","M","T","?","R","E","M","M","R","BOSS"],"build_version":"2019-07-17","purchased_purges":0,"victory":false,"max_hp_per_floor":[80,80,80,80,80,80,80,80,80,80,80,80,80,80,80,80],"card_choices":[{"not_picked":["Heavy Blade","Cleave"],"picked":"Battle Trance","floor":1.0},{"not_picked":["True Grit","Reckless Charge"],"picked":"Cleave","floor":2.0},{"not_picked":["Flex","Heavy Blade","Searing Blow"],"picked":"SKIP","floor":3.0},{"not_picked":["Flex","Thunderclap","Anger"],"picked":"SKIP","floor":7.0},{"not_picked":["Cleave","Anger"],"picked":"Disarm","floor":8.0},{"not_picked":["Flex","Twin Strike"],"picked":"Shockwave","floor":10.0},{"not_picked":["Twin Strike","Juggernaut"],"picked":"Inflame","floor":12},{"not_picked":["Searing Blow","Twin Strike"],"picked":"Warcry","floor":13},{"not_picked":["Perfected Strike","Warcry"],"picked":"Uppercut","floor":14}],"player_experience":159971,"relics_obtained":[{"floor":7.0,"key":"Lantern"},{"floor":12,"key":"Happy Flower"}],"event_choices":[{"cards_removed":["Strike_R"],"damage_healed":0.0,"max_hp_gain":0.0,"max_hp_loss":0.0,"gold_gain":0.0,"event_name":"Living Wall","player_choice":"Forget","floor":4.0,"gold_loss":0.0,"damage_taken":0.0},{"damage_healed":0.0,"max_hp_gain":0.0,"max_hp_loss":0.0,"gold_gain":75.0,"event_name":"FaceTrader","player_choice":"Touch","floor":5.0,"gold_loss":0.0,"damage_taken":8.0}],"is_beta":false,"boss_relics":[],"items_purged_floors":[],"is_endless":false,"potions_floor_spawned":[1,7,12,13],"killed_by":"Slime Boss","ascension_level":0}