{"gold_per_floor":[110,120,120,195,29,29,29,59,59,92,367,27,46,46],"floor_reached":14,"playtime":618,"items_purged":[],"score":230,"play_id":"1fe7e88b-d5fa-4366-918e-ae485d7695d4","local_time":"20190702120011","is_ascension_mode":true,"campfire_choices":[{"data":"Skewer","floor":6,"key":"SMITH"}],"neow_cost":"NONE","seed_source_timestamp":852439930790360,"circlet_count":0,"master_deck":["AscendersBane","Strike_G","Strike_G","Strike_G+1","Strike_G","Strike_G","Defend_G+1","Defend_G","Defend_G","Defend_G","Defend_G","Survivor","Neutralize","Skewer+1","PiercingWail","Parasite","PiercingWail+1","Cloak And Dagger+1","Regret","Deadly Poison+1"],"relics":["Ring of the Snake","NeowsBlessing","Oddly Smooth Stone","Toxic Egg 2","Ancient Tea Set","Letter Opener","Torii"],"potions_floor_usage":[],"damage_taken":[{"damage":0,"enemies":"Jaw Worm","floor":1,"turns":1},{"damage":0,"enemies":"Small Slimes","floor":2,"turns":1},{"damage":0,"enemies":"3 Sentries","floor":8,"turns":2},{"damage":37,"enemies":"Lagavulin","floor":10,"turns":8},{"damage":4,"enemies":"Cultist","floor":13,"turns":4},{"damage":3,"enemies":"Blue Slaver","floor":14,"turns":4}],"seed_played":"-1185315849697043217","potions_obtained":[{"floor":1,"key":"Ancient Potion"},{"floor":13,"key":"GhostInAJar"}],"is_trial":false,"path_per_floor":["M","M","?","?","$","R","?","E","T","E","?","$","M","M"],"character_chosen":"THE_SILENT","items_purchased":["Oddly Smooth Stone","Torii"],"campfire_rested":0,"item_purchase_floors":[5,12],"current_hp_per_floor":[59,59,39,28,28,28,44,44,44,7,7,7,3,0],"gold":46,"neow_bonus":"THREE_ENEMY_KILL","is_prod":false,"is_daily":false,"chose_seed":false,"campfire_upgraded":1,"win_rate":0,"timestamp":1562083211,"path_taken":["M","M","?","?","$","R","?","E","T","E","?","$","?","M"],"build_version":"2019-07-01","purchased_purges":0,"victory":false,"max_hp_per_floor":[66,66,66,66,66,66,66,66,66,66,66,66,66,66],"card_choices":[{"not_picked":["Outmaneuver","Dodge and Roll"],"picked":"Skewer","floor":1},{"not_picked":["Acrobatics","Predator"],"picked":"PiercingWail","floor":2},{"not_picked":["Envenom","Grand Finale"],"picked":"PiercingWail","floor":8},{"not_picked":["Poisoned Stab","Terror+1"],"picked":"Cloak And Dagger+1","floor":10},{"not_picked":["Underhanded Strike","Leg Sweep+1"],"picked":"Deadly Poison+1","floor":13}],"player_experience":2371144,"relics_obtained":[{"floor":8,"key":"Toxic Egg 2"},{"floor":9,"key":"Ancient Tea Set"},{"floor":10,"key":"Letter Opener"}],"event_choices":[{"damage_healed":0,"gold_gain":0,"player_choice":"Entered Light","damage_taken":20,"max_hp_gain":0,"max_hp_loss":0,"event_name":"Shining Light","floor":3,"gold_loss":0,"cards_upgraded":["Strike_G","Defend_G"]},{"damage_healed":0,"gold_gain":75,"player_choice":"Gather Gold","damage_taken":11,"max_hp_gain":0,"max_hp_loss":0,"event_name":"World of Goop","floor":4,"gold_loss":0},{"damage_healed":16,"gold_gain":0,"player_choice":"Healed and dodged fight","damage_taken":0,"max_hp_gain":0,"max_hp_loss":0,"event_name":"Mushrooms","floor":7,"gold_loss":0,"cards_obtained":["Parasite"]},{"damage_healed":0,"gold_gain":275,"player_choice":"Desecrate","damage_taken":0,"max_hp_gain":0,"max_hp_loss":0,"event_name":"Golden Shrine","floor":11,"gold_loss":0,"cards_obtained":["Regret"]}],"is_beta":false,"boss_relics":[],"items_purged_floors":[],"is_endless":false,"potions_floor_spawned":[1,13],"killed_by":"Blue Slaver","ascension_level":18}