{"gold_per_floor":[113,140,155,155,166,166,194,204,204,236,246,281,300,250,250,347,347,367,466,480,107,107,107,120,120,120,139,139,156,156,181,181,285,285,302,99,99,29,46,46,60,60,60,72,72,72],"floor_reached":46,"playtime":3825,"items_purged":["Strike_R"],"score":581,"play_id":"14bbee6e-c435-47cb-a2d5-7a6263d364d0","local_time":"20190805222028","is_ascension_mode":true,"campfire_choices":[{"data":"Armaments","floor":6,"key":"SMITH"},{"floor":15,"key":"REST"},{"data":"Mayhem","floor":23,"key":"SMITH"},{"data":"Warcry","floor":25,"key":"SMITH"},{"data":"Combust","floor":30,"key":"SMITH"},{"data":"Flex","floor":32,"key":"SMITH"},{"data":"Metallicize","floor":40,"key":"SMITH"},{"data":"Flex","floor":42,"key":"SMITH"}],"neow_cost":"NONE","seed_source_timestamp":1726822930916800,"circlet_count":0,"master_deck":["Strike_R","Strike_R","Defend_R","Defend_R","Defend_R","Defend_R","Bash","Limit Break","Flex+1","Flex+1","Armaments+1","Combust+1","Clothesline","Warcry+1","Combust","Juggernaut","Flex","Immolate+1","Inflame+1","Mayhem+1","Sword Boomerang+1","Inflame","Combust+1","Havoc+1","Heavy Blade+1","Reaper+1","Sword Boomerang+1","Warcry+1","Metallicize+1","Pummel+1","Anger+1","Swift Strike+1"],"relics":["Burning Blood","Regal Pillow","Unceasing Top","Pantograph","Self Forming Clay","Molten Egg 2","Coffee Dripper","FaceOfCleric","Kunai","Red Mask","Runic Dome","ClockworkSouvenir","Ancient Tea Set"],"potions_floor_usage":[7,7,10,16,16,20,29,33],"damage_taken":[{"damage":5,"enemies":"Cultist","floor":1,"turns":4},{"damage":7,"enemies":"Small Slimes","floor":3,"turns":3},{"damage":0,"enemies":"2 Louse","floor":5,"turns":3},{"damage":25,"enemies":"3 Sentries","floor":7,"turns":11},{"damage":7,"enemies":"Red Slaver","floor":8,"turns":4},{"damage":32,"enemies":"Lagavulin","floor":10,"turns":8},{"damage":6,"enemies":"Exordium Wildlife","floor":11,"turns":3},{"damage":23,"enemies":"3 Sentries","floor":12,"turns":5},{"damage":11,"enemies":"Large Slime","floor":13,"turns":5},{"damage":51,"enemies":"Hexaghost","floor":16,"turns":7},{"damage":21,"enemies":"Spheric Guardian","floor":18,"turns":4},{"damage":18,"enemies":"2 Thieves","floor":20,"turns":3},{"damage":12,"enemies":"3 Cultists","floor":24,"turns":4},{"damage":7,"enemies":"Cultist and Chosen","floor":27,"turns":4},{"damage":28,"enemies":"Snake Plant","floor":29,"turns":3},{"damage":1,"enemies":"Masked Bandits","floor":31,"turns":2},{"damage":28,"enemies":"Collector","floor":33,"turns":7},{"damage":33,"enemies":"3 Darklings","floor":35,"turns":3},{"damage":18,"enemies":"3 Shapes","floor":39,"turns":3},{"damage":13,"enemies":"Spire Growth","floor":41,"turns":3},{"damage":47,"enemies":"Transient","floor":44,"turns":5},{"damage":24,"enemies":"Writhing Mass","floor":46,"turns":3}],"seed_played":"2079795991666340887","potions_obtained":[{"floor":3,"key":"SkillPotion"},{"floor":4,"key":"BloodPotion"},{"floor":4,"key":"Block Potion"},{"floor":10,"key":"GamblersBrew"},{"floor":12,"key":"Swift Potion"},{"floor":13,"key":"Poison Potion"},{"floor":16,"key":"Regen Potion"},{"floor":24,"key":"EssenceOfSteel"},{"floor":27,"key":"AttackPotion"},{"floor":29,"key":"Ancient Potion"},{"floor":44,"key":"Dexterity Potion"}],"is_trial":false,"path_per_floor":["M","T","M","?","M","R","E","M","T","E","M","E","M","?","R","B",null,"M","?","M","$","?","R","M","R","T","M","?","M","R","?","R","B",null,"M","$","?","$","M","R","M","R","T","M","?","M"],"character_chosen":"IRONCLAD","items_purchased":["Mayhem","Sword Boomerang+1","Inflame","ClockworkSouvenir","Metallicize"],"campfire_rested":1,"item_purchase_floors":[21,21,21,36,38],"current_hp_per_floor":[80,80,79,79,80,80,61,60,60,54,54,37,32,32,71,35,69,54,54,51,51,51,51,46,46,46,46,46,25,25,31,31,35,73,47,47,47,47,36,36,45,45,45,24,24,0],"gold":72,"neow_bonus":"ONE_RANDOM_RARE_CARD","is_prod":false,"is_daily":false,"chose_seed":false,"campfire_upgraded":7,"win_rate":0,"timestamp":1565032828,"path_taken":["M","?","M","?","M","R","E","?","T","E","M","E","M","?","R","BOSS","M","?","M","$","?","R","?","R","T","M","?","M","R","?","R","BOSS","M","$","?","$","?","R","M","R","T","M","?","M"],"build_version":"2019-07-17","purchased_purges":1,"victory":false,"max_hp_per_floor":[80,80,80,80,80,80,80,80,80,80,80,80,80,80,80,80,80,80,80,80,80,80,80,81,81,81,82,82,83,83,84,84,85,85,86,86,86,86,87,87,88,88,88,89,89,89],"card_choices":[{"not_picked":["Flame Barrier","Disarm"],"picked":"Flex","floor":1},{"not_picked":["Headbutt","Reckless Charge"],"picked":"Flex","floor":3},{"not_picked":["Warcry","Dropkick"],"picked":"Armaments","floor":5},{"not_picked":["Bloodletting","Sword Boomerang"],"picked":"Combust","floor":7},{"not_picked":["Body Slam","Perfected Strike"],"picked":"Clothesline","floor":8},{"not_picked":["Havoc","Iron Wave"],"picked":"Warcry","floor":10},{"not_picked":["Entrench","Cleave"],"picked":"Combust","floor":11},{"not_picked":["Dual Wield","Twin Strike"],"picked":"Juggernaut","floor":12},{"not_picked":["Burning Pact","Cleave+1"],"picked":"Flex","floor":13},{"not_picked":["Offering","Reaper+1"],"picked":"Immolate+1","floor":16},{"not_picked":["Perfected Strike+1","Clash+1","Iron Wave+1"],"picked":"SKIP","floor":18},{"not_picked":["Pommel Strike+1","Clash+1"],"picked":"Inflame+1","floor":20},{"not_picked":["Shockwave","Clothesline+1"],"picked":"Combust+1","floor":24},{"not_picked":["Headbutt+1","Anger+1","Evolve"],"picked":"SKIP","floor":27},{"not_picked":["Second Wind","Thunderclap+1"],"picked":"Havoc+1","floor":29},{"not_picked":["True Grit","Inflame"],"picked":"Heavy Blade+1","floor":31},{"not_picked":["Feed+1","Immolate+1"],"picked":"Reaper+1","floor":33},{"not_picked":["Anger+1","Twin Strike+1"],"picked":"Sword Boomerang+1","floor":35},{"not_picked":["Sword Boomerang+1","Wild Strike+1"],"picked":"Pummel+1","floor":39},{"not_picked":["Rampage+1","Thunderclap+1","True Grit+1"],"picked":"SKIP","floor":41},{"not_picked":["Headbutt+1","Twin Strike+1"],"picked":"Anger+1","floor":44},{"not_picked":["Enlightenment","Discovery"],"picked":"Swift Strike+1","floor":45}],"player_experience":69794,"relics_obtained":[{"floor":2,"key":"Regal Pillow"},{"floor":7,"key":"Unceasing Top"},{"floor":9,"key":"Pantograph"},{"floor":10,"key":"Self Forming Clay"},{"floor":12,"key":"Molten Egg 2"},{"floor":26,"key":"Kunai"},{"floor":31,"key":"Red Mask"},{"floor":43,"key":"Ancient Tea Set"}],"event_choices":[{"damage_healed":0,"gold_gain":0,"player_choice":"Got Potions","damage_taken":0,"max_hp_gain":0,"max_hp_loss":0,"event_name":"Lab","floor":4,"gold_loss":0},{"cards_removed":["Strike_R"],"damage_healed":0,"gold_gain":0,"player_choice":"Card Removal","damage_taken":0,"max_hp_gain":0,"max_hp_loss":0,"event_name":"The Cleric","floor":14,"gold_loss":50},{"damage_healed":0,"gold_gain":99,"player_choice":"Stole From Cult","damage_taken":0,"max_hp_gain":0,"max_hp_loss":0,"event_name":"Nest","floor":19,"gold_loss":0},{"damage_healed":0,"gold_gain":0,"player_choice":"Trade","damage_taken":0,"relics_obtained":["FaceOfCleric"],"max_hp_gain":0,"max_hp_loss":0,"event_name":"FaceTrader","floor":22,"gold_loss":0},{"cards_removed":["Strike_R"],"damage_healed":0,"gold_gain":0,"player_choice":"Elegance","damage_taken":0,"max_hp_gain":0,"max_hp_loss":0,"event_name":"Back to Basics","floor":28,"gold_loss":0},{"damage_healed":0,"gold_gain":0,"player_choice":"Fought Bandits","damage_taken":0,"max_hp_gain":0,"max_hp_loss":0,"event_name":"Masked Bandits","floor":31,"gold_loss":0},{"damage_healed":0,"gold_gain":0,"player_choice":"Copied","damage_taken":0,"max_hp_gain":0,"max_hp_loss":0,"event_name":"Duplicator","floor":37,"gold_loss":0,"cards_obtained":["Warcry"]},{"damage_healed":0,"gold_gain":0,"player_choice":"Memory 1","damage_taken":0,"max_hp_gain":0,"max_hp_loss":0,"event_name":"SensoryStone","floor":45,"gold_loss":0}],"is_beta":false,"boss_relics":[{"not_picked":["Orrery","Tiny House"],"picked":"Coffee Dripper"},{"not_picked":["Calling Bell","Runic Cube"],"picked":"Runic Dome"}],"items_purged_floors":[21],"is_endless":false,"potions_floor_spawned":[3,10,12,13,16,24,27,29,44],"killed_by":"Writhing Mass","ascension_level":5}