{"gold_per_floor":[219,234,153,153,164,164,199,199,199,199,231,231,231],"floor_reached":13,"playtime":826,"items_purged":[],"score":173,"play_id":"ee6a7019-7f6d-4848-a263-ec413324d4b8","local_time":"20190705084551","is_ascension_mode":true,"campfire_choices":[{"data":"Neutralize","floor":6,"key":"SMITH"},{"floor":8,"key":"REST"},{"floor":12,"key":"REST"}],"neow_cost":"NONE","seed_source_timestamp":41052502393833,"circlet_count":0,"master_deck":["AscendersBane","Strike_G","Strike_G","Strike_G","Strike_G","Defend_G","Defend_G","Defend_G","Defend_G","Defend_G","Survivor","Neutralize+1","Backstab","Well Laid Plans","Poisoned Stab","Corpse Explosion","Backstab"],"special_seed":0,"relics":["Ring of the Snake","Tough Bandages","Ornamental Fan","Incense Burner"],"potions_floor_usage":[11],"damage_taken":[{"damage":7,"enemies":"Small Slimes","floor":1,"turns":5},{"damage":1,"enemies":"Cultist","floor":2,"turns":5},{"damage":2,"enemies":"Jaw Worm","floor":5,"turns":4},{"damage":43,"enemies":"Gremlin Nob","floor":7,"turns":5},{"damage":16,"enemies":"Lagavulin","floor":11,"turns":6},{"damage":42,"enemies":"Gremlin Nob","floor":13,"turns":4}],"seed_played":"7811586296010237703","potions_obtained":[{"floor":5,"key":"EssenceOfSteel"}],"is_trial":false,"path_per_floor":["M","M","$","?","M","R","E","R","T","?","E","R","E"],"character_chosen":"THE_SILENT","items_purchased":["Well Laid Plans"],"campfire_rested":2,"item_purchase_floors":[3],"current_hp_per_floor":[52,51,51,56,54,54,11,32,32,32,16,37,0],"gold":231,"neow_bonus":"HUNDRED_GOLD","is_prod":false,"is_daily":false,"chose_seed":false,"campfire_upgraded":1,"win_rate":0,"timestamp":1562330751,"path_taken":["M","M","$","?","M","R","E","R","T","?","E","R","E"],"build_version":"2019-07-01","purchased_purges":0,"victory":false,"max_hp_per_floor":[66,66,66,71,71,71,71,71,71,71,71,71,71],"card_choices":[{"not_picked":["Outmaneuver","Riddle With Holes","Blade Dance"],"picked":"SKIP","floor":1},{"not_picked":["Footwork","Cloak And Dagger"],"picked":"Backstab","floor":2},{"not_picked":["Catalyst","Quick Slash"],"picked":"Poisoned Stab","floor":5},{"not_picked":["Bane","A Thousand Cuts"],"picked":"Corpse Explosion","floor":7},{"not_picked":["Bane","Eviscerate"],"picked":"Backstab","floor":11}],"player_experience":2386984,"relics_obtained":[{"floor":7,"key":"Tough Bandages"},{"floor":9,"key":"Ornamental Fan"},{"floor":11,"key":"Incense Burner"}],"event_choices":[{"damage_healed":0,"gold_gain":0,"player_choice":"Donut","damage_taken":0,"max_hp_gain":5,"max_hp_loss":0,"event_name":"Big Fish","floor":4,"gold_loss":0},{"cards_removed":["Strike_G"],"damage_healed":0,"gold_gain":0,"player_choice":"Offered Basic","damage_taken":0,"max_hp_gain":0,"max_hp_loss":0,"event_name":"Bonfire Elementals","floor":10,"gold_loss":0}],"is_beta":false,"boss_relics":[],"items_purged_floors":[],"is_endless":false,"potions_floor_spawned":[5],"killed_by":"Gremlin Nob","ascension_level":18}