{"gold_per_floor":[115,115,115,115,132,132,158,158,226,245,277,277,306,324,324,400,450,469,359,379,379,393,393,393,49,74,104,121,134,149,183,183,257,257,269,315,315,328,340,340,368,368,368,368,383,383,483,510,510,510,510,510,510,18,53,53],"floor_reached":57,"playtime":10619,"items_purged":["Defend_G"],"score":3111,"play_id":"4dbb7506-42c5-425c-b480-27e3d0c68a93","local_time":"20190812213710","is_ascension_mode":true,"campfire_choices":[{"data":"Neutralize","floor":6.0,"key":"SMITH"},{"data":"Well Laid Plans","floor":8.0,"key":"SMITH"},{"data":"Bouncing Flask","floor":12.0,"key":"SMITH"},{"data":"Night Terror","floor":15.0,"key":"SMITH"},{"data":"Wraith Form v2","floor":23.0,"key":"SMITH"},{"data":"Wraith Form v2","floor":32.0,"key":"SMITH"},{"data":"Noxious Fumes","floor":40.0,"key":"SMITH"},{"floor":42.0,"key":"RECALL"},{"data":"Caltrops","floor":44.0,"key":"SMITH"},{"data":"Secret Technique","floor":46.0,"key":"SMITH"},{"data":"Deadly Poison","floor":49.0,"key":"SMITH"},{"data":"Acrobatics","floor":53.0,"key":"SMITH"}],"neow_cost":"NONE","seed_source_timestamp":375685277452000,"circlet_count":0,"master_deck":["AscendersBane","Defend_G","Defend_G","Defend_G+1","Defend_G+1","Survivor","Neutralize+1","Flying Knee","Well Laid Plans+1","Quick Slash","Bouncing Flask+1","Deadly Poison+1","Night Terror+1","Wraith Form v2+1","Dagger Spray","Bite","Bite","Bite","Bite","Bite","RitualDagger","Wraith Form v2+1","Noxious Fumes+1","Acrobatics+1","After Image","Expertise+1","Caltrops+1","Flash of Steel","Secret Technique+1","Acrobatics+1","Acrobatics+1","Caltrops","Acrobatics"],"special_seed":0,"relics":["Ring of the Snake","NeowsBlessing","Paper Crane","Omamori","Meat on the Bone","Thread and Needle","Pantograph","Tiny House","Bottled Tornado","Shuriken","Happy Flower","HoveringKite","FossilizedHelix","Art of War","Kunai","Incense Burner","Pear","Lantern","Snake Skull"],"potions_floor_usage":[56,56],"damage_taken":[{"damage":0.0,"enemies":"Small Slimes","floor":1.0,"turns":1.0},{"damage":0.0,"enemies":"Cultist","floor":5.0,"turns":1.0},{"damage":0.0,"enemies":"Gremlin Nob","floor":7.0,"turns":1.0},{"damage":2.0,"enemies":"Jaw Worm","floor":10.0,"turns":3.0},{"damage":17.0,"enemies":"Lagavulin","floor":11.0,"turns":6.0},{"damage":18.0,"enemies":"Gremlin Nob","floor":13.0,"turns":4.0},{"damage":6.0,"enemies":"Gremlin Gang","floor":14.0,"turns":5.0},{"damage":4.0,"enemies":"The Guardian","floor":16.0,"turns":9.0},{"damage":19.0,"enemies":"3 Byrds","floor":18.0,"turns":7.0},{"damage":0.0,"enemies":"Chosen","floor":20.0,"turns":7.0},{"damage":36.0,"enemies":"3 Cultists","floor":22.0,"turns":6.0},{"damage":6.0,"enemies":"Gremlin Leader","floor":27.0,"turns":12.0},{"damage":0.0,"enemies":"Snake Plant","floor":28.0,"turns":7.0},{"damage":0.0,"enemies":"Cultist and Chosen","floor":29.0,"turns":9.0},{"damage":8.0,"enemies":"Centurion and Healer","floor":30.0,"turns":11.0},{"damage":31.0,"enemies":"Book of Stabbing","floor":31.0,"turns":9.0},{"damage":12.0,"enemies":"Collector","floor":33.0,"turns":11.0},{"damage":0.0,"enemies":"3 Darklings","floor":35.0,"turns":6.0},{"damage":1.0,"enemies":"2 Orb Walkers","floor":36.0,"turns":11.0},{"damage":0.0,"enemies":"Orb Walker","floor":38.0,"turns":4.0},{"damage":0.0,"enemies":"Maw","floor":39.0,"turns":9.0},{"damage":0.0,"enemies":"Reptomancer","floor":41.0,"turns":9.0},{"damage":0.0,"enemies":"3 Darklings","floor":45.0,"turns":4.0},{"damage":1.0,"enemies":"Mind Bloom Boss Battle","floor":47.0,"turns":5.0},{"damage":0.0,"enemies":"Giant Head","floor":48.0,"turns":12.0},{"damage":0.0,"enemies":"Time Eater","floor":50.0,"turns":17.0},{"damage":0.0,"enemies":"Donu and Deca","floor":51.0,"turns":12.0},{"damage":0.0,"enemies":"Shield and Spear","floor":55.0,"turns":8.0},{"damage":28,"enemies":"The Heart","floor":56,"turns":11}],"seed_played":"3331300841867769304","potions_obtained":[{"floor":5.0,"key":"Poison Potion"},{"floor":10.0,"key":"Fruit Juice"},{"floor":13.0,"key":"EssenceOfSteel"},{"floor":17.0,"key":"PowerPotion"},{"floor":18.0,"key":"Explosive Potion"},{"floor":22.0,"key":"Weak Potion"},{"floor":29.0,"key":"Ancient Potion"},{"floor":36.0,"key":"Poison Potion"}],"is_trial":false,"path_per_floor":["M","?","?","?","M","R","E","R","T","M","E","R","E","M","R","B",null,"M","?","M","?","M","R","?","$","T","E","M","M","M","E","R","B",null,"M","?","?","M","M","R","E","R","T","R","M","R","?","E","R","B","B",null,"R","$","E","B",null],"character_chosen":"THE_SILENT","items_purchased":["Bottled Tornado","Wraith Form v2","Caltrops","EssenceOfSteel","EssenceOfSteel","Acrobatics","Lantern"],"campfire_rested":0,"item_purchase_floors":[25,25,54,54,54,54,54],"current_hp_per_floor":[59,64,53,53,53,53,53,53,53,51,46,46,40,46,46,67,75,61,61,61,56,40,40,34,34,34,54,56,56,56,35,35,56,56,56,56,46,54,56,56,56,56,56,56,56,56,55,66,66,66,66,66,66,66,66,50],"gold":53,"neow_bonus":"THREE_ENEMY_KILL","is_prod":false,"is_daily":false,"chose_seed":false,"campfire_upgraded":11,"win_rate":0,"timestamp":1565660230,"path_taken":["M","?","?","?","?","R","E","R","T","M","E","R","E","M","R","BOSS","M","?","?","?","M","R","?","?","T","E","?","M","M","E","R","BOSS","M","?","?","M","?","R","E","R","T","R","?","R","?","E","R","BOSS","BOSS","R","$","E","BOSS"],"build_version":"2019-07-17","purchased_purges":1,"victory":true,"max_hp_per_floor":[66,71,71,71,71,71,71,71,71,71,71,71,71,71,71,71,76,81,81,81,56,56,56,56,56,56,56,56,56,56,56,56,56,56,56,56,56,56,56,56,56,56,56,56,56,56,56,66,66,66,66,66,66,66,66,66],"card_choices":[{"not_picked":["Underhanded Strike","All Out Attack"],"picked":"Flying Knee","floor":1.0},{"not_picked":["Bane","Flechettes"],"picked":"Well Laid Plans","floor":5.0},{"not_picked":["Poisoned Stab","Bouncing Flask"],"picked":"Quick Slash","floor":7.0},{"not_picked":["Catalyst","Dodge and Roll"],"picked":"Bouncing Flask","floor":10.0},{"not_picked":["Quick Slash","Infinite Blades"],"picked":"Deadly Poison","floor":11.0},{"not_picked":["Storm of Steel","Skewer"],"picked":"Night Terror","floor":13.0},{"not_picked":["Outmaneuver","Well Laid Plans","Blade Dance"],"picked":"SKIP","floor":14.0},{"not_picked":["Unload","Venomology"],"picked":"Wraith Form v2","floor":16.0},{"not_picked":["Terror","Heel Hook"],"picked":"Dagger Spray","floor":17.0},{"not_picked":["Poisoned Stab","Bane","Dagger Throw"],"picked":"SKIP","floor":18.0},{"not_picked":["Dagger Spray","Cloak And Dagger","Calculated Gamble"],"picked":"SKIP","floor":20.0},{"not_picked":["Quick Slash","Deadly Poison","Backstab"],"picked":"SKIP","floor":22.0},{"not_picked":["Well Laid Plans","Cloak And Dagger","Dagger Spray"],"picked":"SKIP","floor":27.0},{"not_picked":["Blade Dance","Quick Slash","Deadly Poison"],"picked":"SKIP","floor":28.0},{"not_picked":["Tactician","Cloak And Dagger","Dagger Throw"],"picked":"SKIP","floor":29.0},{"not_picked":["Poisoned Stab","Bane"],"picked":"Noxious Fumes","floor":30.0},{"not_picked":["Choke","Dagger Spray"],"picked":"Acrobatics+1","floor":31.0},{"not_picked":["Glass Knife","Malaise"],"picked":"After Image","floor":33.0},{"not_picked":["PiercingWail","Bane"],"picked":"Expertise+1","floor":35.0},{"not_picked":["Poisoned Stab","PiercingWail+1"],"picked":"Caltrops","floor":36.0},{"not_picked":["Mind Blast","Sadistic Nature"],"picked":"Flash of Steel","floor":37.0},{"not_picked":["Blind","Sadistic Nature"],"picked":"Secret Technique","floor":37.0},{"not_picked":["Dash","Flying Knee","Blade Dance"],"picked":"SKIP","floor":38.0},{"not_picked":["Deflect+1","Calculated Gamble+1","Dagger Spray+1"],"picked":"SKIP","floor":39.0},{"not_picked":["Riddle With Holes","Bouncing Flask","Flying Knee+1"],"picked":"SKIP","floor":41.0},{"not_picked":["Sucker Punch","Bane"],"picked":"Acrobatics","floor":45.0},{"not_picked":["Underhanded Strike","Well Laid Plans"],"picked":"Acrobatics+1","floor":47.0},{"not_picked":["Slice","Infinite Blades","Crippling Poison"],"picked":"SKIP","floor":48.0},{"not_picked":["Outmaneuver","Dagger Spray","Eviscerate+1"],"picked":"SKIP","floor":55.0}],"player_experience":2662204,"relics_obtained":[{"floor":7.0,"key":"Omamori"},{"floor":9.0,"key":"Meat on the Bone"},{"floor":11.0,"key":"Thread and Needle"},{"floor":13.0,"key":"Pantograph"},{"floor":27.0,"key":"Shuriken"},{"floor":31.0,"key":"Happy Flower"},{"floor":36.0,"key":"FossilizedHelix"},{"floor":41.0,"key":"Art of War"},{"floor":43.0,"key":"Kunai"},{"floor":47.0,"key":"Incense Burner"},{"floor":48.0,"key":"Pear"},{"floor":55.0,"key":"Snake Skull"}],"event_choices":[{"damage_healed":0.0,"max_hp_gain":5.0,"max_hp_loss":0.0,"gold_gain":0.0,"event_name":"Big Fish","player_choice":"Donut","floor":2.0,"gold_loss":0.0,"damage_taken":0.0},{"damage_healed":0.0,"max_hp_gain":0.0,"max_hp_loss":0.0,"gold_gain":0.0,"event_name":"Scrap Ooze","player_choice":"Success","floor":3.0,"gold_loss":0.0,"damage_taken":11.0,"relics_obtained":["Paper Crane"]},{"damage_healed":0.0,"max_hp_gain":0.0,"max_hp_loss":0.0,"gold_gain":0.0,"event_name":"FaceTrader","player_choice":"Leave","floor":4.0,"gold_loss":0.0,"damage_taken":0.0},{"cards_removed":["Strike_G"],"damage_healed":0.0,"max_hp_gain":0.0,"max_hp_loss":0.0,"gold_gain":0.0,"event_name":"Designer","player_choice":"Upgrade and Remove","floor":19.0,"gold_loss":110.0,"damage_taken":0.0,"cards_upgraded":["Defend_G"]},{"damage_healed":0.0,"max_hp_gain":0.0,"max_hp_loss":25.0,"gold_gain":0.0,"event_name":"Vampires","player_choice":"Became a vampire","floor":21.0,"gold_loss":0.0,"damage_taken":0.0,"cards_obtained":["Bite","Bite","Bite","Bite","Bite"]},{"damage_healed":0.0,"max_hp_gain":0.0,"max_hp_loss":0.0,"gold_gain":0.0,"event_name":"Nest","player_choice":"Joined the Cult","floor":24.0,"gold_loss":0.0,"damage_taken":6.0,"cards_obtained":["RitualDagger"]},{"damage_healed":0.0,"max_hp_gain":0.0,"max_hp_loss":0.0,"gold_gain":0.0,"event_name":"Mysterious Sphere","player_choice":"Fight","floor":36.0,"gold_loss":0.0,"damage_taken":0.0},{"damage_healed":0.0,"max_hp_gain":0.0,"max_hp_loss":0.0,"gold_gain":0.0,"event_name":"SensoryStone","player_choice":"Memory 3","floor":37.0,"gold_loss":0.0,"damage_taken":10.0},{"damage_healed":0.0,"max_hp_gain":0.0,"max_hp_loss":0.0,"gold_gain":0.0,"event_name":"MindBloom","player_choice":"Fight","floor":47.0,"gold_loss":0.0,"damage_taken":0.0}],"is_beta":false,"boss_relics":[{"not_picked":["WristBlade","Runic Dome"],"picked":"Tiny House"},{"not_picked":["Black Star","Empty Cage"],"picked":"HoveringKite"}],"items_purged_floors":[54],"is_endless":false,"potions_floor_spawned":[5,10,13,18,22,29,30,36,39,45,55],"ascension_level":20}