{"gold_per_floor":[110,110,35,50,80,80,120,120,144,144,197,197,212,227,227,352,352,377,392,392,33,51,51,70,44,69,69,69],"floor_reached":28,"playtime":2369,"items_purged":["Defend_B","Strike_B"],"score":216,"play_id":"30b71e93-1b90-475d-831e-e8e472545fe3","local_time":"20190811155758","is_ascension_mode":false,"campfire_choices":[{"floor":6.0,"key":"REST"},{"floor":8.0,"key":"REST"},{"data":"Multi-Cast","floor":10.0,"key":"SMITH"},{"data":"Zap","floor":12.0,"key":"SMITH"},{"floor":15.0,"key":"REST"},{"data":"Redo","floor":23,"key":"SMITH"}],"neow_cost":"NONE","seed_source_timestamp":0,"circlet_count":0,"master_deck":["Strike_B+1","Defend_B","Defend_B","Zap+1","Dualcast","Multi-Cast+1","Sunder","Coolheaded","Barrage","Hologram","Conserve Battery","Reboot","Seek+1","Self Repair+1","Skim+1","Blizzard+1","Redo+1","Capacitor+1","Master of Strategy","Conserve Battery","Go for the Eyes","Glacier"],"special_seed":0,"relics":["Cracked Core","Golden Idol","Tiny Chest","Frozen Egg 2","Ancient Tea Set","Regal Pillow","Astrolabe","Whetstone","Art of War"],"potions_floor_usage":[28],"damage_taken":[{"damage":2.0,"enemies":"Small Slimes","floor":1.0,"turns":3.0},{"damage":0.0,"enemies":"2 Louse","floor":4.0,"turns":2.0},{"damage":40.0,"enemies":"Lagavulin","floor":7.0,"turns":7.0},{"damage":0.0,"enemies":"Cultist","floor":13.0,"turns":2.0},{"damage":13.0,"enemies":"Red Slaver","floor":14.0,"turns":2.0},{"damage":36.0,"enemies":"The Guardian","floor":16.0,"turns":13.0},{"damage":23,"enemies":"3 Byrds","floor":18,"turns":5},{"damage":18,"enemies":"2 Thieves","floor":19,"turns":4},{"damage":12,"enemies":"Snecko","floor":22,"turns":4},{"damage":11,"enemies":"Centurion and Healer","floor":24,"turns":12},{"damage":12,"enemies":"Colosseum Slavers","floor":28,"turns":8},{"damage":116,"enemies":"Colosseum Nobs","floor":28,"turns":5}],"seed_played":"89334053549883184","potions_obtained":[{"floor":4.0,"key":"Fire Potion"},{"floor":7.0,"key":"AttackPotion"},{"floor":13.0,"key":"GamblersBrew"}],"is_trial":false,"path_per_floor":["M","?","$","M","?","R","E","R","T","R","T","R","M","M","R","B",null,"M","M","T","$","M","R","M","$","T","?","?"],"character_chosen":"DEFECT","items_purchased":["Capacitor+1","Master of Strategy","Go for the Eyes"],"campfire_rested":3,"item_purchase_floors":[21,21,25],"current_hp_per_floor":[73,55,55,55,43,65,25,47,47,47,47,47,47,34,71,35,75,62,54,54,54,52,52,51,51,51,51,0],"gold":69,"neow_bonus":"ONE_RANDOM_RARE_CARD","is_prod":false,"is_daily":false,"chose_seed":false,"campfire_upgraded":3,"win_rate":0,"timestamp":1565531878,"path_taken":["M","?","$","M","?","R","E","R","T","R","?","R","M","M","R","BOSS","M","?","?","$","M","R","M","?","T","?","?"],"build_version":"2019-07-17","purchased_purges":2,"victory":false,"max_hp_per_floor":[75,75,75,75,75,75,75,75,75,75,75,75,75,75,75,75,75,75,75,75,75,75,75,75,75,75,75,75],"card_choices":[{"not_picked":["Go for the Eyes","Turbo"],"picked":"Sunder","floor":1.0},{"not_picked":["Ball Lightning","Fusion"],"picked":"Coolheaded","floor":4.0},{"not_picked":["Compile Driver","Fusion"],"picked":"Barrage","floor":7.0},{"not_picked":["Compile Driver","Stack"],"picked":"Hologram","floor":13.0},{"not_picked":["Undo","Genetic Algorithm"],"picked":"Conserve Battery","floor":14.0},{"not_picked":["Meteor Strike","Buffer+1"],"picked":"Reboot","floor":16.0},{"not_picked":["Conserve Battery","Compile Driver+1"],"picked":"Blizzard","floor":18},{"not_picked":["Scrape","Compile Driver"],"picked":"Redo","floor":19},{"not_picked":["Steam","Streamline"],"picked":"Conserve Battery","floor":22},{"not_picked":["Conserve Battery","Amplify","Reprogram"],"picked":"SKIP","floor":24}],"player_experience":253510,"relics_obtained":[{"floor":7.0,"key":"Frozen Egg 2"},{"floor":9.0,"key":"Ancient Tea Set"},{"floor":11.0,"key":"Regal Pillow"},{"floor":20,"key":"Whetstone"},{"floor":26,"key":"Art of War"}],"event_choices":[{"damage_healed":0.0,"max_hp_gain":0.0,"max_hp_loss":0.0,"gold_gain":0.0,"event_name":"Golden Idol","player_choice":"Take Damage","floor":2.0,"gold_loss":0.0,"damage_taken":18.0,"relics_obtained":["Golden Idol"]},{"damage_healed":0.0,"max_hp_gain":0.0,"max_hp_loss":0.0,"gold_gain":0.0,"event_name":"Scrap Ooze","player_choice":"Success","floor":5.0,"gold_loss":0.0,"damage_taken":12.0,"relics_obtained":["Tiny Chest"]},{"damage_healed":0,"gold_gain":0,"player_choice":"Read","damage_taken":0,"max_hp_gain":0,"max_hp_loss":0,"event_name":"The Library","floor":27,"gold_loss":0,"cards_obtained":["Glacier"]},{"damage_healed":0,"gold_gain":0,"player_choice":"Fight","damage_taken":0,"max_hp_gain":0,"max_hp_loss":0,"event_name":"Colosseum","floor":28,"gold_loss":0},{"damage_healed":0,"gold_gain":0,"player_choice":"Fought Nobs","damage_taken":0,"max_hp_gain":0,"max_hp_loss":0,"event_name":"Colosseum","floor":28,"gold_loss":0}],"is_beta":false,"boss_relics":[{"not_picked":["Philosopher\u0027s Stone","Nuclear Battery"],"picked":"Astrolabe"}],"items_purged_floors":[3,21],"is_endless":false,"potions_floor_spawned":[4,7,13,19,24],"killed_by":"Colosseum Nobs","ascension_level":0}