{"gold_per_floor":[115,115,135,149,149,149,149,178,178,178,204,214,233,265,265,343,343,243,255,53,64,64,64,77,77,102,102,135,152,152,102,102,102],"floor_reached":33,"playtime":3379,"items_purged":[],"score":538,"play_id":"d872a59b-49d8-47c7-80eb-c3f7605443c2","local_time":"20190702135128","is_ascension_mode":true,"campfire_choices":[{"data":"Poisoned Stab","floor":6,"key":"SMITH"},{"floor":10,"key":"REST"},{"floor":15,"key":"REST"},{"floor":23,"key":"REST"},{"floor":25,"key":"REST"},{"data":"Crippling Poison","floor":27,"key":"SMITH"},{"floor":32,"key":"REST"}],"neow_cost":"NONE","seed_source_timestamp":856323747823070,"circlet_count":0,"master_deck":["AscendersBane","Strike_G","Strike_G","Strike_G","Strike_G","Defend_G","Defend_G","Defend_G","Defend_G","Defend_G","Survivor","Neutralize+1","Predator+1","Dodge and Roll","Poisoned Stab+1","Dodge and Roll","Tools of the Trade","Tactician","Dodge and Roll","Footwork","Crippling Poison+1","Leg Sweep","Leg Sweep","Shame","PiercingWail","Decay"],"special_seed":0,"relics":["Ring of the Snake","StoneCalendar","Ginger","Tingsha","Turnip","HoveringKite","Juzu Bracelet","Bag of Marbles","Kunai"],"potions_floor_usage":[8,14,33],"damage_taken":[{"damage":0.0,"enemies":"Small Slimes","floor":1.0,"turns":4.0},{"damage":4.0,"enemies":"Cultist","floor":3.0,"turns":3.0},{"damage":0,"enemies":"Jaw Worm","floor":4,"turns":7},{"damage":22,"enemies":"3 Sentries","floor":8,"turns":10},{"damage":30,"enemies":"Gremlin Nob","floor":11,"turns":4},{"damage":2,"enemies":"2 Fungi Beasts","floor":12,"turns":3},{"damage":15,"enemies":"Lots of Slimes","floor":13,"turns":6},{"damage":1,"enemies":"Lagavulin","floor":14,"turns":7},{"damage":15,"enemies":"Slime Boss","floor":16,"turns":10},{"damage":17,"enemies":"2 Thieves","floor":18,"turns":5},{"damage":20,"enemies":"Spheric Guardian","floor":19,"turns":6},{"damage":3,"enemies":"3 Cultists","floor":21,"turns":7},{"damage":13,"enemies":"Snake Plant","floor":24,"turns":5},{"damage":40,"enemies":"Gremlin Leader","floor":28,"turns":7},{"damage":1,"enemies":"Shelled Parasite and Fungi","floor":29,"turns":7},{"damage":40,"enemies":"Collector","floor":33,"turns":5}],"seed_played":"1544002960759542395","potions_obtained":[{"floor":1.0,"key":"AttackPotion"},{"floor":13,"key":"Block Potion"},{"floor":16,"key":"Strength Potion"},{"floor":21,"key":"Dexterity Potion"}],"is_trial":false,"path_per_floor":["M","?","M","M","?","R","?","E","T","R","E","M","M","E","R","B",null,"M","M","$","M","?","R","M","R","T","R","E","M","?","?","R","B"],"character_chosen":"THE_SILENT","items_purchased":["Footwork","Crippling Poison","Leg Sweep"],"campfire_rested":5,"item_purchase_floors":[20,20,20],"current_hp_per_floor":[65,65,61,61,54,54,54,32,32,53,23,21,6,5,26,11,57,40,20,20,17,17,38,25,46,46,46,6,5,5,5,26,0],"gold":102,"neow_bonus":"TEN_PERCENT_HP_BONUS","is_prod":false,"is_daily":false,"chose_seed":false,"campfire_upgraded":2,"win_rate":0,"timestamp":1562089888,"path_taken":["M","?","M","?","?","R","?","E","T","R","E","M","M","E","R","BOSS","M","?","$","M","?","R","M","R","T","R","E","M","?","?","R","BOSS"],"build_version":"2019-07-01","purchased_purges":0,"victory":false,"max_hp_per_floor":[72,72,72,72,72,72,72,72,72,72,72,72,72,72,72,72,72,72,72,72,72,72,72,72,72,72,72,72,72,72,72,72,72],"card_choices":[{"not_picked":["Expertise","Deadly Poison"],"picked":"Predator","floor":1.0},{"not_picked":["Blade Dance","Unload"],"picked":"Dodge and Roll","floor":3.0},{"not_picked":["Catalyst","Sucker Punch"],"picked":"Poisoned Stab","floor":4},{"not_picked":["Bane","Flying Knee","Dagger Spray"],"picked":"SKIP","floor":8},{"not_picked":["Choke","Burst","Underhanded Strike"],"picked":"SKIP","floor":11},{"not_picked":["Dagger Throw","Underhanded Strike"],"picked":"Dodge and Roll","floor":12},{"not_picked":["Flying Knee","Quick Slash","Bouncing Flask"],"picked":"SKIP","floor":13},{"not_picked":["Eviscerate","Envenom","Flying Knee"],"picked":"SKIP","floor":14},{"not_picked":["Corpse Explosion","Adrenaline"],"picked":"Tools of the Trade","floor":16},{"not_picked":["Infinite Blades+1","Dagger Spray"],"picked":"Tactician","floor":18},{"not_picked":["Underhanded Strike","Acrobatics"],"picked":"Dodge and Roll","floor":19},{"not_picked":["Quick Slash","After Image"],"picked":"Leg Sweep","floor":21},{"not_picked":["Quick Slash+1","Deflect","Blade Dance"],"picked":"SKIP","floor":24},{"not_picked":["Underhanded Strike","Deadly Poison","Cloak And Dagger"],"picked":"SKIP","floor":28},{"not_picked":["Bane","Calculated Gamble"],"picked":"PiercingWail","floor":29}],"player_experience":2371762,"relics_obtained":[{"floor":8,"key":"StoneCalendar"},{"floor":9,"key":"Ginger"},{"floor":11,"key":"Tingsha"},{"floor":14,"key":"Turnip"},{"floor":26,"key":"Bag of Marbles"},{"floor":28,"key":"Kunai"}],"event_choices":[{"damage_healed":0.0,"max_hp_gain":0.0,"max_hp_loss":0.0,"gold_gain":0.0,"event_name":"Upgrade Shrine","player_choice":"Upgraded","floor":2.0,"gold_loss":0.0,"damage_taken":0.0,"cards_upgraded":["Neutralize"]},{"cards_removed":["Strike_G"],"damage_healed":0,"gold_gain":0,"player_choice":"Card Removal","damage_taken":7,"max_hp_gain":0,"max_hp_loss":0,"event_name":"Golden Wing","floor":5,"gold_loss":0},{"damage_healed":0,"gold_gain":0,"player_choice":"Upgraded","damage_taken":0,"max_hp_gain":0,"max_hp_loss":0,"event_name":"Upgrade Shrine","floor":7,"gold_loss":0,"cards_upgraded":["Predator"]},{"damage_healed":0,"gold_gain":0,"player_choice":"Stole Relic","damage_taken":0,"relics_obtained":["Juzu Bracelet"],"max_hp_gain":0,"max_hp_loss":0,"event_name":"Addict","floor":22,"gold_loss":0,"cards_obtained":["Shame"]},{"damage_healed":0,"gold_gain":0,"player_choice":"Smashed Altar","damage_taken":0,"max_hp_gain":0,"max_hp_loss":0,"event_name":"Forgotten Altar","floor":30,"gold_loss":0,"cards_obtained":["Decay"]},{"damage_healed":0,"gold_gain":0,"player_choice":"Bet on Murderer","damage_taken":0,"max_hp_gain":0,"max_hp_loss":0,"event_name":"The Joust","floor":31,"gold_loss":50}],"is_beta":false,"boss_relics":[{"not_picked":["Ring of the Serpent","Fusion Hammer"],"picked":"HoveringKite"}],"items_purged_floors":[],"is_endless":false,"potions_floor_spawned":[1,13,16,21,28],"killed_by":"Collector","ascension_level":18}