{"gold_per_floor":[109,109,125,50,66,93,93,119,119,147,167,20,20,55,55,155,155,169,169,186,186,201,236,236,264,264,280,308,323,323,355,355,458,458,473,484,44,60,10,41,41,41,88,88,88,100,125,0,0,0,0,0,0,35,35],"floor_reached":55,"playtime":6023,"items_purged":["Strike_B","Normality","Decay"],"score":969,"play_id":"389ef9dd-51a7-4dd7-9a61-6ba3d130bb0a","local_time":"20190812004408","is_ascension_mode":true,"campfire_choices":[{"data":"Zap","floor":7,"key":"SMITH"},{"data":"Capacitor","floor":15,"key":"SMITH"},{"data":"Creative AI","floor":24,"key":"SMITH"},{"floor":32,"key":"REST"},{"data":"Seek","floor":41,"key":"SMITH"},{"floor":45,"key":"RECALL"},{"data":"Consume","floor":49,"key":"SMITH"},{"data":"Defragment","floor":52,"key":"SMITH"}],"neow_cost":"NONE","seed_source_timestamp":2343426833545778,"circlet_count":0,"master_deck":["Strike_B","Defend_B","Defend_B","Defend_B","Defend_B","Zap+1","Dualcast","Fission+1","BootSequence","Gash","Electrodynamics","Ball Lightning","Gash","Seek+1","Capacitor+1","Creative AI+1","Self Repair","Coolheaded","Consume+1","Leap","Coolheaded+1","Glacier","Rainbow","Doubt","Defragment+1"],"relics":["Cracked Core","Anchor","Letter Opener","Smiling Mask","Question Card","Sozu","Enchiridion","Bottled Lightning","Gremlin Horn","Pear","Ornamental Fan","Bag of Preparation","Calling Bell","Darkstone Periapt","Regal Pillow","Gambling Chip","Mercury Hourglass","Happy Flower","Shuriken","Blood Vial","Red Mask","Incense Burner"],"potions_floor_usage":[6,10,27],"damage_taken":[{"damage":7,"enemies":"Jaw Worm","floor":1,"turns":3},{"damage":0,"enemies":"Cultist","floor":3,"turns":3},{"damage":0,"enemies":"2 Louse","floor":5,"turns":2},{"damage":16,"enemies":"Lagavulin","floor":6,"turns":6},{"damage":12,"enemies":"3 Sentries","floor":8,"turns":5},{"damage":9,"enemies":"Lagavulin","floor":10,"turns":5},{"damage":0,"enemies":"Exordium Thugs","floor":11,"turns":3},{"damage":0,"enemies":"3 Sentries","floor":14,"turns":2},{"damage":28,"enemies":"Hexaghost","floor":16,"turns":8},{"damage":0,"enemies":"3 Byrds","floor":18,"turns":3},{"damage":11,"enemies":"2 Thieves","floor":20,"turns":3},{"damage":8,"enemies":"Shelled Parasite and Fungi","floor":22,"turns":4},{"damage":0,"enemies":"Slavers","floor":23,"turns":2},{"damage":3,"enemies":"Gremlin Leader","floor":25,"turns":6},{"damage":18,"enemies":"Snecko","floor":27,"turns":6},{"damage":12,"enemies":"Slavers","floor":28,"turns":2},{"damage":7,"enemies":"Sentry and Sphere","floor":29,"turns":4},{"damage":8,"enemies":"Gremlin Leader","floor":31,"turns":6},{"damage":16,"enemies":"Champ","floor":33,"turns":9},{"damage":0,"enemies":"3 Shapes","floor":35,"turns":3},{"damage":35,"enemies":"3 Darklings","floor":36,"turns":3},{"damage":24,"enemies":"Writhing Mass","floor":38,"turns":7},{"damage":0,"enemies":"Reptomancer","floor":40,"turns":5},{"damage":19,"enemies":"Spire Growth","floor":46,"turns":5},{"damage":0,"enemies":"Giant Head","floor":47,"turns":7},{"damage":20,"enemies":"Time Eater","floor":50,"turns":17},{"damage":7,"enemies":"Shield and Spear","floor":54,"turns":5},{"damage":86,"enemies":"The Heart","floor":55,"turns":8}],"seed_played":"-8461542443649186300","potions_obtained":[{"floor":5,"key":"Regen Potion"},{"floor":8,"key":"Block Potion"},{"floor":10,"key":"Weak Potion"},{"floor":11,"key":"Strength Potion"}],"is_trial":false,"path_per_floor":["M","?","M","$","M","E","R","E","T","E","M","$","?","E","R","B",null,"M","?","M","?","M","E","R","E","T","M","E","M","?","E","R","B",null,"M","M","$","M","$","E","R","?","T","?","R","M","E","?","R","B",null,"R","$","E","B"],"character_chosen":"DEFECT","items_purchased":["Seek","Mercury Hourglass","Happy Flower"],"campfire_rested":1,"item_purchase_floors":[12,37,37],"current_hp_per_floor":[68,68,68,68,68,64,64,52,52,43,43,43,43,43,43,15,75,75,59,48,48,47,47,47,51,61,50,38,38,38,37,62,53,85,85,57,57,47,47,54,54,54,54,54,54,42,49,49,49,31,85,85,85,85,0],"gold":35,"neow_bonus":"ONE_RANDOM_RARE_CARD","is_prod":false,"is_daily":false,"chose_seed":false,"campfire_upgraded":6,"win_rate":0,"timestamp":1565559848,"path_taken":["M","?","?","$","M","E","R","E","T","E","M","$","?","E","R","BOSS","M","?","M","?","?","E","R","E","T","M","E","M","?","E","R","BOSS","M","M","$","M","$","E","R","?","T","?","R","M","E","?","R","BOSS","R","$","E","BOSS"],"build_version":"2019-07-17","purchased_purges":3,"victory":false,"max_hp_per_floor":[75,75,75,75,75,75,75,75,75,75,75,75,75,75,75,75,75,75,75,75,75,75,75,75,75,85,85,85,85,85,85,85,85,85,85,85,85,85,85,85,85,85,85,85,85,85,85,85,85,85,85,85,85,85,85],"card_choices":[{"not_picked":["Ball Lightning","Conserve Battery"],"picked":"BootSequence","floor":1},{"not_picked":["Beam Cell","Coolheaded"],"picked":"Gash","floor":3},{"not_picked":["Aggregate","Rebound"],"picked":"Electrodynamics","floor":5},{"not_picked":["Chill","Reprogram"],"picked":"Ball Lightning","floor":6},{"not_picked":["Sweeping Beam","Stack","Rebound"],"picked":"SKIP","floor":8},{"not_picked":["Streamline","Meteor Strike"],"picked":"Gash","floor":10},{"not_picked":["Heatsinks","Streamline","Rebound","Doom and Gloom"],"picked":"SKIP","floor":11},{"not_picked":["Chill","Steam","Redo"],"picked":"Capacitor","floor":14},{"not_picked":["Meteor Strike","Machine Learning","Hyperbeam"],"picked":"Creative AI","floor":16},{"not_picked":["Stack+1","Skim","Sweeping Beam","Hologram+1"],"picked":"SKIP","floor":18},{"not_picked":["Reinforced Body+1","Streamline","Skim"],"picked":"Self Repair","floor":20},{"not_picked":["Self Repair","Barrage","Turbo","Sweeping Beam+1"],"picked":"SKIP","floor":22},{"not_picked":["Reboot","Compile Driver","Beam Cell+1"],"picked":"Coolheaded","floor":23},{"not_picked":["Gash+1","Turbo","Compile Driver+1"],"picked":"Consume","floor":25},{"not_picked":["Hyperbeam","Streamline","Rebound","Blizzard"],"picked":"SKIP","floor":27},{"not_picked":["Cold Snap+1","Consume","Reprogram"],"picked":"Leap","floor":28},{"not_picked":["Double Energy","Ball Lightning+1","Cold Snap"],"picked":"Coolheaded+1","floor":29},{"not_picked":["Beam Cell","Steam","Scrape"],"picked":"Glacier","floor":31},{"not_picked":["Amplify","Electrodynamics","Fission"],"picked":"Rainbow","floor":33},{"not_picked":["Coolheaded+1","Go for the Eyes+1","Conserve Battery+1","Rebound"],"picked":"SKIP","floor":35},{"not_picked":["Beam Cell","Rebound","Hyperbeam"],"picked":"Defragment","floor":36},{"not_picked":["Skim+1","Go for the Eyes+1","Reprogram","Glacier+1"],"picked":"SKIP","floor":38},{"not_picked":["Self Repair","Buffer","Barrage+1"],"picked":"Gash+1","floor":40},{"not_picked":["Cold Snap","Rebound+1","Leap+1","Ball Lightning"],"picked":"SKIP","floor":46},{"not_picked":["Reinforced Body","Redo","Hyperbeam","Sweeping Beam+1"],"picked":"SKIP","floor":47},{"not_picked":["Ball Lightning+1","Coolheaded","Doom and Gloom+1","Go for the Eyes"],"picked":"SKIP","floor":54}],"player_experience":172213,"relics_obtained":[{"floor":6,"key":"Anchor"},{"floor":8,"key":"Letter Opener"},{"floor":9,"key":"Smiling Mask"},{"floor":10,"key":"Question Card"},{"floor":19,"key":"Enchiridion"},{"floor":23,"key":"Bottled Lightning"},{"floor":25,"key":"Gremlin Horn"},{"floor":26,"key":"Pear"},{"floor":28,"key":"Ornamental Fan"},{"floor":31,"key":"Bag of Preparation"},{"floor":34,"key":"Darkstone Periapt"},{"floor":34,"key":"Regal Pillow"},{"floor":34,"key":"Gambling Chip"},{"floor":40,"key":"Shuriken"},{"floor":47,"key":"Blood Vial"},{"floor":54,"key":"Incense Burner"}],"event_choices":[{"damage_healed":0,"gold_gain":0,"player_choice":"Forge","damage_taken":0,"max_hp_gain":0,"max_hp_loss":0,"event_name":"Accursed Blacksmith","floor":2,"gold_loss":0,"cards_upgraded":["Fission"]},{"cards_removed":["Strike_B"],"damage_healed":0,"gold_gain":0,"player_choice":"Purged","damage_taken":0,"max_hp_gain":0,"max_hp_loss":0,"event_name":"Purifier","floor":13,"gold_loss":0},{"damage_healed":0,"gold_gain":0,"player_choice":"Obtained Book","damage_taken":16,"max_hp_gain":0,"max_hp_loss":0,"event_name":"Cursed Tome","floor":19,"gold_loss":0},{"cards_removed":["Strike_B"],"damage_healed":0,"gold_gain":0,"player_choice":"Elegance","damage_taken":0,"max_hp_gain":0,"max_hp_loss":0,"event_name":"Back to Basics","floor":21,"gold_loss":0},{"damage_healed":0,"gold_gain":0,"player_choice":"Ignored","damage_taken":0,"max_hp_gain":0,"max_hp_loss":0,"event_name":"Vampires","floor":30,"gold_loss":0},{"damage_healed":0,"gold_gain":0,"player_choice":"Memory 1","damage_taken":0,"max_hp_gain":0,"max_hp_loss":0,"event_name":"SensoryStone","floor":42,"gold_loss":0},{"cards_removed":["Gash"],"damage_healed":0,"gold_gain":0,"player_choice":"Removed Attack","damage_taken":0,"max_hp_gain":0,"max_hp_loss":0,"event_name":"Falling","floor":44,"gold_loss":0},{"damage_healed":0,"gold_gain":0,"player_choice":"Paid","damage_taken":0,"relics_obtained":["Red Mask"],"max_hp_gain":0,"max_hp_loss":0,"event_name":"Tomb of Lord Red Mask","floor":48,"gold_loss":125}],"is_beta":false,"boss_relics":[{"not_picked":["Velvet Choker","White Beast Statue"],"picked":"Sozu"},{"not_picked":["Empty Cage","Pandora\u0027s Box"],"picked":"Calling Bell"}],"items_purged_floors":[4,37,39],"is_endless":false,"potions_floor_spawned":[5,8,10,11,22,25,29,31,33,35,40,46,47],"killed_by":"The Heart","ascension_level":2}