{"gold_per_floor":[114,126,51,63,80,106,106,134,134,164],"floor_reached":10,"playtime":2415,"items_purged":["Strike_R"],"score":78,"play_id":"1bc9d509-0bc8-471e-9690-ac37b451dc05","local_time":"20190715234122","is_ascension_mode":false,"campfire_choices":[{"data":"Barricade","floor":7,"key":"SMITH"}],"neow_cost":"NONE","seed_source_timestamp":216706746109900,"circlet_count":0,"master_deck":["Strike_R","Strike_R","Strike_R","Strike_R","Defend_R","Defend_R","Defend_R","Defend_R","Bash","Barricade+1","Carnage","Warcry","Flame Barrier","Intimidate","Armaments"],"relics":["Burning Blood","Oddly Smooth Stone","Art of War","Smiling Mask"],"potions_floor_usage":[6,6],"damage_taken":[{"damage":10,"enemies":"Small Slimes","floor":1,"turns":7},{"damage":7,"enemies":"2 Louse","floor":2,"turns":3},{"damage":5,"enemies":"Jaw Worm","floor":4,"turns":4},{"damage":6,"enemies":"Blue Slaver","floor":5,"turns":6},{"damage":14,"enemies":"Gremlin Nob","floor":6,"turns":4},{"damage":28,"enemies":"3 Sentries","floor":8,"turns":14},{"damage":48,"enemies":"Gremlin Nob","floor":10,"turns":5}],"seed_played":"-7425019506585655487","potions_obtained":[{"floor":1,"key":"Explosive Potion"},{"floor":5,"key":"Strength Potion"}],"is_trial":false,"path_per_floor":["M","M","$","M","M","E","R","E","T","?"],"character_chosen":"IRONCLAD","items_purchased":[],"campfire_rested":0,"item_purchase_floors":[],"current_hp_per_floor":[76,75,75,76,76,68,68,46,46,0],"gold":164,"neow_bonus":"ONE_RANDOM_RARE_CARD","is_prod":false,"is_daily":false,"chose_seed":false,"campfire_upgraded":1,"win_rate":0,"timestamp":1563248482,"path_taken":["M","M","$","M","M","E","R","E","T","?"],"build_version":"2019-07-05","purchased_purges":1,"victory":false,"max_hp_per_floor":[80,80,80,80,80,80,80,80,80,80],"card_choices":[{"not_picked":["Wild Strike","Hemokinesis"],"picked":"Carnage","floor":1},{"not_picked":["Cleave","Havoc"],"picked":"Warcry","floor":2},{"not_picked":["Reckless Charge","Whirlwind"],"picked":"Flame Barrier","floor":4},{"not_picked":["Perfected Strike","Clothesline","Second Wind"],"picked":"SKIP","floor":5},{"not_picked":["Headbutt","True Grit"],"picked":"Intimidate","floor":6},{"not_picked":["Flex","Rupture"],"picked":"Armaments","floor":8}],"player_experience":202279,"relics_obtained":[{"floor":6,"key":"Oddly Smooth Stone"},{"floor":8,"key":"Art of War"},{"floor":9,"key":"Smiling Mask"}],"event_choices":[{"damage_healed":0,"gold_gain":30,"player_choice":"Searched \u00272\u0027 times","damage_taken":0,"max_hp_gain":0,"max_hp_loss":0,"event_name":"Dead Adventurer","floor":10,"gold_loss":0}],"is_beta":false,"boss_relics":[],"items_purged_floors":[3],"is_endless":false,"potions_floor_spawned":[1,5],"killed_by":"Gremlin Nob","ascension_level":0}