{"gold_per_floor":[115,133,133,145,145,145,169,213,295,172,196,210,241,257,257,257],"floor_reached":16,"playtime":1191,"items_purged":["Strike_B"],"score":114,"play_id":"2b92331a-fe6f-44f0-aae1-5c5666056fe1","local_time":"20190810092200","is_ascension_mode":false,"campfire_choices":[{"floor":6,"key":"REST"},{"floor":15,"key":"REST"}],"neow_cost":"PERCENT_DAMAGE","seed_source_timestamp":721491887358354,"circlet_count":0,"master_deck":["Strike_B","Strike_B","Strike_B","Defend_B","Defend_B","Defend_B","Defend_B","Zap","Dualcast","Echo Form","Capacitor","Conserve Battery","Ball Lightning","Beam Cell","Thunder Strike","Redo","Ball Lightning","Ball Lightning","Chill","Gash"],"relics":["Cracked Core","Golden Idol","Emotion Chip","Pen Nib"],"potions_floor_usage":[13,13,14],"damage_taken":[{"damage":0,"enemies":"2 Louse","floor":1,"turns":3},{"damage":2,"enemies":"Small Slimes","floor":2,"turns":4},{"damage":0,"enemies":"Jaw Worm","floor":4,"turns":4},{"damage":2,"enemies":"Blue Slaver","floor":7,"turns":3},{"damage":20,"enemies":"3 Sentries","floor":8,"turns":7},{"damage":19,"enemies":"Lots of Slimes","floor":11,"turns":4},{"damage":11,"enemies":"Large Slime","floor":12,"turns":5},{"damage":6,"enemies":"Gremlin Nob","floor":13,"turns":3},{"damage":1,"enemies":"2 Fungi Beasts","floor":14,"turns":3},{"damage":33,"enemies":"The Guardian","floor":16,"turns":7}],"seed_played":"7334466148537366308","potions_obtained":[{"floor":1,"key":"SkillPotion"},{"floor":7,"key":"Poison Potion"},{"floor":8,"key":"Weak Potion"},{"floor":12,"key":"Energy Potion"}],"is_trial":false,"path_per_floor":["M","M","?","M","?","R","M","E","T","$","M","M","E","M","R","B"],"character_chosen":"DEFECT","items_purchased":["Redo"],"campfire_rested":2,"item_purchase_floors":[10],"current_hp_per_floor":[54,52,57,57,37,61,59,39,39,39,20,9,3,2,26,0],"gold":257,"neow_bonus":"THREE_RARE_CARDS","is_prod":false,"is_daily":false,"chose_seed":false,"campfire_upgraded":0,"win_rate":0,"timestamp":1565421720,"path_taken":["M","M","?","M","?","R","M","E","T","$","M","M","E","M","R","BOSS"],"build_version":"2019-07-17","purchased_purges":1,"victory":false,"max_hp_per_floor":[75,75,80,80,80,80,80,80,80,80,80,80,80,80,80,80],"card_choices":[{"not_picked":["Meteor Strike","Reboot"],"picked":"Echo Form","floor":0},{"not_picked":["Hello World","Turbo"],"picked":"Capacitor","floor":1},{"not_picked":["Auto Shields","Undo"],"picked":"Conserve Battery","floor":2},{"not_picked":["Stack","Force Field"],"picked":"Ball Lightning","floor":4},{"not_picked":["Hello World","Hologram"],"picked":"Beam Cell","floor":7},{"not_picked":["Conserve Battery","Skim"],"picked":"Thunder Strike","floor":8},{"not_picked":["Stack","Heatsinks"],"picked":"Ball Lightning","floor":11},{"not_picked":["Stack","Hologram"],"picked":"Ball Lightning","floor":12},{"not_picked":["Auto Shields","Go for the Eyes"],"picked":"Chill","floor":13},{"not_picked":["Rebound","Auto Shields"],"picked":"Gash","floor":14}],"player_experience":223653,"relics_obtained":[{"floor":8,"key":"Emotion Chip"},{"floor":13,"key":"Pen Nib"}],"event_choices":[{"damage_healed":0,"gold_gain":0,"player_choice":"Donut","damage_taken":0,"max_hp_gain":5,"max_hp_loss":0,"event_name":"Big Fish","floor":3,"gold_loss":0},{"damage_healed":0,"gold_gain":0,"player_choice":"Take Damage","damage_taken":20,"relics_obtained":["Golden Idol"],"max_hp_gain":0,"max_hp_loss":0,"event_name":"Golden Idol","floor":5,"gold_loss":0}],"is_beta":false,"boss_relics":[],"items_purged_floors":[10],"is_endless":false,"potions_floor_spawned":[1,7,8,12],"killed_by":"The Guardian","ascension_level":0}