{"gold_per_floor":[117,127,16,16,33,58,73,148,199,199,224,224,243,269,269,369,369,349,5,23,43,43,43,59,59,130,157,157,157,157,0,0,97,97,113,131,148,161,261,261,287,287,287,287,211,226,226,238,238,238],"floor_reached":51,"playtime":4387,"items_purged":["Strike_B"],"score":883,"play_id":"7cff7161-d7ef-4dd0-99b3-4e45a9d8ae9b","local_time":"20190718153920","is_ascension_mode":true,"campfire_choices":[{"floor":10,"key":"REST"},{"data":"Zap","floor":12,"key":"SMITH"},{"floor":15,"key":"REST"},{"floor":23,"key":"REST"},{"floor":25,"key":"REST"},{"floor":28,"key":"REST"},{"data":"Dualcast","floor":32,"key":"SMITH"},{"floor":40,"key":"REST"},{"floor":42,"key":"REST"},{"floor":44,"key":"REST"},{"floor":49,"key":"REST"}],"neow_cost":"NONE","seed_source_timestamp":90281039930300,"circlet_count":0,"master_deck":["Strike_B","Strike_B","Defend_B","Defend_B","Defend_B","Defend_B","Zap+1","Dualcast+1","Compile Driver","Streamline","White Noise","Undo","Chaos","Conserve Battery","Core Surge","Sweeping Beam","Cold Snap","All For One","Conserve Battery","Go for the Eyes","Consume","Loop","Beam Cell+1","Double Energy+1","Machine Learning","Auto Shields+1","Genetic Algorithm","Machine Learning","Cold Snap+1","Go for the Eyes+1","Redo+1","Sunder+1","Conserve Battery+1","Defragment","Hologram+1","Writhe"],"relics":["Cracked Core","Kunai","Bag of Preparation","Bag of Marbles","Symbiotic Virus","Inserter","Sling","Enchiridion","DataDisk","Art of War","Nuclear Battery","Pocketwatch","Bronze Scales","Smiling Mask"],"potions_floor_usage":[11,18,20,21,33,37,50,50,50],"damage_taken":[{"damage":0,"enemies":"Cultist","floor":1,"turns":3},{"damage":2,"enemies":"Jaw Worm","floor":2,"turns":3},{"damage":0,"enemies":"Small Slimes","floor":5,"turns":3},{"damage":28,"enemies":"Gremlin Nob","floor":6,"turns":4},{"damage":6,"enemies":"Looter","floor":7,"turns":3},{"damage":3,"enemies":"Lagavulin","floor":11,"turns":7},{"damage":3,"enemies":"Blue Slaver","floor":13,"turns":5},{"damage":17,"enemies":"Gremlin Nob","floor":14,"turns":4},{"damage":0,"enemies":"The Guardian","floor":16,"turns":10},{"damage":15,"enemies":"2 Thieves","floor":18,"turns":4},{"damage":5,"enemies":"Shell Parasite","floor":20,"turns":4},{"damage":25,"enemies":"Snake Plant","floor":21,"turns":5},{"damage":13,"enemies":"Snecko","floor":24,"turns":5},{"damage":29,"enemies":"Book of Stabbing","floor":27,"turns":6},{"damage":48,"enemies":"Champ","floor":33,"turns":8},{"damage":28,"enemies":"3 Darklings","floor":35,"turns":6},{"damage":0,"enemies":"Orb Walker","floor":36,"turns":3},{"damage":48,"enemies":"Spire Growth","floor":37,"turns":7},{"damage":0,"enemies":"Jaw Worm Horde","floor":38,"turns":6},{"damage":0,"enemies":"Mind Bloom Boss Battle","floor":39,"turns":5},{"damage":29,"enemies":"Nemesis","floor":41,"turns":7},{"damage":41,"enemies":"Transient","floor":46,"turns":5},{"damage":6,"enemies":"4 Shapes","floor":48,"turns":6},{"damage":35,"enemies":"Awakened One","floor":50,"turns":16}],"seed_played":"-4587311617469658146","potions_obtained":[{"floor":6,"key":"FairyPotion"},{"floor":7,"key":"EssenceOfSteel"},{"floor":11,"key":"Regen Potion"},{"floor":13,"key":"Poison Potion"},{"floor":16,"key":"EssenceOfSteel"},{"floor":21,"key":"Ancient Potion"},{"floor":27,"key":"SpeedPotion"},{"floor":35,"key":"PowerPotion"},{"floor":36,"key":"Strength Potion"},{"floor":37,"key":"Explosive Potion"},{"floor":46,"key":"SneckoOil"}],"is_trial":false,"path_per_floor":["M","M","$","?","M","E","M","?","T","R","E","R","M","E","R","B",null,"M","$","M","M","?","R","M","R","T","E","R","?","?","$","R","B",null,"M","M","M","M","?","R","E","R","T","R","$","M","?","M","R","B",null],"character_chosen":"DEFECT","items_purchased":["White Noise","Go for the Eyes","Consume","Sling","Loop","Art of War","Defragment"],"campfire_rested":9,"item_purchase_floors":[3,19,19,19,19,31,45],"current_hp_per_floor":[82,80,80,80,80,52,46,35,35,59,56,56,53,36,60,60,82,67,67,62,49,33,57,44,68,68,39,63,63,63,63,63,15,82,54,54,6,6,6,30,1,25,25,49,49,8,29,23,47,12],"gold":238,"neow_bonus":"TEN_PERCENT_HP_BONUS","is_prod":false,"is_daily":false,"chose_seed":false,"campfire_upgraded":2,"win_rate":0,"timestamp":1563478760,"path_taken":["M","M","$","?","M","E","?","?","T","R","E","R","M","E","R","BOSS","M","$","M","M","?","R","M","R","T","E","R","?","?","$","R","BOSS","M","M","M","M","?","R","E","R","T","R","$","M","?","M","R","BOSS"],"build_version":"2019-07-17","purchased_purges":1,"victory":true,"max_hp_per_floor":[82,82,82,82,82,82,82,82,82,82,82,82,82,82,82,82,82,82,82,82,82,82,82,82,82,82,82,82,82,82,82,82,82,82,82,82,82,82,82,82,82,82,82,82,82,82,82,82,82,82],"card_choices":[{"not_picked":["Hologram","Coolheaded"],"picked":"Compile Driver","floor":1},{"not_picked":["Steam Power","Stack"],"picked":"Streamline","floor":2},{"not_picked":["Redo","Stack"],"picked":"Undo","floor":5},{"not_picked":["Auto Shields","Fusion"],"picked":"Chaos","floor":6},{"not_picked":["Storm","Turbo"],"picked":"Conserve Battery","floor":7},{"not_picked":["Darkness","Turbo"],"picked":"Core Surge","floor":11},{"not_picked":["Fusion","Barrage"],"picked":"Sweeping Beam","floor":13},{"not_picked":["Coolheaded","Melter"],"picked":"Cold Snap","floor":14},{"not_picked":["Buffer","Core Surge"],"picked":"All For One","floor":16},{"not_picked":["Chaos","Coolheaded+1"],"picked":"Conserve Battery","floor":18},{"not_picked":["Hello World","Redo"],"picked":"Beam Cell+1","floor":20},{"not_picked":["Sweeping Beam","White Noise"],"picked":"Double Energy+1","floor":21},{"not_picked":["Hologram","Stack"],"picked":"Machine Learning","floor":24},{"not_picked":["Leap","Force Field"],"picked":"Auto Shields+1","floor":27},{"not_picked":["Meteor Strike","All For One"],"picked":"Machine Learning","floor":33},{"not_picked":["Compile Driver","Gash","Turbo"],"picked":"SKIP","floor":35},{"not_picked":["Turbo","Ball Lightning"],"picked":"Cold Snap+1","floor":36},{"not_picked":["Sweeping Beam","Darkness"],"picked":"Go for the Eyes+1","floor":37},{"not_picked":["Beam Cell+1","Self Repair+1"],"picked":"Redo+1","floor":38},{"not_picked":["Force Field","Go for the Eyes"],"picked":"Sunder+1","floor":39},{"not_picked":["Scrape","BootSequence"],"picked":"Conserve Battery+1","floor":41},{"not_picked":["Rebound+1","Reprogram"],"picked":"Hologram+1","floor":46},{"not_picked":["Steam","Chaos","Electrodynamics"],"picked":"SKIP","floor":48}],"player_experience":276229,"relics_obtained":[{"floor":6,"key":"Kunai"},{"floor":9,"key":"Bag of Preparation"},{"floor":11,"key":"Bag of Marbles"},{"floor":14,"key":"Symbiotic Virus"},{"floor":22,"key":"Enchiridion"},{"floor":27,"key":"DataDisk"},{"floor":39,"key":"Pocketwatch"},{"floor":41,"key":"Bronze Scales"},{"floor":43,"key":"Smiling Mask"}],"event_choices":[{"cards_removed":["Strike_B"],"damage_healed":0,"gold_gain":0,"player_choice":"Offered Basic","damage_taken":0,"max_hp_gain":0,"max_hp_loss":0,"event_name":"Bonfire Elementals","floor":4,"gold_loss":0},{"damage_healed":0,"gold_gain":75,"player_choice":"Gather Gold","damage_taken":11,"max_hp_gain":0,"max_hp_loss":0,"event_name":"World of Goop","floor":8,"gold_loss":0},{"damage_healed":0,"gold_gain":0,"player_choice":"Obtained Book","damage_taken":16,"max_hp_gain":0,"max_hp_loss":0,"event_name":"Cursed Tome","floor":22,"gold_loss":0},{"damage_healed":0,"gold_gain":0,"player_choice":"Read","damage_taken":0,"max_hp_gain":0,"max_hp_loss":0,"event_name":"The Library","floor":29,"gold_loss":0,"cards_obtained":["Genetic Algorithm"]},{"damage_healed":0,"gold_gain":0,"player_choice":"Ignored","damage_taken":0,"max_hp_gain":0,"max_hp_loss":0,"event_name":"Vampires","floor":30,"gold_loss":0},{"damage_healed":0,"gold_gain":0,"player_choice":"Fight","damage_taken":0,"max_hp_gain":0,"max_hp_loss":0,"event_name":"MindBloom","floor":39,"gold_loss":0},{"damage_healed":21,"gold_gain":0,"player_choice":"Writhe","damage_taken":0,"max_hp_gain":0,"max_hp_loss":0,"event_name":"Winding Halls","floor":47,"gold_loss":0,"cards_obtained":["Writhe"]}],"is_beta":false,"boss_relics":[{"not_picked":["Calling Bell","Eternal Feather"],"picked":"Inserter"},{"not_picked":["Runic Dome","Orrery"],"picked":"Nuclear Battery"}],"items_purged_floors":[3],"is_endless":false,"potions_floor_spawned":[6,7,11,13,16,21,27,35,36,37,46,48],"ascension_level":4}