{"gold_per_floor":[117,136,151,166,12,12,37,37,37,37,112,135,135,29,29,29],"floor_reached":16,"playtime":1073,"items_purged":["Defend_G"],"score":113,"play_id":"09f62372-6ef3-4c98-ba7d-353cb9139578","local_time":"20190719004815","is_ascension_mode":true,"campfire_choices":[{"data":"Caltrops","floor":6,"key":"SMITH"},{"floor":8,"key":"REST"},{"data":"Adrenaline","floor":10,"key":"SMITH"},{"floor":15,"key":"REST"}],"neow_cost":"NONE","seed_source_timestamp":126540487580600,"circlet_count":0,"master_deck":["Strike_G","Strike_G","Strike_G","Strike_G","Strike_G","Defend_G","Defend_G","Defend_G","Defend_G","Survivor","Neutralize+1","Dodge and Roll","Backflip","Skewer","Blade Dance","Caltrops+1","Adrenaline+1","Dagger Spray","Leg Sweep","Escape Plan"],"relics":["Ring of the Snake","Smiling Mask","Ninja Scroll","Odd Mushroom","Letter Opener"],"potions_floor_usage":[7],"damage_taken":[{"damage":2,"enemies":"Cultist","floor":1,"turns":4},{"damage":2,"enemies":"Jaw Worm","floor":2,"turns":4},{"damage":0,"enemies":"Small Slimes","floor":3,"turns":4},{"damage":6,"enemies":"Looter","floor":4,"turns":4},{"damage":40,"enemies":"Lagavulin","floor":7,"turns":12},{"damage":11,"enemies":"The Mushroom Lair","floor":12,"turns":3},{"damage":42,"enemies":"Slime Boss","floor":16,"turns":13}],"seed_played":"-2295200680112432182","potions_obtained":[{"floor":2,"key":"SkillPotion"},{"floor":7,"key":"Ancient Potion"}],"is_trial":false,"path_per_floor":["M","M","M","M","$","R","E","R","T","R","?","?","T","$","R","B"],"character_chosen":"THE_SILENT","items_purchased":["Caltrops","Leg Sweep","Escape Plan"],"campfire_rested":2,"item_purchase_floors":[5,14,14],"current_hp_per_floor":[68,66,66,60,60,60,20,41,41,41,30,19,19,19,40,0],"gold":29,"neow_bonus":"UPGRADE_CARD","is_prod":false,"is_daily":false,"chose_seed":false,"campfire_upgraded":2,"win_rate":0,"timestamp":1563511695,"path_taken":["M","?","M","?","?","R","E","R","T","R","?","?","?","$","R","BOSS"],"build_version":"2019-07-17","purchased_purges":1,"victory":false,"max_hp_per_floor":[70,70,70,70,70,70,70,70,70,70,70,70,70,70,70,70],"card_choices":[{"not_picked":["Masterful Stab","Expertise"],"picked":"Dodge and Roll","floor":1},{"not_picked":["Dagger Spray","Flechettes"],"picked":"Backflip","floor":2},{"not_picked":["Backflip","Underhanded Strike"],"picked":"Skewer","floor":3},{"not_picked":["Bane","Outmaneuver"],"picked":"Blade Dance","floor":4},{"not_picked":["Underhanded Strike","Flying Knee"],"picked":"Adrenaline","floor":7},{"not_picked":["Expertise","Setup"],"picked":"Dagger Spray","floor":12}],"player_experience":308550,"relics_obtained":[{"floor":7,"key":"Smiling Mask"},{"floor":9,"key":"Ninja Scroll"},{"floor":12,"key":"Odd Mushroom"},{"floor":13,"key":"Letter Opener"}],"event_choices":[{"damage_healed":0,"gold_gain":75,"player_choice":"Gather Gold","damage_taken":11,"max_hp_gain":0,"max_hp_loss":0,"event_name":"World of Goop","floor":11,"gold_loss":0},{"damage_healed":0,"gold_gain":0,"player_choice":"Fought Mushrooms","damage_taken":0,"max_hp_gain":0,"max_hp_loss":0,"event_name":"Mushrooms","floor":12,"gold_loss":0}],"is_beta":false,"boss_relics":[],"items_purged_floors":[5],"is_endless":false,"potions_floor_spawned":[2,7],"killed_by":"Slime Boss","ascension_level":3}