{"gold_per_floor":[361,372,104,123,143,177,177,212,212,225,225,253,272,272,272,373,373,393,404,21,21,41,41,15,15,38,38,38,38,58,72,72,72],"floor_reached":33,"playtime":5408,"items_purged":["Injury"],"score":360,"play_id":"703a3e3f-94a3-4cb2-a695-69729d208568","local_time":"20190718203445","is_ascension_mode":true,"campfire_choices":[{"floor":7,"key":"REST"},{"floor":11,"key":"REST"},{"data":"Consume","floor":15,"key":"SMITH"},{"data":"Apotheosis","floor":23,"key":"SMITH"},{"data":"Chill","floor":25,"key":"SMITH"},{"data":"Glacier","floor":27,"key":"SMITH"},{"data":"Fusion","floor":32,"key":"SMITH"}],"neow_cost":"CURSE","seed_source_timestamp":106997986619600,"circlet_count":0,"master_deck":["Strike_B","Strike_B","Strike_B","Defend_B","Defend_B","Defend_B","Defend_B+1","Zap+1","Dualcast","Ball Lightning","Compile Driver","Cold Snap","Consume+1","Beam Cell","Ball Lightning","Reinforced Body","Self Repair","Chill+1","Machine Learning","Glacier+1","Leap+1","Apotheosis+1","FTL+1","Conserve Battery","Fusion+1","BootSequence+1"],"relics":["Cracked Core","Potion Belt","Ancient Tea Set","War Paint","Bag of Preparation","Bottled Tornado","White Beast Statue","MealTicket","Art of War"],"potions_floor_usage":[6,14,16,18,18,19,22,30,33,33,33],"damage_taken":[{"damage":1,"enemies":"Cultist","floor":1,"turns":4},{"damage":2,"enemies":"Jaw Worm","floor":2,"turns":2},{"damage":7,"enemies":"Small Slimes","floor":4,"turns":3},{"damage":32,"enemies":"3 Louse","floor":5,"turns":4},{"damage":15,"enemies":"Gremlin Nob","floor":6,"turns":4},{"damage":15,"enemies":"3 Sentries","floor":8,"turns":6},{"damage":4,"enemies":"Exordium Wildlife","floor":10,"turns":2},{"damage":7,"enemies":"Lagavulin","floor":12,"turns":8},{"damage":0,"enemies":"Large Slime","floor":13,"turns":3},{"damage":15,"enemies":"The Guardian","floor":16,"turns":11},{"damage":13,"enemies":"Shell Parasite","floor":18,"turns":7},{"damage":24,"enemies":"2 Thieves","floor":19,"turns":4},{"damage":10,"enemies":"Shelled Parasite and Fungi","floor":22,"turns":7},{"damage":6,"enemies":"3 Cultists","floor":30,"turns":7},{"damage":0,"enemies":"Snecko","floor":31,"turns":6},{"damage":86,"enemies":"Automaton","floor":33,"turns":12}],"seed_played":"7648642158036749967","potions_obtained":[{"floor":4,"key":"SpeedPotion"},{"floor":6,"key":"Weak Potion"},{"floor":8,"key":"SpeedPotion"},{"floor":10,"key":"Strength Potion"},{"floor":14,"key":"Fruit Juice"},{"floor":14,"key":"SteroidPotion"},{"floor":14,"key":"Regen Potion"},{"floor":16,"key":"Fire Potion"},{"floor":18,"key":"PowerPotion"},{"floor":19,"key":"Energy Potion"},{"floor":22,"key":"AttackPotion"},{"floor":30,"key":"Poison Potion"},{"floor":31,"key":"Fire Potion"}],"is_trial":false,"path_per_floor":["M","M","$","M","M","E","R","E","T","M","R","E","M","?","R","B",null,"M","M","$","$","M","R","$","R","T","R","?","$","M","M","R","B"],"character_chosen":"DEFECT","items_purchased":["Potion Belt","Cold Snap","Apotheosis","MealTicket","Conserve Battery"],"campfire_rested":2,"item_purchase_floors":[3,3,20,20,24],"current_hp_per_floor":[67,65,65,58,26,11,33,18,18,14,36,36,36,41,41,33,68,55,31,31,46,46,46,61,61,61,61,61,76,77,80,80,0],"gold":72,"neow_bonus":"TWO_FIFTY_GOLD","is_prod":false,"is_daily":false,"chose_seed":false,"campfire_upgraded":5,"win_rate":0,"timestamp":1563496485,"path_taken":["M","M","$","M","M","E","R","E","T","M","R","E","?","?","R","BOSS","M","M","?","$","M","R","?","R","T","R","?","$","?","?","R","BOSS"],"build_version":"2019-07-17","purchased_purges":1,"victory":false,"max_hp_per_floor":[75,75,75,75,75,75,75,75,75,75,75,75,75,80,80,80,80,80,80,80,80,80,80,80,80,80,80,80,80,80,80,80,80],"card_choices":[{"not_picked":["Gash","Storm"],"picked":"Ball Lightning","floor":1},{"not_picked":["Redo","Self Repair"],"picked":"Compile Driver","floor":2},{"not_picked":["Barrage","Leap"],"picked":"Consume","floor":4},{"not_picked":["Compile Driver","Barrage"],"picked":"Beam Cell","floor":5},{"not_picked":["Skim","Storm"],"picked":"Ball Lightning","floor":6},{"not_picked":["Auto Shields","Sweeping Beam"],"picked":"Reinforced Body","floor":8},{"not_picked":["Reinforced Body","Rebound"],"picked":"Self Repair","floor":10},{"not_picked":["Lockon","Buffer"],"picked":"Chill","floor":12},{"not_picked":["Ball Lightning","Rebound","Melter"],"picked":"SKIP","floor":13},{"not_picked":["Seek","Multi-Cast"],"picked":"Machine Learning","floor":16},{"not_picked":["Sweeping Beam+1","Conserve Battery"],"picked":"Glacier","floor":18},{"not_picked":["Barrage","Tempest"],"picked":"Leap+1","floor":19},{"not_picked":["Machine Learning","Turbo"],"picked":"FTL+1","floor":22},{"not_picked":["Ball Lightning","Stack"],"picked":"Fusion","floor":30},{"not_picked":["Compile Driver+1","Leap+1"],"picked":"BootSequence+1","floor":31}],"player_experience":291494,"relics_obtained":[{"floor":6,"key":"Ancient Tea Set"},{"floor":8,"key":"War Paint"},{"floor":9,"key":"Bag of Preparation"},{"floor":12,"key":"Bottled Tornado"},{"floor":26,"key":"Art of War"}],"event_choices":[{"damage_healed":0,"gold_gain":0,"player_choice":"Got Potions","damage_taken":0,"max_hp_gain":0,"max_hp_loss":0,"event_name":"Lab","floor":14,"gold_loss":0},{"cards_removed":["Strike_B"],"damage_healed":0,"gold_gain":0,"player_choice":"Purged","damage_taken":0,"max_hp_gain":0,"max_hp_loss":0,"event_name":"Purifier","floor":28,"gold_loss":0}],"is_beta":false,"boss_relics":[{"not_picked":["Calling Bell","Ectoplasm"],"picked":"White Beast Statue"}],"items_purged_floors":[3],"is_endless":false,"potions_floor_spawned":[4,6,8,10,16,18,19,22,30,31],"killed_by":"Automaton","ascension_level":7}