{"gold_per_floor":[366,377,377,6,23,23,58,70,70,70,84,114,129,142,142,241,241,241,241,241,241,104,104,104,104,104,104,104,104,104,104,104,104,104,104,104,104,104,33,33,33,33,33,33,33,33,33,33,33,33],"floor_reached":51,"playtime":3022,"items_purged":["Writhe"],"score":854,"play_id":"0ccd53d0-2bb1-4398-97d9-f7923fd28bf5","local_time":"20190812170916","is_ascension_mode":true,"campfire_choices":[{"data":"Armaments","floor":6,"key":"SMITH"},{"data":"Shrug It Off","floor":15,"key":"SMITH"},{"data":"Inflame","floor":23,"key":"SMITH"},{"floor":28,"key":"REST"},{"data":"Seeing Red","floor":32,"key":"SMITH"},{"floor":40,"key":"REST"},{"data":"Offering","floor":42,"key":"SMITH"},{"data":"Pommel Strike","floor":44,"key":"SMITH"},{"data":"True Grit","floor":49,"key":"SMITH"}],"neow_cost":"CURSE","seed_source_timestamp":81936861813516,"circlet_count":0,"master_deck":["Strike_R","Strike_R","Strike_R","Strike_R","Defend_R","Defend_R","Defend_R","Defend_R","Bash","Pommel Strike+1","Uppercut","Inflame+1","Shockwave","Feed","Armaments+1","Fiend Fire","Flame Barrier","True Grit+1","Shrug It Off+1","Seeing Red+1","Immolate","Combust+1","Offering+1","Bloodletting","Demon Form","Brutality","Battle Trance","Rampage","Heavy Blade"],"relics":["Burning Blood","Pen Nib","Ice Cream","Regal Pillow","Bird Faced Urn","Ectoplasm","Boot","Juzu Bracelet","Bottled Lightning","Potion Belt","Mercury Hourglass","Vajra","Busted Crown","Old Coin","Self Forming Clay"],"potions_floor_usage":[12,16,24,33,33,33,37,50,50],"damage_taken":[{"damage":8,"enemies":"Cultist","floor":1,"turns":5},{"damage":8,"enemies":"Jaw Worm","floor":2,"turns":4},{"damage":1,"enemies":"Small Slimes","floor":5,"turns":3},{"damage":6,"enemies":"Gremlin Nob","floor":7,"turns":3},{"damage":10,"enemies":"Exordium Wildlife","floor":8,"turns":5},{"damage":4,"enemies":"Looter","floor":11,"turns":3},{"damage":27,"enemies":"3 Sentries","floor":12,"turns":8},{"damage":7,"enemies":"Large Slime","floor":13,"turns":5},{"damage":6,"enemies":"3 Louse","floor":14,"turns":3},{"damage":28,"enemies":"The Guardian","floor":16,"turns":14},{"damage":13,"enemies":"Chosen","floor":18,"turns":8},{"damage":0,"enemies":"Spheric Guardian","floor":20,"turns":2},{"damage":30,"enemies":"Slavers","floor":24,"turns":4},{"damage":9,"enemies":"Centurion and Healer","floor":25,"turns":3},{"damage":27,"enemies":"Book of Stabbing","floor":27,"turns":7},{"damage":29,"enemies":"Snecko","floor":31,"turns":5},{"damage":57,"enemies":"Automaton","floor":33,"turns":8},{"damage":45,"enemies":"3 Shapes","floor":35,"turns":7},{"damage":30,"enemies":"Mind Bloom Boss Battle","floor":37,"turns":6},{"damage":7,"enemies":"Orb Walker","floor":38,"turns":2},{"damage":13,"enemies":"Maw","floor":41,"turns":5},{"damage":13,"enemies":"Transient","floor":45,"turns":5},{"damage":6,"enemies":"3 Darklings","floor":47,"turns":3},{"damage":83,"enemies":"Donu and Deca","floor":50,"turns":9}],"seed_played":"2084852892797635625","potions_obtained":[{"floor":1,"key":"SteroidPotion"},{"floor":8,"key":"Strength Potion"},{"floor":12,"key":"Weak Potion"},{"floor":16,"key":"SkillPotion"},{"floor":27,"key":"Ancient Potion"},{"floor":31,"key":"SteroidPotion"},{"floor":35,"key":"Regen Potion"},{"floor":41,"key":"Ancient Potion"},{"floor":45,"key":"Swift Potion"}],"is_trial":false,"path_per_floor":["M","M","T","$","M","R","E","M","T","?","M","E","M","M","R","B",null,"M","?","M","T","$","R","E","M","T","E","R","$","T","M","R","B",null,"M","?","?","M","$","R","M","R","T","R","M","?","M","$","R","B",null],"character_chosen":"IRONCLAD","items_purchased":["Inflame","Shockwave","Feed","Regen Potion","Offering","Rampage"],"campfire_rested":2,"item_purchase_floors":[4,4,4,4,22,39],"current_hp_per_floor":[78,76,76,76,83,83,83,82,82,82,84,75,80,85,85,69,100,96,96,106,106,106,106,84,86,86,69,109,109,109,90,90,43,109,79,79,73,78,78,112,115,115,115,115,114,110,110,110,110,39],"gold":33,"neow_bonus":"TWO_FIFTY_GOLD","is_prod":false,"is_daily":false,"chose_seed":false,"campfire_upgraded":7,"win_rate":0,"timestamp":1565644156,"path_taken":["M","M","?","$","M","R","E","M","T","?","M","E","?","M","R","BOSS","M","?","M","?","$","R","E","M","T","E","R","$","?","M","R","BOSS","M","?","?","M","$","R","M","R","T","R","M","?","M","?","R","BOSS"],"build_version":"2019-07-17","purchased_purges":1,"victory":true,"max_hp_per_floor":[80,80,80,80,83,83,83,86,86,86,86,89,93,96,96,100,100,103,103,106,106,106,106,106,109,109,109,109,109,109,109,109,109,109,112,112,112,112,112,112,116,116,116,116,116,110,110,110,110,110],"card_choices":[{"not_picked":["Iron Wave","Wild Strike"],"picked":"Pommel Strike","floor":1},{"not_picked":["Shrug It Off","Clash"],"picked":"Uppercut","floor":2},{"not_picked":["Twin Strike","Iron Wave"],"picked":"Armaments","floor":5},{"not_picked":["Flex","Power Through"],"picked":"Fiend Fire","floor":7},{"not_picked":["Clothesline","Fire Breathing"],"picked":"Flame Barrier","floor":8},{"not_picked":["Body Slam","Pummel"],"picked":"True Grit","floor":11},{"not_picked":["Reckless Charge","True Grit"],"picked":"Shrug It Off","floor":12},{"not_picked":["Clash","Sword Boomerang","Clothesline"],"picked":"SKIP","floor":13},{"not_picked":["Combust","Thunderclap"],"picked":"Seeing Red","floor":14},{"not_picked":["Offering","Limit Break"],"picked":"Immolate","floor":16},{"not_picked":["Armaments","Wild Strike","Carnage"],"picked":"SKIP","floor":18},{"not_picked":["Flex","Thunderclap"],"picked":"Combust+1","floor":20},{"not_picked":["Heavy Blade","Juggernaut","Iron Wave"],"picked":"SKIP","floor":24},{"not_picked":["Anger","Clothesline","Warcry"],"picked":"SKIP","floor":25},{"not_picked":["Sword Boomerang","Iron Wave"],"picked":"Bloodletting","floor":27},{"not_picked":["Heavy Blade","Searing Blow"],"picked":"Demon Form","floor":31},{"not_picked":["Bludgeon","Dark Embrace"],"picked":"Brutality","floor":33},{"not_picked":[],"picked":"Battle Trance","floor":35},{"not_picked":["Twin Strike+1"],"picked":"SKIP","floor":38},{"not_picked":["Thunderclap"],"picked":"SKIP","floor":41},{"not_picked":["Fire Breathing"],"picked":"SKIP","floor":45},{"not_picked":[],"picked":"Heavy Blade","floor":47}],"player_experience":28678,"relics_obtained":[{"floor":3,"key":"Pen Nib"},{"floor":7,"key":"Ice Cream"},{"floor":9,"key":"Regal Pillow"},{"floor":12,"key":"Bird Faced Urn"},{"floor":21,"key":"Juzu Bracelet"},{"floor":24,"key":"Bottled Lightning"},{"floor":26,"key":"Potion Belt"},{"floor":27,"key":"Mercury Hourglass"},{"floor":30,"key":"Vajra"},{"floor":37,"key":"Old Coin"},{"floor":43,"key":"Self Forming Clay"}],"event_choices":[{"cards_removed":["Strike_R"],"damage_healed":0,"gold_gain":0,"player_choice":"Purged","damage_taken":0,"max_hp_gain":0,"max_hp_loss":0,"event_name":"Purifier","floor":10,"gold_loss":0},{"damage_healed":0,"gold_gain":0,"player_choice":"Opened","damage_taken":0,"relics_obtained":["Boot"],"max_hp_gain":0,"max_hp_loss":0,"event_name":"The Mausoleum","floor":19,"gold_loss":0},{"damage_healed":0,"gold_gain":0,"player_choice":"Ignored","damage_taken":0,"max_hp_gain":0,"max_hp_loss":0,"event_name":"Mysterious Sphere","floor":36,"gold_loss":0},{"damage_healed":0,"gold_gain":0,"player_choice":"Fight","damage_taken":0,"max_hp_gain":0,"max_hp_loss":0,"event_name":"MindBloom","floor":37,"gold_loss":0},{"damage_healed":0,"gold_gain":0,"player_choice":"Max HP","damage_taken":0,"max_hp_gain":0,"max_hp_loss":6,"event_name":"Winding Halls","floor":46,"gold_loss":0}],"is_beta":false,"boss_relics":[{"not_picked":["Philosopher\u0027s Stone","Runic Pyramid"],"picked":"Ectoplasm"},{"not_picked":["Coffee Dripper","Lizard Tail"],"picked":"Busted Crown"}],"items_purged_floors":[4],"is_endless":false,"potions_floor_spawned":[1,8,12,16,18,27,31,35,41,45],"ascension_level":1}