{"gold_per_floor":[110,124,140,155,105,140,140,168,168,168,343,369,383,416,416,515,515,528,528,203,219,230,230,256,256,256,283,293,218,243,114,114,212,212,230,250,150,150,150,182,235,267,313,313,160,171,204,104,104,104,104,104,104,135,135],"floor_reached":56,"playtime":5338,"items_purged":["Strike_B","Doubt","Defend_B"],"score":1324,"play_id":"11a9cf04-ea04-41ca-97b4-328cb1f92581","local_time":"20190811230248","is_ascension_mode":true,"campfire_choices":[{"data":"Zap","floor":7,"key":"SMITH"},{"data":"Echo Form","floor":10,"key":"SMITH"},{"data":"Chill","floor":15,"key":"SMITH"},{"data":"Echo Form","floor":23,"key":"SMITH"},{"data":"Rainbow","floor":25,"key":"SMITH"},{"floor":32,"key":"REST"},{"floor":49,"key":"RECALL"},{"data":"Seek","floor":52,"key":"SMITH"}],"neow_cost":"NONE","seed_source_timestamp":2338009817082833,"circlet_count":0,"master_deck":["Defend_B","Defend_B","Defend_B","Zap+1","Dualcast","Gash","Auto Shields","Chill+1","Gash","Echo Form+1","Gash","Glacier","All For One","Rainbow+1","Echo Form+1","Heatsinks","Capacitor+1","Loop","Self Repair","Defragment","Gash","Seek+1","Compile Driver","Master of Strategy","Gash+1"],"relics":["FrozenCore","Blood Vial","Shuriken","Sundial","Bronze Scales","Meat on the Bone","Sozu","Mummified Hand","Orichalcum","WingedGreaves","Art of War","The Courier","Incense Burner","Pantograph","Boot","ClockworkSouvenir","Strawberry"],"potions_floor_usage":[3,8,14,27,28],"damage_taken":[{"damage":0,"enemies":"Cultist","floor":1,"turns":3},{"damage":1,"enemies":"2 Louse","floor":2,"turns":2},{"damage":1,"enemies":"Jaw Worm","floor":3,"turns":3},{"damage":3,"enemies":"3 Louse","floor":4,"turns":4},{"damage":4,"enemies":"Lagavulin","floor":6,"turns":8},{"damage":0,"enemies":"3 Sentries","floor":8,"turns":7},{"damage":19,"enemies":"Gremlin Nob","floor":12,"turns":5},{"damage":7,"enemies":"Blue Slaver","floor":13,"turns":2},{"damage":17,"enemies":"Lagavulin","floor":14,"turns":7},{"damage":11,"enemies":"Slime Boss","floor":16,"turns":7},{"damage":0,"enemies":"Chosen","floor":18,"turns":3},{"damage":13,"enemies":"Shell Parasite","floor":21,"turns":4},{"damage":3,"enemies":"Snecko","floor":22,"turns":5},{"damage":13,"enemies":"Book of Stabbing","floor":24,"turns":6},{"damage":47,"enemies":"Slavers","floor":27,"turns":6},{"damage":11,"enemies":"Shelled Parasite and Fungi","floor":28,"turns":5},{"damage":12,"enemies":"Collector","floor":33,"turns":7},{"damage":37,"enemies":"3 Shapes","floor":35,"turns":5},{"damage":5,"enemies":"Orb Walker","floor":36,"turns":3},{"damage":32,"enemies":"Nemesis","floor":40,"turns":5},{"damage":35,"enemies":"2 Orb Walkers","floor":41,"turns":5},{"damage":2,"enemies":"Giant Head","floor":42,"turns":5},{"damage":26,"enemies":"Transient","floor":46,"turns":5},{"damage":15,"enemies":"Nemesis","floor":47,"turns":7},{"damage":30,"enemies":"Donu and Deca","floor":50,"turns":5},{"damage":1,"enemies":"Shield and Spear","floor":54,"turns":5},{"damage":59,"enemies":"The Heart","floor":55,"turns":7}],"seed_played":"-5952884086119718057","potions_obtained":[{"floor":2,"key":"Fruit Juice"},{"floor":3,"key":"Regen Potion"},{"floor":4,"key":"Fire Potion"},{"floor":8,"key":"SpeedPotion"},{"floor":12,"key":"Swift Potion"}],"is_trial":false,"path_per_floor":["M","M","M","M","?","E","R","E","T","R","?","E","M","E","R","B",null,"M","?","$","M","M","R","E","R","T","E","M","?","T","$","R","B",null,"M","M","$","?","?","E","?","E","T","$","$","M","E","$","R","B",null,"R","$","E","B",null],"character_chosen":"DEFECT","items_purchased":["Mummified Hand","Defragment","Gash","ClockworkSouvenir"],"campfire_rested":1,"item_purchase_floors":[20,31,31,45],"current_hp_per_floor":[75,74,78,75,75,71,71,73,73,73,73,56,51,51,51,42,80,80,80,80,67,66,66,55,55,55,22,39,39,39,39,63,60,80,50,61,61,61,61,57,50,64,64,64,64,47,53,53,53,57,83,83,83,83,50],"gold":135,"neow_bonus":"ONE_RANDOM_RARE_CARD","is_prod":false,"is_daily":false,"chose_seed":false,"campfire_upgraded":6,"win_rate":0,"timestamp":1565553768,"path_taken":["M","M","?","M","?","E","R","E","T","R","?","E","M","E","R","BOSS","M","?","$","M","M","R","E","R","T","E","M","?","?","$","R","BOSS","M","M","$","?","?","E","?","E","T","?","$","M","E","?","R","BOSS","R","$","E","BOSS"],"build_version":"2019-07-17","purchased_purges":3,"victory":true,"max_hp_per_floor":[75,75,80,80,80,80,80,80,80,80,80,80,80,80,80,80,80,80,80,80,80,80,80,80,80,80,80,80,80,80,80,80,80,80,80,80,80,80,76,76,76,76,76,76,76,76,83,83,83,83,83,83,83,83,83],"card_choices":[{"not_picked":["Turbo","Compile Driver"],"picked":"Gash","floor":1},{"not_picked":["Beam Cell","Lockon"],"picked":"Auto Shields","floor":2},{"not_picked":["Hologram","Scrape","Force Field"],"picked":"SKIP","floor":3},{"not_picked":["Blizzard","Consume"],"picked":"Chill","floor":4},{"not_picked":["Rip and Tear","Go for the Eyes"],"picked":"Gash","floor":6},{"not_picked":["Chaos","Auto Shields"],"picked":"Echo Form","floor":8},{"not_picked":["Steam","Redo"],"picked":"Gash","floor":12},{"not_picked":["Go for the Eyes","Barrage"],"picked":"Glacier","floor":13},{"not_picked":["Aggregate","Chill"],"picked":"All For One","floor":14},{"not_picked":["Thunder Strike","Biased Cognition"],"picked":"Rainbow","floor":16},{"not_picked":["Cold Snap","Coolheaded","Stack+1"],"picked":"SKIP","floor":18},{"not_picked":["Turbo","Rip and Tear"],"picked":"Capacitor+1","floor":21},{"not_picked":["Turbo+1","Sweeping Beam"],"picked":"Loop","floor":22},{"not_picked":["Hologram","Redo+1","Ball Lightning"],"picked":"SKIP","floor":24},{"not_picked":["Scrape+1","Stack+1"],"picked":"Self Repair","floor":27},{"not_picked":["Undo+1","Conserve Battery","Streamline"],"picked":"SKIP","floor":28},{"not_picked":["All For One","Reboot"],"picked":"Seek","floor":33},{"not_picked":["Steam+1","Beam Cell"],"picked":"Compile Driver","floor":35},{"not_picked":["Static Discharge+1","Scrape+1","Compile Driver"],"picked":"SKIP","floor":36},{"not_picked":["Static Discharge+1","Scrape+1","Compile Driver"],"picked":"SKIP","floor":36},{"not_picked":["Secret Weapon","Discovery"],"picked":"Master of Strategy","floor":38},{"not_picked":["Chill","Steam Power"],"picked":"Gash+1","floor":40},{"not_picked":["Amplify","Static Discharge+1","Streamline"],"picked":"SKIP","floor":42},{"not_picked":["Aggregate+1","Hologram+1","Loop"],"picked":"SKIP","floor":46},{"not_picked":["Redo+1","Doom and Gloom","Steam"],"picked":"SKIP","floor":47},{"not_picked":["Steam+1","Ball Lightning","Melter+1"],"picked":"SKIP","floor":54}],"player_experience":166875,"relics_obtained":[{"floor":6,"key":"Blood Vial"},{"floor":8,"key":"Shuriken"},{"floor":9,"key":"Sundial"},{"floor":12,"key":"Bronze Scales"},{"floor":14,"key":"Meat on the Bone"},{"floor":24,"key":"Orichalcum"},{"floor":27,"key":"WingedGreaves"},{"floor":30,"key":"Art of War"},{"floor":40,"key":"The Courier"},{"floor":41,"key":"Incense Burner"},{"floor":42,"key":"Pantograph"},{"floor":43,"key":"Boot"},{"floor":47,"key":"Strawberry"}],"event_choices":[{"cards_removed":["Strike_B"],"damage_healed":0,"gold_gain":0,"player_choice":"Card Removal","damage_taken":0,"max_hp_gain":0,"max_hp_loss":0,"event_name":"The Cleric","floor":5,"gold_loss":50},{"damage_healed":0,"gold_gain":175,"player_choice":"AGREE","damage_taken":0,"max_hp_gain":0,"max_hp_loss":0,"event_name":"Liars Game","floor":11,"gold_loss":0,"cards_obtained":["Doubt"]},{"damage_healed":0,"gold_gain":0,"cards_transformed":["Strike_B","Biased Cognition"],"player_choice":"Became Test Subject","damage_taken":0,"max_hp_gain":0,"max_hp_loss":0,"event_name":"Drug Dealer","floor":19,"gold_loss":0,"cards_obtained":["Echo Form","Heatsinks"]},{"cards_removed":["Strike_B"],"damage_healed":0,"gold_gain":0,"player_choice":"Gave Gold","damage_taken":0,"max_hp_gain":0,"max_hp_loss":0,"event_name":"Beggar","floor":29,"gold_loss":75},{"damage_healed":0,"gold_gain":0,"player_choice":"Memory 1","damage_taken":0,"max_hp_gain":0,"max_hp_loss":0,"event_name":"SensoryStone","floor":38,"gold_loss":0},{"damage_healed":0,"gold_gain":0,"player_choice":"Max HP","damage_taken":0,"max_hp_gain":0,"max_hp_loss":4,"event_name":"Winding Halls","floor":39,"gold_loss":0},{"damage_healed":0,"gold_gain":0,"player_choice":"Fight","damage_taken":0,"max_hp_gain":0,"max_hp_loss":0,"event_name":"Mysterious Sphere","floor":41,"gold_loss":0}],"is_beta":false,"boss_relics":[{"not_picked":["Fusion Hammer","Eternal Feather"],"picked":"Sozu"},{"not_picked":["Orrery","Runic Dome"],"picked":"FrozenCore"}],"items_purged_floors":[20,37,48],"is_endless":false,"potions_floor_spawned":[2,3,4,8,12,18,24,33,36,40,54],"ascension_level":1}