{"gold_per_floor":[114,114,130,130,106,106,141,91,91,104,114,114,114,126,126,227,227,241,261,275,275,288,288,320,8,8,24,49,49,69,0,0,105,105,116,116,128,182,80,80,90,119,119,136,86,96,114,131,131,131],"floor_reached":51,"playtime":7032,"items_purged":["Strike_B","Writhe","Clumsy"],"score":721,"play_id":"8083e38d-68f4-4360-9f0a-db711113e2fa","local_time":"20190804140327","is_ascension_mode":false,"campfire_choices":[{"data":"Redo","floor":6.0,"key":"SMITH"},{"data":"Streamline","floor":12.0,"key":"SMITH"},{"floor":15.0,"key":"REST"},{"data":"Dualcast","floor":23.0,"key":"SMITH"},{"data":"Seek","floor":29,"key":"SMITH"},{"floor":32,"key":"REST"},{"data":"Steam","floor":40,"key":"SMITH"},{"data":"Buffer","floor":49,"key":"SMITH"}],"neow_cost":"NONE","seed_source_timestamp":0,"circlet_count":0,"master_deck":["Defend_B","Defend_B","Zap+1","Dualcast+1","Ball Lightning","Fusion+1","Streamline+1","Redo+1","Sweeping Beam","All For One","Undo","Steam+1","Seek+1","Redo+1","Go for the Eyes","Go for the Eyes+1","Skim","Go for the Eyes","Master of Strategy","Flash of Steel","Undo+1","Ball Lightning","Buffer+1","Electrodynamics","Streamline+1","Conserve Battery+1","Conserve Battery+1","Leap","Sweeping Beam+1","Rebound+1","Self Repair+1","Auto Shields+1"],"special_seed":0,"relics":["Cracked Core","Centennial Puzzle","Smiling Mask","Runic Pyramid","Meat on the Bone","Nunchaku","Bottled Flame","Cursed Key","Bird Faced Urn","Du-Vu Doll","Mercury Hourglass"],"potions_floor_usage":[42,44,50,50,50],"damage_taken":[{"damage":0.0,"enemies":"2 Louse","floor":1.0,"turns":3.0},{"damage":1.0,"enemies":"Cultist","floor":3.0,"turns":3.0},{"damage":8.0,"enemies":"Gremlin Nob","floor":7.0,"turns":3.0},{"damage":1.0,"enemies":"Jaw Worm","floor":10.0,"turns":2.0},{"damage":11.0,"enemies":"3 Louse","floor":11.0,"turns":2.0},{"damage":0.0,"enemies":"Looter","floor":14.0,"turns":3.0},{"damage":1.0,"enemies":"The Guardian","floor":16.0,"turns":9.0},{"damage":7.0,"enemies":"Shell Parasite","floor":18.0,"turns":3.0},{"damage":5.0,"enemies":"3 Byrds","floor":19.0,"turns":4.0},{"damage":8.0,"enemies":"Sentry and Sphere","floor":20.0,"turns":4.0},{"damage":0.0,"enemies":"Centurion and Healer","floor":22.0,"turns":6.0},{"damage":11.0,"enemies":"Book of Stabbing","floor":24.0,"turns":4.0},{"damage":10.0,"enemies":"Snake Plant","floor":27.0,"turns":3.0},{"damage":2.0,"enemies":"Gremlin Leader","floor":28.0,"turns":3.0},{"damage":0,"enemies":"Cultist and Chosen","floor":30,"turns":6},{"damage":14,"enemies":"Champ","floor":33,"turns":8},{"damage":22,"enemies":"3 Shapes","floor":35,"turns":2},{"damage":0,"enemies":"Orb Walker","floor":37,"turns":3},{"damage":6,"enemies":"2 Orb Walkers","floor":38,"turns":3},{"damage":3,"enemies":"Spire Growth","floor":41,"turns":5},{"damage":0,"enemies":"Giant Head","floor":42,"turns":7},{"damage":1,"enemies":"Jaw Worm Horde","floor":44,"turns":2},{"damage":16,"enemies":"4 Shapes","floor":46,"turns":2},{"damage":0,"enemies":"Maw","floor":47,"turns":7},{"damage":0,"enemies":"Jaw Worm Horde","floor":48,"turns":2},{"damage":3,"enemies":"Donu and Deca","floor":50,"turns":8}],"seed_played":"9204346463455498601","potions_obtained":[{"floor":1.0,"key":"SpeedPotion"},{"floor":7.0,"key":"Strength Potion"},{"floor":10.0,"key":"Dexterity Potion"},{"floor":20.0,"key":"Explosive Potion"},{"floor":22.0,"key":"Swift Potion"},{"floor":30,"key":"GamblersBrew"},{"floor":33,"key":"Fire Potion"},{"floor":35,"key":"Weak Potion"},{"floor":42,"key":"Dexterity Potion"},{"floor":47,"key":"SkillPotion"}],"is_trial":false,"path_per_floor":["M","?","M","?","$","R","E","?","T","M","M","R","?","M","R","B",null,"M","M","M","?","M","R","E","$","T","M","E","R","M","?","R","B",null,"M","?","M","?","$","R","M","E","T","M","$","M","M","M","R","B",null],"character_chosen":"DEFECT","items_purchased":["Redo","Master of Strategy","Flash of Steel","Leap"],"campfire_rested":2,"item_purchase_floors":[5,25,25,39],"current_hp_per_floor":[75,75,74,59,59,59,51,51,51,50,39,39,39,39,61,60,75,68,63,55,55,55,55,44,44,44,46,44,44,44,44,66,52,75,53,72,72,66,66,66,67,71,71,72,72,58,72,75,75,75],"gold":131,"neow_bonus":"TRANSFORM_CARD","is_prod":false,"is_daily":false,"chose_seed":false,"campfire_upgraded":6,"win_rate":0.0,"timestamp":1564916607,"path_taken":["M","?","?","?","$","R","E","?","T","M","M","R","?","M","R","BOSS","M","M","M","?","M","R","E","?","T","?","E","R","M","?","R","BOSS","M","?","M","?","$","R","M","E","T","M","$","M","M","M","R","BOSS"],"build_version":"2019-07-17","purchased_purges":3,"victory":true,"max_hp_per_floor":[75,75,75,75,75,75,75,75,75,75,75,75,75,75,75,75,75,75,75,75,75,75,75,75,75,75,75,75,75,75,75,75,75,75,75,75,75,75,75,75,75,75,75,75,75,75,75,75,75,75],"card_choices":[{"not_picked":["Self Repair","Beam Cell"],"picked":"Fusion","floor":1.0},{"not_picked":["Redo","Cold Snap"],"picked":"Streamline","floor":3.0},{"not_picked":["Lockon","Chaos"],"picked":"Sweeping Beam","floor":7.0},{"not_picked":["Scrape","Stack"],"picked":"All For One","floor":10.0},{"not_picked":["Fusion","Barrage"],"picked":"Undo","floor":11.0},{"not_picked":["Streamline","Force Field"],"picked":"Steam","floor":14.0},{"not_picked":["Rainbow","Reboot"],"picked":"Seek","floor":16.0},{"not_picked":["Cold Snap","Chill"],"picked":"Redo+1","floor":18.0},{"not_picked":["Rip and Tear","Steam Power"],"picked":"Go for the Eyes","floor":19.0},{"not_picked":["Consume+1","Chaos"],"picked":"Go for the Eyes+1","floor":20.0},{"not_picked":["Scrape","Stack"],"picked":"Skim","floor":22.0},{"not_picked":["Tempest","Beam Cell"],"picked":"Go for the Eyes","floor":24.0},{"not_picked":["Reinforced Body","Lockon"],"picked":"Undo+1","floor":27.0},{"not_picked":["Gash","Reinforced Body"],"picked":"Ball Lightning","floor":28},{"not_picked":["Static Discharge","Streamline"],"picked":"Buffer","floor":30},{"not_picked":["Biased Cognition","Multi-Cast"],"picked":"Electrodynamics","floor":33},{"not_picked":["Sweeping Beam+1","Gash"],"picked":"Streamline+1","floor":35},{"not_picked":["Reinforced Body+1","Reprogram+1"],"picked":"Conserve Battery+1","floor":37},{"not_picked":["Barrage","Streamline+1"],"picked":"Conserve Battery+1","floor":38},{"not_picked":["Glacier+1","Double Energy"],"picked":"Sweeping Beam+1","floor":41},{"not_picked":["Blizzard","Ball Lightning+1"],"picked":"Rebound+1","floor":42},{"not_picked":["Cold Snap","Hello World+1"],"picked":"Self Repair+1","floor":44},{"not_picked":["Rebound","Sweeping Beam"],"picked":"Auto Shields+1","floor":46},{"not_picked":["Lockon+1","Beam Cell+1","Force Field"],"picked":"SKIP","floor":47},{"not_picked":["Sweeping Beam+1","Doom and Gloom","Barrage"],"picked":"SKIP","floor":48}],"player_experience":44528,"relics_obtained":[{"floor":7.0,"key":"Centennial Puzzle"},{"floor":9.0,"key":"Smiling Mask"},{"floor":24.0,"key":"Meat on the Bone"},{"floor":26.0,"key":"Nunchaku"},{"floor":28,"key":"Bottled Flame"},{"floor":38,"key":"Bird Faced Urn"},{"floor":42,"key":"Du-Vu Doll"},{"floor":43,"key":"Mercury Hourglass"}],"event_choices":[{"cards_removed":["Defend_B"],"damage_healed":0.0,"max_hp_gain":0.0,"max_hp_loss":0.0,"gold_gain":0.0,"event_name":"Purifier","player_choice":"Purged","floor":2.0,"gold_loss":0.0,"damage_taken":0.0},{"damage_healed":0.0,"max_hp_gain":0.0,"max_hp_loss":0.0,"gold_gain":0.0,"event_name":"Shining Light","player_choice":"Entered Light","floor":4.0,"gold_loss":0.0,"damage_taken":15.0,"cards_upgraded":["Fusion","Zap"]},{"cards_removed":["Strike_B"],"damage_healed":0.0,"max_hp_gain":0.0,"max_hp_loss":0.0,"gold_gain":0.0,"event_name":"The Cleric","player_choice":"Card Removal","floor":8.0,"gold_loss":50.0,"damage_taken":0.0},{"cards_removed":["Strike_B"],"damage_healed":0.0,"max_hp_gain":0.0,"max_hp_loss":0.0,"gold_gain":0.0,"event_name":"Living Wall","player_choice":"Forget","floor":13.0,"gold_loss":0.0,"damage_taken":0.0},{"cards_removed":["Strike_B"],"damage_healed":0.0,"max_hp_gain":0.0,"max_hp_loss":0.0,"gold_gain":0.0,"event_name":"Wheel of Change","player_choice":"Card Removal","floor":21.0,"gold_loss":0.0,"damage_taken":0.0},{"damage_healed":0,"gold_gain":0,"player_choice":"Paid Fearfully","damage_taken":0,"max_hp_gain":0,"max_hp_loss":0,"event_name":"Masked Bandits","floor":31,"gold_loss":69},{"damage_healed":19,"gold_gain":0,"player_choice":"Writhe","damage_taken":0,"max_hp_gain":0,"max_hp_loss":0,"event_name":"Winding Halls","floor":36,"gold_loss":0,"cards_obtained":["Writhe"]},{"damage_healed":0,"gold_gain":0,"player_choice":"Fight","damage_taken":0,"max_hp_gain":0,"max_hp_loss":0,"event_name":"Mysterious Sphere","floor":38,"gold_loss":0}],"is_beta":false,"boss_relics":[{"not_picked":["Eternal Feather","White Beast Statue"],"picked":"Runic Pyramid"},{"not_picked":["Coffee Dripper","FrozenCore"],"picked":"Cursed Key"}],"items_purged_floors":[25,39,45],"is_endless":false,"potions_floor_spawned":[1,7,10,20,22,30,33,35,37,38,42,47,48],"ascension_level":0}