{"gold_per_floor":[116,116,131,17,32,61,61,77,77,77,91,106,106,122,122,122],"floor_reached":16,"playtime":1247,"items_purged":["Strike_R"],"score":104,"play_id":"3ddd512c-28db-492a-996b-9062a01e3ad8","local_time":"20190716013403","is_ascension_mode":false,"campfire_choices":[{"data":"Burning Pact","floor":7,"key":"SMITH"},{"data":"Uppercut","floor":13,"key":"SMITH"},{"data":"Rampage","floor":15,"key":"SMITH"}],"neow_cost":"NONE","seed_source_timestamp":224635347948700,"circlet_count":0,"master_deck":["Strike_R","Strike_R","Strike_R","Defend_R","Defend_R","Defend_R","Defend_R","Bash+1","Pommel Strike","Burning Pact+1","Uppercut+1","Rampage+1","Flex","Reckless Charge"],"relics":["Burning Blood","Lantern","Paper Frog"],"potions_floor_usage":[6,8,14],"damage_taken":[{"damage":1,"enemies":"Jaw Worm","floor":1,"turns":3},{"damage":1,"enemies":"Cultist","floor":3,"turns":3},{"damage":5,"enemies":"Small Slimes","floor":5,"turns":3},{"damage":52,"enemies":"3 Sentries","floor":6,"turns":12},{"damage":3,"enemies":"Red Slaver","floor":8,"turns":5},{"damage":0,"enemies":"Exordium Wildlife","floor":11,"turns":3},{"damage":6,"enemies":"Blue Slaver","floor":12,"turns":3},{"damage":0,"enemies":"Large Slime","floor":14,"turns":4},{"damage":50,"enemies":"Hexaghost","floor":16,"turns":9}],"seed_played":"9221495149985664640","potions_obtained":[{"floor":3,"key":"Poison Potion"},{"floor":6,"key":"Weak Potion"},{"floor":12,"key":"AttackPotion"}],"is_trial":false,"path_per_floor":["M","?","M","$","M","E","R","M","T","$","M","M","R","M","R","B"],"character_chosen":"IRONCLAD","items_purchased":["Burning Pact"],"campfire_rested":0,"item_purchase_floors":[4],"current_hp_per_floor":[80,80,80,80,80,34,34,37,37,37,43,43,43,49,49,0],"gold":122,"neow_bonus":"UPGRADE_CARD","is_prod":false,"is_daily":false,"chose_seed":false,"campfire_upgraded":3,"win_rate":0,"timestamp":1563255243,"path_taken":["M","?","?","$","M","E","R","M","T","$","M","M","R","M","R","BOSS"],"build_version":"2019-07-05","purchased_purges":1,"victory":false,"max_hp_per_floor":[80,80,80,80,80,80,80,80,80,80,80,80,80,80,80,80],"card_choices":[{"not_picked":["Thunderclap","Wild Strike","Sword Boomerang"],"picked":"SKIP","floor":1},{"not_picked":["Perfected Strike","Rampage"],"picked":"Pommel Strike","floor":3},{"not_picked":["Body Slam","Pommel Strike","Headbutt"],"picked":"SKIP","floor":5},{"not_picked":["Shrug It Off","Warcry"],"picked":"Uppercut","floor":6},{"not_picked":["Heavy Blade","Immolate"],"picked":"Rampage","floor":8},{"not_picked":["Heavy Blade","Havoc"],"picked":"Flex","floor":11},{"not_picked":["Anger","Second Wind","Clash"],"picked":"SKIP","floor":12},{"not_picked":["Hemokinesis","Blood for Blood"],"picked":"Reckless Charge","floor":14}],"player_experience":210175,"relics_obtained":[{"floor":6,"key":"Lantern"},{"floor":9,"key":"Paper Frog"}],"event_choices":[{"cards_removed":["Strike_R"],"damage_healed":0,"gold_gain":0,"player_choice":"Offered Basic","damage_taken":0,"max_hp_gain":0,"max_hp_loss":0,"event_name":"Bonfire Elementals","floor":2,"gold_loss":0}],"is_beta":false,"boss_relics":[],"items_purged_floors":[4],"is_endless":false,"potions_floor_spawned":[3,6,12],"killed_by":"Hexaghost","ascension_level":0}