{"gold_per_floor":[359,359,375,375,375,408,408,21,94,19,19,44,44,44,44,145,145,164,176,176,0,100,100],"floor_reached":23,"playtime":1370,"items_purged":["Strike_B","Defend_B"],"score":203,"play_id":"13d4fc1e-5b00-4cb3-b926-cc1e04d59ec5","local_time":"20190322210923","is_ascension_mode":true,"campfire_choices":[{"floor":7,"key":"REST"},{"data":"Zap","floor":11,"key":"SMITH"},{"data":"Dualcast","floor":13,"key":"SMITH"},{"data":"Go for the Eyes","floor":15,"key":"SMITH"}],"neow_cost":"PERCENT_DAMAGE","seed_source_timestamp":428241384824700,"circlet_count":0,"master_deck":["Strike_B","Strike_B","Defend_B","Defend_B","Zap+1","Dualcast+1","Ball Lightning","Rebound","Cold Snap","Self Repair","Go for the Eyes+1","Seek","Sweeping Beam","Scrape+1","BootSequence","Loop"],"relics":["Cracked Core","Omamori","StoneCalendar","Lee\u0027s Waffle","Art of War","Matryoshka","Bottled Tornado","Black Star","Prayer Wheel","Singing Bowl"],"potions_floor_usage":[16,22,22],"damage_taken":[{"damage":5,"enemies":"2 Louse","floor":1,"turns":2},{"damage":6,"enemies":"Jaw Worm","floor":3,"turns":3},{"damage":8,"enemies":"Gremlin Nob","floor":6,"turns":3},{"damage":10,"enemies":"3 Sentries","floor":12,"turns":6},{"damage":1,"enemies":"The Guardian","floor":16,"turns":10},{"damage":15,"enemies":"2 Thieves","floor":18,"turns":4},{"damage":13,"enemies":"Chosen","floor":19,"turns":4},{"damage":28,"enemies":"Colosseum Slavers","floor":22,"turns":4},{"damage":36,"enemies":"Colosseum Nobs","floor":22,"turns":5},{"damage":21,"enemies":"Book of Stabbing","floor":23,"turns":4}],"seed_played":"6159724632593238498","potions_obtained":[{"floor":6,"key":"EssenceOfSteel"},{"floor":16,"key":"Explosive Potion"},{"floor":18,"key":"Swift Potion"}],"is_trial":false,"path_per_floor":["M","?","M","?","?","E","R","$","T","$","R","E","R","?","R","B",null,"M","M","?","$","?","E"],"character_chosen":"DEFECT","items_purchased":["Lee\u0027s Waffle","Art of War","Self Repair","BootSequence"],"campfire_rested":1,"item_purchase_floors":[8,8,8,21],"current_hp_per_floor":[49,42,36,36,29,21,43,82,82,82,82,79,79,82,82,82,82,74,68,68,68,18,0],"gold":100,"neow_bonus":"TWO_FIFTY_GOLD","is_prod":false,"is_daily":false,"chose_seed":false,"campfire_upgraded":3,"win_rate":0,"timestamp":1553303363,"path_taken":["M","?","M","?","?","E","R","$","T","?","R","E","R","?","R","BOSS","M","M","?","$","?","E"],"build_version":"2019-01-23","purchased_purges":2,"victory":false,"max_hp_per_floor":[75,75,75,75,75,75,75,82,82,82,82,82,82,82,82,82,82,82,82,82,82,82,82],"card_choices":[{"not_picked":["Tempest","Capacitor"],"picked":"Ball Lightning","floor":1},{"not_picked":["Streamline","Stack"],"picked":"Rebound","floor":3},{"not_picked":["Darkness","Rebound"],"picked":"Cold Snap","floor":6},{"not_picked":["Hologram","Cold Snap"],"picked":"Go for the Eyes","floor":12},{"not_picked":["Thunder Strike","Echo Form"],"picked":"Seek","floor":16},{"not_picked":["Blizzard","Force Field"],"picked":"Sweeping Beam","floor":18},{"not_picked":["Go for the Eyes","Cold Snap"],"picked":"Scrape+1","floor":19},{"not_picked":["Scrape","Rebound"],"picked":"Loop","floor":22}],"player_experience":169261,"relics_obtained":[{"floor":6,"key":"StoneCalendar"},{"floor":9,"key":"Matryoshka"},{"floor":12,"key":"Bottled Tornado"},{"floor":22,"key":"Prayer Wheel"},{"floor":22,"key":"Singing Bowl"}],"event_choices":[{"damage_healed":0,"gold_gain":0,"player_choice":"Success","damage_taken":7,"relics_obtained":["Omamori"],"max_hp_gain":0,"max_hp_loss":0,"event_name":"Scrap Ooze","floor":2,"gold_loss":0},{"cards_removed":["Strike_B"],"damage_healed":0,"gold_gain":0,"player_choice":"Forget","damage_taken":0,"max_hp_gain":0,"max_hp_loss":0,"event_name":"Living Wall","floor":4,"gold_loss":0},{"cards_removed":["Defend_B"],"damage_healed":0,"gold_gain":0,"player_choice":"Card Removal","damage_taken":7,"max_hp_gain":0,"max_hp_loss":0,"event_name":"Golden Wing","floor":5,"gold_loss":0},{"damage_healed":20,"gold_gain":0,"player_choice":"Healed and dodged fight","damage_taken":0,"max_hp_gain":0,"max_hp_loss":0,"event_name":"Mushrooms","floor":14,"gold_loss":0,"cards_obtained":["Parasite"]},{"damage_healed":0,"gold_gain":0,"player_choice":"Ignored","damage_taken":0,"max_hp_gain":0,"max_hp_loss":0,"event_name":"Ghosts","floor":20,"gold_loss":0},{"damage_healed":0,"gold_gain":0,"player_choice":"Fight","damage_taken":0,"max_hp_gain":0,"max_hp_loss":0,"event_name":"Colosseum","floor":22,"gold_loss":0},{"damage_healed":0,"gold_gain":0,"player_choice":"Fought Nobs","damage_taken":0,"max_hp_gain":0,"max_hp_loss":0,"event_name":"Colosseum","floor":22,"gold_loss":0}],"is_beta":false,"boss_relics":[{"not_picked":["Calling Bell","Runic Pyramid"],"picked":"Black Star"}],"items_purged_floors":[10,21],"is_endless":false,"potions_floor_spawned":[6,16,18,22],"killed_by":"Book of Stabbing","ascension_level":1}