{"gold_per_floor":[111,131,131,151,164,192,210,227,304,316,316,348,348,348,348,445,445,465,481,154,154,54,54,69,100,125,151,151,163,163,224,224,321,321,331,350,80,130,233,265,296,322,322,322,372,3,35,48,48,48],"floor_reached":51,"playtime":5253,"items_purged":["Shame","Injury","Parasite","Writhe"],"score":905,"play_id":"d62dc55e-562e-4e17-bfba-cdc55295d45e","local_time":"20190803165221","is_ascension_mode":true,"campfire_choices":[{"data":"Reaper","floor":11,"key":"SMITH"},{"data":"Pummel","floor":13,"key":"SMITH"},{"floor":15,"key":"REST"},{"data":"Infernal Blade","floor":23,"key":"SMITH"},{"data":"Flex","floor":28,"key":"SMITH"},{"data":"Flex","floor":32,"key":"SMITH"},{"floor":44,"key":"REST"},{"floor":49,"key":"REST"}],"neow_cost":"NONE","seed_source_timestamp":1532866161823900,"circlet_count":0,"master_deck":["Strike_R","Strike_R","Strike_R","Strike_R","Strike_R","Defend_R","Defend_R","Defend_R","Defend_R","Bash+1","Combust","Heavy Blade+1","Flex+1","Pummel+1","Twin Strike","Reaper+1","Rage","Dropkick","Flex+1","Demon Form+1","Flex+1","Infernal Blade+1","Flex+1","Sword Boomerang+1","Clash+1","Clash+1","Flex+1","Offering","Sword Boomerang+1","Sword Boomerang+1","Sever Soul+1","Dropkick+1","Seeing Red","Warcry+1","Dropkick"],"relics":["Burning Blood","Frozen Egg 2","Kunai","Bottled Flame","Pocketwatch","Bag of Preparation","Calling Bell","Letter Opener","Charon\u0027s Ashes","Vajra","Paper Frog","Bag of Marbles","Boot","Darkstone Periapt","SsserpentHead","Fusion Hammer","Whetstone","WingedGreaves","Ornamental Fan","Dream Catcher","Pen Nib","Ancient Tea Set","Orichalcum","Pantograph"],"potions_floor_usage":[7,12,16,33,33,41,50,50,50],"damage_taken":[{"damage":5,"enemies":"Small Slimes","floor":1,"turns":3},{"damage":6,"enemies":"Jaw Worm","floor":2,"turns":3},{"damage":1,"enemies":"Cultist","floor":4,"turns":4},{"damage":12,"enemies":"2 Fungi Beasts","floor":5,"turns":4},{"damage":27,"enemies":"Gremlin Nob","floor":6,"turns":5},{"damage":4,"enemies":"Red Slaver","floor":7,"turns":3},{"damage":21,"enemies":"Large Slime","floor":8,"turns":5},{"damage":6,"enemies":"2 Fungi Beasts","floor":10,"turns":3},{"damage":20,"enemies":"Lagavulin","floor":12,"turns":5},{"damage":39,"enemies":"Hexaghost","floor":16,"turns":7},{"damage":18,"enemies":"3 Byrds","floor":18,"turns":4},{"damage":27,"enemies":"Shell Parasite","floor":19,"turns":4},{"damage":24,"enemies":"Centurion and Healer","floor":24,"turns":3},{"damage":16,"enemies":"Gremlin Leader","floor":25,"turns":3},{"damage":14,"enemies":"Book of Stabbing","floor":27,"turns":3},{"damage":10,"enemies":"Cultist and Chosen","floor":29,"turns":3},{"damage":0,"enemies":"3 Cultists","floor":31,"turns":2},{"damage":53,"enemies":"Champ","floor":33,"turns":6},{"damage":21,"enemies":"3 Shapes","floor":35,"turns":1},{"damage":21,"enemies":"3 Darklings","floor":36,"turns":3},{"damage":21,"enemies":"2 Orb Walkers","floor":39,"turns":2},{"damage":34,"enemies":"Reptomancer","floor":40,"turns":5},{"damage":0,"enemies":"Nemesis","floor":41,"turns":2},{"damage":11,"enemies":"Giant Head","floor":42,"turns":4},{"damage":18,"enemies":"Nemesis","floor":47,"turns":3},{"damage":6,"enemies":"Transient","floor":48,"turns":5},{"damage":53,"enemies":"Donu and Deca","floor":50,"turns":6}],"seed_played":"-1691375309556481950","potions_obtained":[{"floor":1,"key":"SteroidPotion"},{"floor":4,"key":"EssenceOfSteel"},{"floor":5,"key":"Poison Potion"},{"floor":7,"key":"Swift Potion"},{"floor":16,"key":"SneckoOil"},{"floor":18,"key":"FearPotion"},{"floor":25,"key":"PowerPotion"},{"floor":31,"key":"Weak Potion"},{"floor":33,"key":"AttackPotion"},{"floor":36,"key":"Dexterity Potion"},{"floor":47,"key":"SpeedPotion"}],"is_trial":false,"path_per_floor":["M","M","?","M","M","E","M","M","T","M","R","E","R","T","R","B",null,"M","M","$","?","$","R","M","E","T","E","R","M","?","M","R","B",null,"M","M","$","?","?","E","E","E","T","R","?","$","E","M","R","B",null],"character_chosen":"IRONCLAD","items_purchased":["Paper Frog","Whetstone","Seeing Red","Orichalcum"],"campfire_rested":3,"item_purchase_floors":[20,37,46,46],"current_hp_per_floor":[80,80,55,60,54,33,35,26,26,34,34,27,27,27,51,28,80,68,47,47,47,47,47,41,70,70,62,62,58,58,80,80,33,80,77,62,62,83,68,61,83,78,78,83,83,83,77,77,83,36],"gold":48,"neow_bonus":"UPGRADE_CARD","is_prod":false,"is_daily":false,"chose_seed":false,"campfire_upgraded":5,"win_rate":0,"timestamp":1564840341,"path_taken":["M","M","?","M","M","E","M","M","T","M","R","E","R","?","R","BOSS","M","M","$","?","$","R","M","E","T","E","R","?","?","?","R","BOSS","M","M","$","?","?","E","E","E","T","R","?","$","E","M","R","BOSS"],"build_version":"2019-07-17","purchased_purges":4,"victory":true,"max_hp_per_floor":[80,80,80,80,80,80,80,80,80,80,80,80,80,80,80,80,80,80,80,80,80,80,80,80,80,80,80,80,80,80,80,80,80,80,80,80,77,83,83,83,83,83,83,83,83,83,83,83,83,83],"card_choices":[{"not_picked":["Entrench","Headbutt"],"picked":"Combust","floor":1},{"not_picked":["Burning Pact","True Grit"],"picked":"Heavy Blade","floor":2},{"not_picked":["Hemokinesis","Shockwave"],"picked":"Flex","floor":4},{"not_picked":["Clash","Fire Breathing+1"],"picked":"Pummel","floor":5},{"not_picked":["Body Slam","Headbutt"],"picked":"Twin Strike","floor":6},{"not_picked":["Thunderclap","Bloodletting"],"picked":"Reaper","floor":7},{"not_picked":["Armaments","Shrug It Off"],"picked":"Rage","floor":8},{"not_picked":["Headbutt","Spot Weakness"],"picked":"Dropkick","floor":10},{"not_picked":["Perfected Strike","Corruption+1"],"picked":"Flex","floor":12},{"not_picked":["Dark Embrace+1","Limit Break"],"picked":"Demon Form+1","floor":16},{"not_picked":["Carnage","Combust+1"],"picked":"Flex+1","floor":18},{"not_picked":["Iron Wave","Body Slam"],"picked":"Infernal Blade","floor":19},{"not_picked":["Clash+1","Feel No Pain+1"],"picked":"Sword Boomerang+1","floor":24},{"not_picked":["Pommel Strike+1","Shockwave"],"picked":"Clash+1","floor":25},{"not_picked":["Sword Boomerang","Cleave","Barricade+1"],"picked":"SKIP","floor":27},{"not_picked":["Cleave","Iron Wave"],"picked":"Clash+1","floor":29},{"not_picked":["Battle Trance","Iron Wave"],"picked":"Flex+1","floor":31},{"not_picked":["Double Tap","Fiend Fire"],"picked":"Offering","floor":33},{"not_picked":["Rampage","Perfected Strike+1","Spot Weakness"],"picked":"SKIP","floor":35},{"not_picked":["Iron Wave+1","Pommel Strike+1"],"picked":"Sword Boomerang","floor":36},{"not_picked":["True Grit","Intimidate+1"],"picked":"Sword Boomerang+1","floor":39},{"not_picked":["Double Tap","Spot Weakness"],"picked":"Sever Soul+1","floor":40},{"not_picked":["Corruption+1","Shrug It Off+1","Blood for Blood"],"picked":"SKIP","floor":41},{"not_picked":["Body Slam","Clothesline","Entrench+1"],"picked":"SKIP","floor":42},{"not_picked":["Twin Strike","Anger"],"picked":"Dropkick+1","floor":44},{"not_picked":["Armaments+1","Body Slam"],"picked":"Warcry+1","floor":47},{"not_picked":["Body Slam","Burning Pact"],"picked":"Dropkick","floor":48}],"player_experience":18965,"relics_obtained":[{"floor":6,"key":"Kunai"},{"floor":9,"key":"Bottled Flame"},{"floor":12,"key":"Pocketwatch"},{"floor":14,"key":"Bag of Preparation"},{"floor":17,"key":"Letter Opener"},{"floor":17,"key":"Charon\u0027s Ashes"},{"floor":17,"key":"Vajra"},{"floor":25,"key":"Bag of Marbles"},{"floor":26,"key":"Boot"},{"floor":27,"key":"Darkstone Periapt"},{"floor":39,"key":"WingedGreaves"},{"floor":40,"key":"Ornamental Fan"},{"floor":41,"key":"Dream Catcher"},{"floor":42,"key":"Pen Nib"},{"floor":43,"key":"Ancient Tea Set"},{"floor":47,"key":"Pantograph"}],"event_choices":[{"damage_healed":0,"gold_gain":0,"player_choice":"Success","damage_taken":25,"relics_obtained":["Frozen Egg 2"],"max_hp_gain":0,"max_hp_loss":0,"event_name":"Scrap Ooze","floor":3,"gold_loss":0},{"damage_healed":0,"gold_gain":0,"player_choice":"Copied","damage_taken":0,"max_hp_gain":0,"max_hp_loss":0,"event_name":"Duplicator","floor":21,"gold_loss":0,"cards_obtained":["Flex"]},{"damage_healed":0,"gold_gain":0,"player_choice":"Trade","damage_taken":0,"relics_obtained":["SsserpentHead"],"max_hp_gain":0,"max_hp_loss":0,"event_name":"FaceTrader","floor":30,"gold_loss":0},{"damage_healed":19,"gold_gain":0,"player_choice":"Writhe","damage_taken":0,"max_hp_gain":0,"max_hp_loss":0,"event_name":"Winding Halls","floor":38,"gold_loss":0,"cards_obtained":["Writhe"]},{"damage_healed":0,"gold_gain":0,"player_choice":"Fight","damage_taken":0,"max_hp_gain":0,"max_hp_loss":0,"event_name":"Mysterious Sphere","floor":39,"gold_loss":0},{"damage_healed":0,"gold_gain":0,"player_choice":"Ignored","damage_taken":0,"max_hp_gain":0,"max_hp_loss":0,"event_name":"Tomb of Lord Red Mask","floor":45,"gold_loss":0}],"is_beta":false,"boss_relics":[{"not_picked":["Lizard Tail","Runic Cube"],"picked":"Calling Bell"},{"not_picked":["Busted Crown","Black Star"],"picked":"Fusion Hammer"}],"items_purged_floors":[20,22,37,46],"is_endless":false,"potions_floor_spawned":[1,4,5,7,16,18,25,31,33,36,47],"ascension_level":1}