{"gold_per_floor":[114,114,132,145,161,194,206,230,242,254,115,128,128,139,139,139],"floor_reached":16,"playtime":1512,"items_purged":["Defend_G"],"score":104,"play_id":"b12043a4-2dcd-4e60-8181-e1124607b457","local_time":"20190720012440","is_ascension_mode":false,"campfire_choices":[{"data":"Footwork","floor":7,"key":"SMITH"},{"data":"Caltrops","floor":13,"key":"SMITH"},{"data":"Footwork","floor":15,"key":"SMITH"}],"neow_cost":"NONE","seed_source_timestamp":27993237557200,"circlet_count":0,"master_deck":["Strike_G","Strike_G","Strike_G","Strike_G","Defend_G","Defend_G","Defend_G","Defend_G","Survivor","Neutralize+1","Blade Dance","Flying Knee","Slice","Footwork+1","Heel Hook","Caltrops+1","Footwork+1","Escape Plan"],"relics":["Ring of the Snake","MawBank","Pear"],"potions_floor_usage":[12,14],"damage_taken":[{"damage":0,"enemies":"Jaw Worm","floor":1,"turns":5},{"damage":0,"enemies":"Cultist","floor":3,"turns":4},{"damage":0,"enemies":"2 Louse","floor":4,"turns":2},{"damage":44,"enemies":"Exordium Thugs","floor":5,"turns":8},{"damage":15,"enemies":"3 Sentries","floor":6,"turns":9},{"damage":0,"enemies":"2 Fungi Beasts","floor":8,"turns":4},{"damage":8,"enemies":"Large Slime","floor":12,"turns":6},{"damage":7,"enemies":"3 Louse","floor":14,"turns":2},{"damage":10,"enemies":"The Guardian","floor":16,"turns":2}],"seed_played":"-9184539732483702584","potions_obtained":[{"floor":3,"key":"Ancient Potion"},{"floor":6,"key":"EssenceOfSteel"},{"floor":12,"key":"Fire Potion"}],"is_trial":false,"path_per_floor":["M","?","M","M","M","E","R","M","T","T","$","M","R","M","R","B"],"character_chosen":"THE_SILENT","items_purchased":["Caltrops"],"campfire_rested":0,"item_purchase_floors":[11],"current_hp_per_floor":[70,70,70,70,26,11,11,11,11,21,21,13,13,6,6,0],"gold":139,"neow_bonus":"UPGRADE_CARD","is_prod":false,"is_daily":false,"chose_seed":false,"campfire_upgraded":3,"win_rate":0,"timestamp":1563600280,"path_taken":["M","?","M","?","M","E","R","M","T","?","$","M","R","M","R","BOSS"],"build_version":"2019-07-17","purchased_purges":1,"victory":false,"max_hp_per_floor":[70,70,70,70,70,70,70,70,70,80,80,80,80,80,80,80],"card_choices":[{"not_picked":["Bane","Dagger Throw"],"picked":"Blade Dance","floor":1},{"not_picked":["Acrobatics","Deadly Poison"],"picked":"Flying Knee","floor":3},{"not_picked":["Terror","Bullet Time"],"picked":"Slice","floor":4},{"not_picked":["Poisoned Stab","PiercingWail","Blade Dance"],"picked":"SKIP","floor":5},{"not_picked":["Distraction","Riddle With Holes"],"picked":"Footwork","floor":6},{"not_picked":["Sucker Punch","Choke"],"picked":"Heel Hook","floor":8},{"not_picked":["Eviscerate","Dagger Spray"],"picked":"Footwork","floor":12},{"not_picked":["Quick Slash","Deadly Poison"],"picked":"Escape Plan","floor":14}],"player_experience":329809,"relics_obtained":[{"floor":6,"key":"MawBank"},{"floor":10,"key":"Pear"}],"event_choices":[{"cards_removed":["Strike_G"],"damage_healed":0,"gold_gain":0,"player_choice":"Purged","damage_taken":0,"max_hp_gain":0,"max_hp_loss":0,"event_name":"Purifier","floor":2,"gold_loss":0}],"is_beta":false,"boss_relics":[],"items_purged_floors":[11],"is_endless":false,"potions_floor_spawned":[3,6,12],"killed_by":"The Guardian","ascension_level":0}