{"gold_per_floor":[115,115,131,131,151,151,185,185,230,255,34,48,48,61,61,166,166,185,135,154,174,174,203,203,228,251,251],"floor_reached":27,"playtime":3034,"items_purged":["Regret"],"score":311,"play_id":"7a953df3-4765-4ac6-b608-d6c65c9cc41d","local_time":"20190803185232","is_ascension_mode":false,"campfire_choices":[{"data":"Neutralize","floor":6,"key":"SMITH"},{"data":"Endless Agony","floor":8,"key":"SMITH"},{"floor":15,"key":"REST"},{"data":"Noxious Fumes","floor":24,"key":"SMITH"}],"neow_cost":"NONE","seed_source_timestamp":1542331647415000,"circlet_count":0,"master_deck":["Strike_G","Strike_G","Strike_G","Strike_G","Strike_G","Defend_G","Defend_G","Defend_G","Defend_G","Survivor+1","Neutralize+1","Poisoned Stab","Endless Agony+1","Heel Hook","Deadly Poison+1","Sucker Punch","Die Die Die","Dodge and Roll","Unload","All Out Attack","Slice","Reflex","Noxious Fumes+1","Caltrops","Underhanded Strike+1"],"relics":["Ring of the Snake","Bag of Preparation","Centennial Puzzle","Juzu Bracelet","Ginger","Snake Skull","Sozu","War Paint","PreservedInsect","Regal Pillow"],"potions_floor_usage":[7,14,16,23],"damage_taken":[{"damage":2,"enemies":"Jaw Worm","floor":1,"turns":7},{"damage":3,"enemies":"Small Slimes","floor":3,"turns":4},{"damage":0,"enemies":"Cultist","floor":5,"turns":3},{"damage":38,"enemies":"Lagavulin","floor":7,"turns":7},{"damage":25,"enemies":"Gremlin Nob","floor":10,"turns":4},{"damage":1,"enemies":"Blue Slaver","floor":12,"turns":2},{"damage":0,"enemies":"Gremlin Gang","floor":14,"turns":2},{"damage":0,"enemies":"Hexaghost","floor":16,"turns":9},{"damage":7,"enemies":"2 Thieves","floor":18,"turns":3},{"damage":3,"enemies":"Shell Parasite","floor":20,"turns":4},{"damage":6,"enemies":"3 Cultists","floor":21,"turns":5},{"damage":30,"enemies":"Gremlin Leader","floor":23,"turns":5},{"damage":18,"enemies":"Book of Stabbing","floor":25,"turns":5},{"damage":16,"enemies":"Sentry and Sphere","floor":27,"turns":3}],"seed_played":"-3187667901370315136","potions_obtained":[{"floor":5,"key":"SpeedPotion"},{"floor":7,"key":"Dexterity Potion"},{"floor":10,"key":"Explosive Potion"},{"floor":12,"key":"Block Potion"}],"is_trial":false,"path_per_floor":["M","?","M","?","M","R","E","R","T","E","$","M","?","M","R","B",null,"M","?","M","M","?","E","R","E","T","M"],"character_chosen":"THE_SILENT","items_purchased":["Snake Skull"],"campfire_rested":1,"item_purchase_floors":[11],"current_hp_per_floor":[75,68,65,65,65,65,27,27,27,2,2,1,1,1,24,24,77,70,70,67,61,61,31,31,13,13,0],"gold":251,"neow_bonus":"TEN_PERCENT_HP_BONUS","is_prod":false,"is_daily":false,"chose_seed":false,"campfire_upgraded":3,"win_rate":0.0,"timestamp":1564847552,"path_taken":["M","?","M","?","M","R","E","R","T","E","$","M","?","M","R","BOSS","M","?","M","M","?","E","R","E","T","M"],"build_version":"2019-07-17","purchased_purges":1,"victory":false,"max_hp_per_floor":[77,77,77,77,77,77,77,77,77,77,77,77,77,77,77,77,77,77,77,77,77,77,77,77,77,77,77],"card_choices":[{"not_picked":["Eviscerate","Backflip"],"picked":"Poisoned Stab","floor":1},{"not_picked":["Underhanded Strike","Acrobatics"],"picked":"Endless Agony","floor":3},{"not_picked":["Infinite Blades","PiercingWail"],"picked":"Heel Hook","floor":5},{"not_picked":["Backflip","Dagger Spray"],"picked":"Deadly Poison","floor":7},{"not_picked":["Masterful Stab","Dodge and Roll"],"picked":"Sucker Punch","floor":10},{"not_picked":["Well Laid Plans","Quick Slash"],"picked":"Die Die Die","floor":12},{"not_picked":["Expertise","Deadly Poison"],"picked":"Dodge and Roll","floor":14},{"not_picked":["A Thousand Cuts","Wraith Form v2"],"picked":"Unload","floor":16},{"not_picked":["Flechettes","Expertise"],"picked":"All Out Attack","floor":18},{"not_picked":["Prepared","PiercingWail"],"picked":"Slice","floor":20},{"not_picked":["Prepared","Sucker Punch"],"picked":"Reflex","floor":21},{"not_picked":["Dodge and Roll+1","Adrenaline"],"picked":"Caltrops","floor":23},{"not_picked":["Sucker Punch","Quick Slash+1"],"picked":"Underhanded Strike+1","floor":25}],"player_experience":28048,"relics_obtained":[{"floor":7,"key":"Centennial Puzzle"},{"floor":9,"key":"Juzu Bracelet"},{"floor":10,"key":"Ginger"},{"floor":23,"key":"War Paint"},{"floor":25,"key":"PreservedInsect"},{"floor":26,"key":"Regal Pillow"}],"event_choices":[{"cards_removed":["Defend_G"],"damage_healed":0,"gold_gain":0,"player_choice":"Card Removal","damage_taken":7,"max_hp_gain":0,"max_hp_loss":0,"event_name":"Golden Wing","floor":2,"gold_loss":0},{"damage_healed":0,"gold_gain":0,"player_choice":"Box","damage_taken":0,"relics_obtained":["Bag of Preparation"],"max_hp_gain":0,"max_hp_loss":0,"event_name":"Big Fish","floor":4,"gold_loss":0,"cards_obtained":["Regret"]},{"damage_healed":0,"gold_gain":0,"player_choice":"Fled","damage_taken":0,"max_hp_gain":0,"max_hp_loss":0,"event_name":"Scrap Ooze","floor":13,"gold_loss":0},{"damage_healed":0,"gold_gain":0,"player_choice":"Bet on Owner","damage_taken":0,"max_hp_gain":0,"max_hp_loss":0,"event_name":"The Joust","floor":19,"gold_loss":50},{"damage_healed":0,"gold_gain":0,"player_choice":"Read","damage_taken":0,"max_hp_gain":0,"max_hp_loss":0,"event_name":"The Library","floor":22,"gold_loss":0,"cards_obtained":["Noxious Fumes"]}],"is_beta":false,"boss_relics":[{"not_picked":["Eternal Feather","Lizard Tail"],"picked":"Sozu"}],"items_purged_floors":[11],"is_endless":false,"potions_floor_spawned":[5,7,10,12,18,21],"killed_by":"Sentry and Sphere","ascension_level":0}