{"gold_per_floor":[112,128,145,163,88,153,163,163,163,163,189,189,189,189],"floor_reached":14,"playtime":877,"items_purged":["Strike_B"],"score":120,"play_id":"ea30f3b3-187b-4d68-a168-72096c4a29ea","local_time":"20190718130211","is_ascension_mode":true,"campfire_choices":[{"data":"Genetic Algorithm","floor":8,"key":"SMITH"},{"data":"Defragment","floor":10,"key":"SMITH"}],"neow_cost":"NONE","seed_source_timestamp":84374034962200,"circlet_count":0,"master_deck":["Strike_B","Strike_B","Strike_B","Defend_B","Defend_B","Defend_B","Defend_B","Zap+1","Dualcast","Genetic Algorithm+1","Beam Cell+1","Defragment+1","Conserve Battery","Double Energy"],"relics":["Cracked Core","Tiny Chest","Bottled Flame","Sundial","FaceOfCleric"],"potions_floor_usage":[6,11,14],"damage_taken":[{"damage":7,"enemies":"Jaw Worm","floor":1,"turns":3},{"damage":0,"enemies":"Cultist","floor":2,"turns":4},{"damage":3,"enemies":"Small Slimes","floor":3,"turns":3},{"damage":6,"enemies":"Blue Slaver","floor":4,"turns":3},{"damage":30,"enemies":"Lagavulin","floor":6,"turns":7},{"damage":5,"enemies":"Looter","floor":7,"turns":3},{"damage":21,"enemies":"Gremlin Nob","floor":11,"turns":4},{"damage":6,"enemies":"Lots of Slimes","floor":14,"turns":2}],"seed_played":"-1794415153994121819","potions_obtained":[{"floor":1,"key":"EssenceOfSteel"},{"floor":4,"key":"Energy Potion"},{"floor":6,"key":"Energy Potion"}],"is_trial":false,"path_per_floor":["M","M","M","M","$","E","M","R","T","R","E","?","?","M"],"character_chosen":"DEFECT","items_purchased":[],"campfire_rested":0,"item_purchase_floors":[],"current_hp_per_floor":[68,68,65,59,59,29,24,24,24,24,3,3,3,0],"gold":189,"neow_bonus":"UPGRADE_CARD","is_prod":false,"is_daily":false,"chose_seed":false,"campfire_upgraded":2,"win_rate":0,"timestamp":1563469331,"path_taken":["M","M","M","M","$","E","M","R","T","R","E","?","?","M"],"build_version":"2019-07-17","purchased_purges":1,"victory":false,"max_hp_per_floor":[75,75,75,75,75,75,75,75,75,75,75,75,75,75],"card_choices":[{"not_picked":["Aggregate","Barrage"],"picked":"Genetic Algorithm","floor":1},{"not_picked":["Blizzard","Scrape"],"picked":"Beam Cell","floor":2},{"not_picked":["Go for the Eyes","Beam Cell"],"picked":"Defragment","floor":3},{"not_picked":["Heatsinks","Steam","Hello World"],"picked":"SKIP","floor":4},{"not_picked":["Force Field","Core Surge"],"picked":"Conserve Battery","floor":6},{"not_picked":["Rip and Tear","Force Field"],"picked":"Double Energy","floor":7},{"not_picked":["Turbo","Beam Cell","Compile Driver"],"picked":"SKIP","floor":11}],"player_experience":275352,"relics_obtained":[{"floor":6,"key":"Tiny Chest"},{"floor":9,"key":"Bottled Flame"},{"floor":11,"key":"Sundial"}],"event_choices":[{"damage_healed":0,"gold_gain":0,"player_choice":"Grow","damage_taken":0,"max_hp_gain":0,"max_hp_loss":0,"event_name":"Living Wall","floor":12,"gold_loss":0,"cards_upgraded":["Beam Cell"]},{"damage_healed":0,"gold_gain":0,"player_choice":"Trade","damage_taken":0,"relics_obtained":["FaceOfCleric"],"max_hp_gain":0,"max_hp_loss":0,"event_name":"FaceTrader","floor":13,"gold_loss":0}],"is_beta":false,"boss_relics":[],"items_purged_floors":[5],"is_endless":false,"potions_floor_spawned":[1,4,6],"killed_by":"Lots of Slimes","ascension_level":4}