{"gold_per_floor":[113,45,60,80,100,100,100,100,100,128,138,152,6,0,0,98,98,116,135,135,151,168,168,179,206,206,206,206,206,206,225,225,327,327,346,365,377,477,73,106,106,106,106,106,118,118,137,150,150,150],"floor_reached":50,"playtime":5943,"items_purged":["Strike_B"],"score":571,"play_id":"ded247fc-679d-4ae3-b8ca-196f0014fde6","local_time":"20190812155932","is_ascension_mode":false,"campfire_choices":[{"data":"Leap","floor":7,"key":"SMITH"},{"floor":15,"key":"REST"},{"floor":23,"key":"REST"},{"floor":27,"key":"REST"},{"floor":29,"key":"REST"},{"floor":32,"key":"REST"},{"floor":41,"key":"REST"},{"floor":44,"key":"REST"},{"floor":49,"key":"REST"}],"neow_cost":"NONE","seed_source_timestamp":74845095838465,"circlet_count":0,"master_deck":["Strike_B","Strike_B","Strike_B","Defend_B","Defend_B+1","Zap","Dualcast","Cold Snap","Chaos+1","Leap+1","Doom and Gloom+1","Static Discharge","Electrodynamics","Rainbow","Static Discharge","Rainbow","Iron Wave","Ball Lightning+1","Ball Lightning","Reinforced Body+1","Buffer","Capacitor","Chaos","Leap+1","Leap+1","Hologram"],"relics":["Cracked Core","Pear","Bottled Lightning","War Paint","Fusion Hammer","Molten Egg 2","Dodecahedron","Sundial","Busted Crown","Unceasing Top","Lee\u0027s Waffle","Happy Flower","Calipers"],"potions_floor_usage":[18,22,22,33,38,40,50],"damage_taken":[{"damage":0,"enemies":"Cultist","floor":1,"turns":3},{"damage":1,"enemies":"Jaw Worm","floor":3,"turns":3},{"damage":3,"enemies":"Small Slimes","floor":4,"turns":3},{"damage":2,"enemies":"Blue Slaver","floor":5,"turns":5},{"damage":11,"enemies":"3 Sentries","floor":10,"turns":7},{"damage":0,"enemies":"Large Slime","floor":11,"turns":3},{"damage":8,"enemies":"3 Louse","floor":12,"turns":2},{"damage":0,"enemies":"Slime Boss","floor":16,"turns":7},{"damage":8,"enemies":"Chosen","floor":18,"turns":4},{"damage":4,"enemies":"3 Byrds","floor":19,"turns":3},{"damage":8,"enemies":"Snake Plant","floor":21,"turns":3},{"damage":14,"enemies":"Sentry and Sphere","floor":22,"turns":4},{"damage":0,"enemies":"Snecko","floor":24,"turns":4},{"damage":43,"enemies":"Book of Stabbing","floor":25,"turns":5},{"damage":0,"enemies":"Chosen and Byrds","floor":31,"turns":3},{"damage":28,"enemies":"Collector","floor":33,"turns":11},{"damage":10,"enemies":"3 Shapes","floor":35,"turns":2},{"damage":3,"enemies":"Orb Walker","floor":36,"turns":3},{"damage":14,"enemies":"Sphere and 2 Shapes","floor":37,"turns":4},{"damage":24,"enemies":"Mind Bloom Boss Battle","floor":38,"turns":5},{"damage":34,"enemies":"Nemesis","floor":40,"turns":7},{"damage":0,"enemies":"3 Darklings","floor":45,"turns":2},{"damage":14,"enemies":"Spire Growth","floor":47,"turns":5},{"damage":19,"enemies":"Writhing Mass","floor":48,"turns":6},{"damage":101,"enemies":"Time Eater","floor":50,"turns":11}],"seed_played":"-8808480643823411671","potions_obtained":[{"floor":4,"key":"FearPotion"},{"floor":10,"key":"Poison Potion"},{"floor":11,"key":"FearPotion"},{"floor":18,"key":"Poison Potion"},{"floor":25,"key":"Explosive Potion"},{"floor":31,"key":"Dexterity Potion"},{"floor":33,"key":"FearPotion"},{"floor":35,"key":"FocusPotion"},{"floor":40,"key":"Strength Potion"}],"is_trial":false,"path_per_floor":["M","?","M","M","M","?","R","?","T","E","M","M","$","?","R","B",null,"M","M","?","M","M","R","M","E","T","R","?","R","?","M","R","B",null,"M","M","M","?","$","E","R","?","T","R","M","?","M","M","R","B"],"character_chosen":"DEFECT","items_purchased":["Electrodynamics","Lee\u0027s Waffle","Block Potion","Capacitor"],"campfire_rested":8,"item_purchase_floors":[13,39,39,39],"current_hp_per_floor":[82,92,91,88,86,79,79,79,79,68,68,60,60,60,87,87,92,84,80,80,72,58,85,85,42,42,69,69,92,92,92,92,64,92,82,79,65,41,99,65,94,94,94,99,99,94,80,61,89,0],"gold":150,"neow_bonus":"TEN_PERCENT_HP_BONUS","is_prod":false,"is_daily":false,"chose_seed":false,"campfire_upgraded":1,"win_rate":0.0,"timestamp":1565639972,"path_taken":["M","?","?","M","M","?","R","?","T","E","M","M","?","?","R","BOSS","M","M","?","?","M","R","M","E","T","R","?","R","?","M","R","BOSS","M","M","?","?","$","E","R","?","T","R","M","?","M","M","R","BOSS"],"build_version":"2019-07-17","purchased_purges":1,"victory":false,"max_hp_per_floor":[82,92,92,92,92,92,92,92,92,92,92,92,92,92,92,92,92,92,92,92,92,92,92,92,92,92,92,92,92,92,92,92,92,92,92,92,92,92,99,99,99,99,99,99,99,94,94,94,94,94],"card_choices":[{"not_picked":["Barrage","Conserve Battery"],"picked":"Cold Snap","floor":1},{"not_picked":["Conserve Battery","Barrage"],"picked":"Chaos","floor":3},{"not_picked":["Compile Driver","Conserve Battery"],"picked":"Leap","floor":4},{"not_picked":["Cold Snap","Gash"],"picked":"Doom and Gloom","floor":5},{"not_picked":["Amplify","All For One","Compile Driver"],"picked":"SKIP","floor":10},{"not_picked":["Go for the Eyes","Storm"],"picked":"Static Discharge","floor":11},{"not_picked":["Stack","Lockon","Streamline"],"picked":"SKIP","floor":12},{"not_picked":["Electrodynamics","Thunder Strike"],"picked":"Rainbow","floor":16},{"not_picked":["Rip and Tear","Barrage"],"picked":"Static Discharge","floor":18},{"not_picked":["Stack+1","Go for the Eyes"],"picked":"Rainbow","floor":19},{"not_picked":["Go for the Eyes+1","Blizzard"],"picked":"Ball Lightning+1","floor":21},{"not_picked":["Compile Driver","Barrage","Scrape"],"picked":"SKIP","floor":22},{"not_picked":["Stack","Hello World"],"picked":"Ball Lightning","floor":24},{"not_picked":["Ball Lightning","Stack"],"picked":"Reinforced Body+1","floor":25},{"not_picked":["Lockon+1","Beam Cell+1","Streamline+1"],"picked":"SKIP","floor":31},{"not_picked":["All For One+1","Reboot"],"picked":"Buffer","floor":33},{"not_picked":["Genetic Algorithm+1"],"picked":"SKIP","floor":35},{"not_picked":["Steam"],"picked":"SKIP","floor":36},{"not_picked":["Gash+1"],"picked":"SKIP","floor":37},{"not_picked":[],"picked":"Chaos","floor":40},{"not_picked":[],"picked":"Leap+1","floor":45},{"not_picked":[],"picked":"Leap+1","floor":47},{"not_picked":[],"picked":"Hologram","floor":48}],"player_experience":22735,"relics_obtained":[{"floor":9,"key":"Bottled Lightning"},{"floor":10,"key":"War Paint"},{"floor":25,"key":"Molten Egg 2"},{"floor":26,"key":"Dodecahedron"},{"floor":38,"key":"Unceasing Top"},{"floor":40,"key":"Happy Flower"},{"floor":43,"key":"Calipers"}],"event_choices":[{"damage_healed":0,"gold_gain":0,"player_choice":"Paid Gold","damage_taken":0,"relics_obtained":["Pear"],"max_hp_gain":0,"max_hp_loss":0,"event_name":"WeMeetAgain","floor":2,"gold_loss":68},{"cards_removed":["Defend_B"],"damage_healed":0,"gold_gain":0,"player_choice":"Card Removal","damage_taken":7,"max_hp_gain":0,"max_hp_loss":0,"event_name":"Golden Wing","floor":6,"gold_loss":0},{"damage_healed":0,"gold_gain":0,"player_choice":"Grow","damage_taken":0,"max_hp_gain":0,"max_hp_loss":0,"event_name":"Living Wall","floor":8,"gold_loss":0,"cards_upgraded":["Doom and Gloom"]},{"damage_healed":0,"gold_gain":0,"player_choice":"Left Gold","damage_taken":0,"max_hp_gain":0,"max_hp_loss":0,"event_name":"World of Goop","floor":14,"gold_loss":6},{"cards_removed":["Defend_B"],"damage_healed":0,"gold_gain":0,"player_choice":"Took Card","damage_taken":0,"max_hp_gain":0,"max_hp_loss":0,"event_name":"NoteForYourself","floor":20,"gold_loss":0,"cards_obtained":["Iron Wave"]},{"damage_healed":0,"gold_gain":0,"player_choice":"Opened","damage_taken":0,"relics_obtained":["Sundial"],"max_hp_gain":0,"max_hp_loss":0,"event_name":"The Mausoleum","floor":28,"gold_loss":0,"cards_obtained":["Writhe"]},{"cards_removed":["Writhe"],"damage_healed":0,"gold_gain":0,"player_choice":"Removed Curses","damage_taken":0,"max_hp_gain":0,"max_hp_loss":0,"event_name":"Fountain of Cleansing","floor":30,"gold_loss":0},{"damage_healed":0,"gold_gain":0,"player_choice":"Fight","damage_taken":0,"max_hp_gain":0,"max_hp_loss":0,"event_name":"MindBloom","floor":38,"gold_loss":0},{"damage_healed":0,"gold_gain":0,"player_choice":"Ignored","damage_taken":0,"max_hp_gain":0,"max_hp_loss":0,"event_name":"Mysterious Sphere","floor":42,"gold_loss":0},{"damage_healed":0,"gold_gain":0,"player_choice":"Max HP","damage_taken":0,"max_hp_gain":0,"max_hp_loss":5,"event_name":"Winding Halls","floor":46,"gold_loss":0}],"is_beta":false,"boss_relics":[{"not_picked":["Philosopher\u0027s Stone","Orrery"],"picked":"Fusion Hammer"},{"not_picked":["Tiny House","Black Star"],"picked":"Busted Crown"}],"items_purged_floors":[39],"is_endless":false,"potions_floor_spawned":[4,10,11,18,25,31,33,35,36,40,48],"killed_by":"Time Eater","ascension_level":0}