{"gold_per_floor":[369,381,57,68,68,68,84,103,103,103,132,132,147,70,70,147,147,167,201,201,201,251,251],"floor_reached":23,"playtime":1714,"items_purged":["Strike_G"],"score":466,"play_id":"b8f18a42-18d7-4a27-8e83-30cb558db2bd","local_time":"20190717102117","is_ascension_mode":true,"campfire_choices":[{"data":"Neutralize","floor":6.0,"key":"SMITH"},{"data":"A Thousand Cuts","floor":10.0,"key":"SMITH"},{"data":"Survivor","floor":12.0,"key":"SMITH"},{"data":"Skewer","floor":15.0,"key":"SMITH"}],"neow_cost":"TEN_PERCENT_HP_LOSS","seed_source_timestamp":549770426495987,"circlet_count":0,"master_deck":["AscendersBane","Strike_G+1","Defend_G+1","Defend_G+1","Defend_G+1","Defend_G+1","Defend_G+1","Survivor+1","Neutralize+1","PiercingWail","Infinite Blades","Glass Knife+1","A Thousand Cuts+1","Skewer+1","Infinite Blades","After Image","Caltrops+1","Skewer+1","PiercingWail+1","Blade Dance"],"special_seed":0,"relics":["Ring of the Snake","Orichalcum","Paper Crane","Letter Opener","Astrolabe","Red Mask","StoneCalendar"],"potions_floor_usage":[19,23],"damage_taken":[{"damage":18.0,"enemies":"Cultist","floor":1.0,"turns":6.0},{"damage":0.0,"enemies":"2 Louse","floor":2.0,"turns":4.0},{"damage":0.0,"enemies":"Jaw Worm","floor":4.0,"turns":5.0},{"damage":0.0,"enemies":"Looter","floor":7.0,"turns":2.0},{"damage":0.0,"enemies":"2 Fungi Beasts","floor":8.0,"turns":3.0},{"damage":18.0,"enemies":"Gremlin Nob","floor":11.0,"turns":4.0},{"damage":0.0,"enemies":"Large Slime","floor":13.0,"turns":4.0},{"damage":0.0,"enemies":"Hexaghost","floor":16.0,"turns":8.0},{"damage":18.0,"enemies":"2 Thieves","floor":18.0,"turns":4.0},{"damage":27,"enemies":"Masked Bandits","floor":19,"turns":4},{"damage":17,"enemies":"Gremlin Leader","floor":23,"turns":7}],"seed_played":"4035148447620080098","potions_obtained":[{"floor":2.0,"key":"EssenceOfSteel"},{"floor":8.0,"key":"Fruit Juice"},{"floor":13.0,"key":"SkillPotion"},{"floor":18.0,"key":"Block Potion"}],"is_trial":false,"path_per_floor":["M","M","$","M","?","R","M","M","T","R","E","R","M","$","R","B",null,"M","?","T","?","?","E"],"character_chosen":"THE_SILENT","items_purchased":["Glass Knife","Orichalcum","Infinite Blades"],"campfire_rested":0,"item_purchase_floors":[3,3,14],"current_hp_per_floor":[41,41,41,41,41,41,41,41,41,41,23,23,28,28,28,28,56,38,11,11,11,11,0],"gold":251,"neow_bonus":"TWO_FIFTY_GOLD","is_prod":false,"is_daily":false,"chose_seed":false,"campfire_upgraded":4,"win_rate":0,"timestamp":1563373277,"path_taken":["M","M","$","M","?","R","?","M","T","R","E","R","M","$","R","BOSS","M","?","?","?","?","E"],"build_version":"2019-07-05","purchased_purges":1,"victory":false,"max_hp_per_floor":[60,60,60,60,60,60,60,60,60,60,60,60,65,65,65,65,65,65,65,65,65,65,65],"card_choices":[{"not_picked":["Outmaneuver","Blade Dance"],"picked":"PiercingWail","floor":1.0},{"not_picked":["Underhanded Strike","Prepared"],"picked":"Infinite Blades","floor":2.0},{"not_picked":["Terror","Slice","Infinite Blades"],"picked":"SKIP","floor":4.0},{"not_picked":["Dagger Spray","Choke","Outmaneuver"],"picked":"SKIP","floor":7.0},{"not_picked":["Sucker Punch","Outmaneuver"],"picked":"A Thousand Cuts","floor":8.0},{"not_picked":["Outmaneuver","Distraction","Escape Plan"],"picked":"SKIP","floor":11.0},{"not_picked":["Tactician","Deflect"],"picked":"Skewer","floor":13.0},{"not_picked":["Venomology","Corpse Explosion"],"picked":"After Image","floor":16.0},{"not_picked":["Expertise","Sucker Punch","Bane"],"picked":"SKIP","floor":18.0},{"not_picked":["Slice","Flying Knee"],"picked":"Blade Dance","floor":19}],"player_experience":2467920,"relics_obtained":[{"floor":9.0,"key":"Paper Crane"},{"floor":11.0,"key":"Letter Opener"},{"floor":19,"key":"Red Mask"},{"floor":20,"key":"StoneCalendar"}],"event_choices":[{"damage_healed":0.0,"max_hp_gain":0.0,"max_hp_loss":0.0,"gold_gain":0.0,"event_name":"Upgrade Shrine","player_choice":"Upgraded","floor":5.0,"gold_loss":0.0,"damage_taken":0.0,"cards_upgraded":["Glass Knife"]},{"damage_healed":0,"gold_gain":0,"player_choice":"Fought Bandits","damage_taken":0,"max_hp_gain":0,"max_hp_loss":0,"event_name":"Masked Bandits","floor":19,"gold_loss":0},{"damage_healed":0,"gold_gain":0,"player_choice":"Simplicity","damage_taken":0,"max_hp_gain":0,"max_hp_loss":0,"event_name":"Back to Basics","floor":21,"gold_loss":0,"cards_upgraded":["Strike_G","Defend_G","Defend_G","Defend_G","Defend_G","Defend_G"]},{"damage_healed":0,"gold_gain":50,"player_choice":"Stole From Cult","damage_taken":0,"max_hp_gain":0,"max_hp_loss":0,"event_name":"Nest","floor":22,"gold_loss":0}],"is_beta":false,"boss_relics":[{"not_picked":["HoveringKite","Orrery"],"picked":"Astrolabe"}],"items_purged_floors":[3],"is_endless":false,"potions_floor_spawned":[2,8,13,18],"killed_by":"Gremlin Leader","ascension_level":19}