{"gold_per_floor":[117,48,62,76,76,76,110,110,134,164,15,15,190,203,203,203],"floor_reached":16,"playtime":893,"items_purged":[],"score":127,"play_id":"585eea51-5e6c-4834-9045-166da951e469","local_time":"20190718025854","is_ascension_mode":true,"campfire_choices":[{"data":"Sunder","floor":6,"key":"SMITH"},{"floor":8,"key":"REST"},{"data":"Defragment","floor":15,"key":"SMITH"}],"neow_cost":"NONE","seed_source_timestamp":48159936385000,"circlet_count":0,"master_deck":["Strike_B","Strike_B","Strike_B","Defend_B","Defend_B","Defend_B","Defend_B","Zap","Dualcast","Sunder+1","Defragment+1","Hologram","Sweeping Beam","BootSequence","Coolheaded"],"relics":["Cracked Core","PreservedInsect","Orichalcum","Omamori","Blood Vial"],"potions_floor_usage":[4,5],"damage_taken":[{"damage":8,"enemies":"Jaw Worm","floor":1,"turns":4},{"damage":3,"enemies":"Small Slimes","floor":3,"turns":3},{"damage":0,"enemies":"2 Louse","floor":4,"turns":2},{"damage":0,"enemies":"Exordium Thugs","floor":5,"turns":1},{"damage":40,"enemies":"Lagavulin","floor":7,"turns":6},{"damage":8,"enemies":"3 Sentries","floor":10,"turns":4},{"damage":1,"enemies":"Red Slaver","floor":14,"turns":3},{"damage":50,"enemies":"Hexaghost","floor":16,"turns":16}],"seed_played":"7673478869668817399","potions_obtained":[{"floor":3,"key":"Block Potion"},{"floor":4,"key":"SmokeBomb"}],"is_trial":false,"path_per_floor":["M","$","M","M","M","R","E","R","T","E","$","?","?","M","R","B"],"character_chosen":"DEFECT","items_purchased":["Defragment","Blood Vial"],"campfire_rested":1,"item_purchase_floors":[2,11],"current_hp_per_floor":[67,67,64,64,64,64,24,46,46,38,38,43,43,44,44,0],"gold":203,"neow_bonus":"REMOVE_CARD","is_prod":false,"is_daily":false,"chose_seed":false,"campfire_upgraded":2,"win_rate":0,"timestamp":1563433134,"path_taken":["M","$","M","M","M","R","E","R","T","E","$","?","?","M","R","BOSS"],"build_version":"2019-07-05","purchased_purges":0,"victory":false,"max_hp_per_floor":[75,75,75,75,75,75,75,75,75,75,75,80,80,80,80,80],"card_choices":[{"not_picked":["Coolheaded","Stack"],"picked":"Sunder","floor":1},{"not_picked":["Consume","Steam"],"picked":"Hologram","floor":3},{"not_picked":["Beam Cell","Blizzard"],"picked":"Sweeping Beam","floor":4},{"not_picked":["Turbo","Darkness","Stack"],"picked":"SKIP","floor":7},{"not_picked":["Doom and Gloom","Redo"],"picked":"BootSequence","floor":10},{"not_picked":["Rebound","Compile Driver"],"picked":"Coolheaded","floor":14}],"player_experience":268734,"relics_obtained":[{"floor":7,"key":"PreservedInsect"},{"floor":9,"key":"Orichalcum"},{"floor":10,"key":"Omamori"}],"event_choices":[{"damage_healed":0,"gold_gain":0,"player_choice":"Donut","damage_taken":0,"max_hp_gain":5,"max_hp_loss":0,"event_name":"Big Fish","floor":12,"gold_loss":0},{"damage_healed":0,"gold_gain":175,"player_choice":"AGREE","damage_taken":0,"max_hp_gain":0,"max_hp_loss":0,"event_name":"Liars Game","floor":13,"gold_loss":0,"cards_obtained":["Doubt"]}],"is_beta":false,"boss_relics":[],"items_purged_floors":[],"is_endless":false,"potions_floor_spawned":[3,4,5],"killed_by":"Hexaghost","ascension_level":3}