{"gold_per_floor":[113,113,12,23,39,39,59,59,83,117,135,135,155,155,155,256,256,272,272,10,109,0,29,29,29,52,52,0,25,25,44,44,143,143,160,170,182,182,192,192,2,2,83,99,125,125,125,152,152,152],"floor_reached":50,"playtime":5258,"items_purged":["Strike_G"],"score":588,"play_id":"5e20a653-251d-4d96-b676-e3c1807df0fb","local_time":"20190804233447","is_ascension_mode":true,"campfire_choices":[{"data":"Phantasmal Killer","floor":6,"key":"SMITH"},{"data":"Dodge and Roll","floor":8,"key":"SMITH"},{"data":"Noxious Fumes","floor":15,"key":"SMITH"},{"data":"Die Die Die","floor":25,"key":"SMITH"},{"data":"Neutralize","floor":30,"key":"SMITH"},{"floor":32,"key":"REST"},{"data":"Wraith Form v2","floor":40,"key":"SMITH"},{"data":"Caltrops","floor":42,"key":"SMITH"},{"floor":46,"key":"REST"},{"floor":49,"key":"RECALL"}],"neow_cost":"NONE","seed_source_timestamp":1643449036562200,"circlet_count":0,"master_deck":["Strike_G","Strike_G","Strike_G","Defend_G","Defend_G","Defend_G","Defend_G","Survivor","Neutralize+1","Sucker Punch+1","Flying Knee","Dodge and Roll+1","Phantasmal Killer+1","Leg Sweep","Noxious Fumes+1","Flying Knee","Acrobatics","Die Die Die+1","Endless Agony","Heel Hook","Footwork","PiercingWail","Wraith Form v2+1","Noxious Fumes+1","Deflect+1","Corpse Explosion","Dash+1","Backflip","Deflect","Flying Knee+1","Escape Plan","Caltrops+1","Caltrops+1","Acrobatics+1","Well Laid Plans","Adrenaline+1","Blade Dance+1","Deflect+1"],"relics":["Ring of the Snake","Bag of Marbles","Boot","Strawberry","Blood Vial","Sozu","Nilry\u0027s Codex","Kunai","Happy Flower","Mercury Hourglass","Orrery","Bronze Scales","Mummified Hand","Nunchaku","Letter Opener"],"potions_floor_usage":[16,16,50],"damage_taken":[{"damage":0,"enemies":"2 Louse","floor":1,"turns":3},{"damage":0,"enemies":"Small Slimes","floor":4,"turns":2},{"damage":0,"enemies":"Cultist","floor":5,"turns":3},{"damage":1,"enemies":"Exordium Thugs","floor":7,"turns":7},{"damage":14,"enemies":"Lagavulin","floor":10,"turns":9},{"damage":12,"enemies":"Exordium Wildlife","floor":11,"turns":7},{"damage":8,"enemies":"Large Slime","floor":13,"turns":6},{"damage":18,"enemies":"Slime Boss","floor":16,"turns":11},{"damage":5,"enemies":"Chosen","floor":18,"turns":6},{"damage":1,"enemies":"Gremlin Leader","floor":23,"turns":8},{"damage":24,"enemies":"Book of Stabbing","floor":29,"turns":7},{"damage":7,"enemies":"2 Thieves","floor":31,"turns":5},{"damage":29,"enemies":"Champ","floor":33,"turns":12},{"damage":0,"enemies":"3 Darklings","floor":35,"turns":3},{"damage":4,"enemies":"Orb Walker","floor":36,"turns":3},{"damage":7,"enemies":"Spire Growth","floor":37,"turns":6},{"damage":19,"enemies":"3 Darklings","floor":39,"turns":4},{"damage":11,"enemies":"Sphere and 2 Shapes","floor":44,"turns":4},{"damage":16,"enemies":"Nemesis","floor":45,"turns":5},{"damage":25,"enemies":"Reptomancer","floor":48,"turns":5},{"damage":36,"enemies":"Donu and Deca","floor":50,"turns":4}],"seed_played":"-4712551023995005901","potions_obtained":[{"floor":5,"key":"Dexterity Potion"},{"floor":10,"key":"Energy Potion"},{"floor":11,"key":"EssenceOfSteel"}],"is_trial":false,"path_per_floor":["M","?","$","M","M","R","M","R","T","E","M","?","M","T","R","B",null,"M","?","$","?","$","E","$","R","T","?","?","E","R","M","R","B",null,"M","M","M","?","M","R","$","R","T","M","E","R","?","E","R","B"],"character_chosen":"THE_SILENT","items_purchased":["Flying Knee","Kunai","Heel Hook","Footwork","Bronze Scales","Well Laid Plans"],"campfire_rested":2,"item_purchase_floors":[3,20,22,22,41,41],"current_hp_per_floor":[70,70,70,70,70,70,69,69,69,62,50,50,42,42,42,26,77,72,56,56,56,56,57,57,57,57,57,57,35,35,30,53,26,77,77,73,68,68,51,51,51,51,51,42,28,51,51,28,28,0],"gold":152,"neow_bonus":"RANDOM_COMMON_RELIC","is_prod":false,"is_daily":false,"chose_seed":false,"campfire_upgraded":7,"win_rate":0,"timestamp":1564950887,"path_taken":["M","?","$","M","M","R","M","R","T","E","M","?","?","?","R","BOSS","M","?","$","?","$","E","?","R","T","?","?","E","R","?","R","BOSS","M","M","M","?","M","R","$","R","T","M","E","R","?","E","R","BOSS"],"build_version":"2019-07-17","purchased_purges":1,"victory":false,"max_hp_per_floor":[70,70,70,70,70,70,70,70,70,77,77,77,77,77,77,77,77,77,77,77,77,77,77,77,77,77,77,77,77,77,77,77,77,77,77,77,77,77,77,77,77,77,77,77,77,77,77,77,77,77],"card_choices":[{"not_picked":["Poisoned Stab","Bane"],"picked":"Sucker Punch","floor":1},{"not_picked":["Acrobatics","Deadly Poison"],"picked":"Dodge and Roll","floor":4},{"not_picked":["Sucker Punch","Flying Knee"],"picked":"Phantasmal Killer","floor":5},{"not_picked":["Bane","Skewer"],"picked":"Leg Sweep","floor":7},{"not_picked":["Prepared","Masterful Stab"],"picked":"Noxious Fumes","floor":10},{"not_picked":["Outmaneuver","Poisoned Stab"],"picked":"Flying Knee","floor":11},{"not_picked":["Deadly Poison","Dodge and Roll"],"picked":"Acrobatics","floor":13},{"not_picked":["Phantasmal Killer","Unload"],"picked":"Die Die Die","floor":16},{"not_picked":["Masterful Stab","Poisoned Stab"],"picked":"Endless Agony","floor":18},{"not_picked":["Dagger Throw+1","Underhanded Strike"],"picked":"PiercingWail","floor":23},{"not_picked":["Slice","Dodge and Roll"],"picked":"Noxious Fumes+1","floor":29},{"not_picked":["Bane","Blade Dance"],"picked":"Deflect+1","floor":31},{"not_picked":["Venomology","Envenom"],"picked":"Corpse Explosion","floor":33},{"not_picked":["Sucker Punch","Dodge and Roll"],"picked":"Dash+1","floor":34},{"not_picked":["Dagger Throw","Skewer+1"],"picked":"Backflip","floor":34},{"not_picked":["Poisoned Stab","Skewer+1"],"picked":"Deflect","floor":34},{"not_picked":["Slice","Deadly Poison"],"picked":"Flying Knee+1","floor":34},{"not_picked":["Terror","Footwork"],"picked":"Escape Plan","floor":34},{"not_picked":["A Thousand Cuts","Underhanded Strike","Dagger Spray"],"picked":"SKIP","floor":35},{"not_picked":["Flechettes","Outmaneuver+1"],"picked":"Caltrops","floor":36},{"not_picked":["Heel Hook","Expertise+1"],"picked":"Caltrops+1","floor":37},{"not_picked":["PiercingWail+1","Outmaneuver"],"picked":"Acrobatics+1","floor":39},{"not_picked":["Deadly Poison+1","Dodge and Roll"],"picked":"Adrenaline","floor":44},{"not_picked":["Dagger Spray","Reflex"],"picked":"Blade Dance+1","floor":45},{"not_picked":["Outmaneuver","PiercingWail"],"picked":"Deflect+1","floor":48}],"player_experience":64536,"relics_obtained":[{"floor":9,"key":"Boot"},{"floor":10,"key":"Strawberry"},{"floor":14,"key":"Blood Vial"},{"floor":19,"key":"Nilry\u0027s Codex"},{"floor":23,"key":"Happy Flower"},{"floor":29,"key":"Mercury Hourglass"},{"floor":43,"key":"Mummified Hand"},{"floor":45,"key":"Nunchaku"},{"floor":48,"key":"Letter Opener"}],"event_choices":[{"damage_healed":0,"gold_gain":0,"player_choice":"Grow","damage_taken":0,"max_hp_gain":0,"max_hp_loss":0,"event_name":"Living Wall","floor":2,"gold_loss":0,"cards_upgraded":["Sucker Punch"]},{"damage_healed":0,"gold_gain":0,"player_choice":"Got Potions","damage_taken":0,"max_hp_gain":0,"max_hp_loss":0,"event_name":"Lab","floor":12,"gold_loss":0},{"damage_healed":0,"gold_gain":0,"player_choice":"Obtained Book","damage_taken":16,"max_hp_gain":0,"max_hp_loss":0,"event_name":"Cursed Tome","floor":19,"gold_loss":0},{"damage_healed":0,"gold_gain":99,"player_choice":"Stole From Cult","damage_taken":0,"max_hp_gain":0,"max_hp_loss":0,"event_name":"Nest","floor":21,"gold_loss":0},{"damage_healed":0,"gold_gain":0,"cards_transformed":["Strike_G","Defend_G"],"player_choice":"Became Test Subject","damage_taken":0,"max_hp_gain":0,"max_hp_loss":0,"event_name":"Drug Dealer","floor":27,"gold_loss":0,"cards_obtained":["Deflect","Wraith Form v2"]},{"damage_healed":0,"gold_gain":0,"player_choice":"Paid Fearfully","damage_taken":0,"max_hp_gain":0,"max_hp_loss":0,"event_name":"Masked Bandits","floor":28,"gold_loss":52},{"cards_removed":["Deflect"],"damage_healed":0,"gold_gain":0,"player_choice":"Removed Skill","damage_taken":0,"max_hp_gain":0,"max_hp_loss":0,"event_name":"Falling","floor":38,"gold_loss":0},{"damage_healed":0,"gold_gain":0,"player_choice":"Forge","damage_taken":0,"max_hp_gain":0,"max_hp_loss":0,"event_name":"Accursed Blacksmith","floor":47,"gold_loss":0,"cards_upgraded":["Adrenaline"]}],"is_beta":false,"boss_relics":[{"not_picked":["Busted Crown","WristBlade"],"picked":"Sozu"},{"not_picked":["HoveringKite","Runic Dome"],"picked":"Orrery"}],"items_purged_floors":[3],"is_endless":false,"potions_floor_spawned":[5,10,11,29,31,37,48],"killed_by":"Donu and Deca","ascension_level":1}