{"gold_per_floor":[112,62,62,62,74,101,101,130,130,38,38,38,38,58,58,153,153,153,153,153,153,153,153,153,153,153,153,153,153,153,153,153,153,153,153,10,10,10,10,10,10,10,10,10,10,10,10,10,10,10,10,10,10,10,10],"floor_reached":55,"playtime":3692,"items_purged":[],"score":942,"play_id":"9ead6c60-0c71-4fec-ba52-872a96754a4e","local_time":"20190718185935","is_ascension_mode":true,"campfire_choices":[{"floor":7,"key":"REST"},{"floor":11,"key":"REST"},{"data":"Defragment","floor":13,"key":"SMITH"},{"floor":15,"key":"REST"},{"data":"Defragment","floor":24,"key":"SMITH"},{"floor":28,"key":"REST"},{"data":"Go for the Eyes","floor":30,"key":"SMITH"},{"data":"Static Discharge","floor":32,"key":"SMITH"},{"floor":40,"key":"REST"},{"floor":42,"key":"REST"},{"floor":47,"key":"REST"},{"floor":49,"key":"RECALL"},{"floor":52,"key":"REST"}],"neow_cost":"NONE","seed_source_timestamp":103003268862100,"circlet_count":0,"master_deck":["Strike_B+1","Strike_B+1","Strike_B+1","Defend_B+1","Defend_B+1","Defend_B+1","Defend_B+1","Zap+1","Dualcast","Sweeping Beam+1","Go for the Eyes+1","Defragment+1","Defragment+1","BootSequence+1","Ball Lightning","Reinforced Body+1","Electrodynamics","Chill+1","Redo+1","Seek+1","White Noise+1","Static Discharge+1","Loop+1","Turbo+1","Beam Cell","Conserve Battery+1","Thunder Strike","Leap+1","Glacier+1","Tempest+1","All For One","Darkness+1","Madness+1","Madness+1","Conserve Battery+1","Recycle+1","Coolheaded+1","White Noise+1"],"relics":["Cracked Core","Toxic Egg 2","Symbiotic Virus","Sundial","Ectoplasm","Dream Catcher","Darkstone Periapt","Red Mask","Omamori","Nunchaku","Pantograph","Fusion Hammer","Art of War","Mango","Strawberry","Happy Flower"],"potions_floor_usage":[23,31,46,50,50,50,55],"damage_taken":[{"damage":7,"enemies":"Jaw Worm","floor":1,"turns":4},{"damage":0,"enemies":"Small Slimes","floor":5,"turns":2},{"damage":30,"enemies":"Gremlin Nob","floor":6,"turns":5},{"damage":36,"enemies":"3 Sentries","floor":8,"turns":6},{"damage":0,"enemies":"2 Louse","floor":14,"turns":2},{"damage":19,"enemies":"Slime Boss","floor":16,"turns":8},{"damage":8,"enemies":"Spheric Guardian","floor":18,"turns":6},{"damage":1,"enemies":"Shell Parasite","floor":19,"turns":6},{"damage":0,"enemies":"Cultist and Chosen","floor":22,"turns":4},{"damage":2,"enemies":"Snake Plant","floor":23,"turns":4},{"damage":22,"enemies":"Snecko","floor":25,"turns":5},{"damage":0,"enemies":"Masked Bandits","floor":27,"turns":4},{"damage":1,"enemies":"Slavers","floor":29,"turns":4},{"damage":0,"enemies":"Colosseum Slavers","floor":31,"turns":4},{"damage":0,"enemies":"Colosseum Nobs","floor":31,"turns":4},{"damage":30,"enemies":"Champ","floor":33,"turns":7},{"damage":4,"enemies":"Orb Walker","floor":35,"turns":4},{"damage":2,"enemies":"3 Darklings","floor":38,"turns":3},{"damage":31,"enemies":"Writhing Mass","floor":41,"turns":4},{"damage":46,"enemies":"Nemesis","floor":46,"turns":9},{"damage":13,"enemies":"Donu and Deca","floor":50,"turns":8},{"damage":44,"enemies":"Shield and Spear","floor":54,"turns":5},{"damage":84,"enemies":"The Heart","floor":55,"turns":5}],"seed_played":"3673548620683716634","potions_obtained":[{"floor":8,"key":"Poison Potion"},{"floor":16,"key":"Regen Potion"},{"floor":22,"key":"Weak Potion"},{"floor":23,"key":"LiquidBronze"},{"floor":29,"key":"PowerPotion"},{"floor":31,"key":"Dexterity Potion"},{"floor":39,"key":"Weak Potion"},{"floor":46,"key":"PowerPotion"},{"floor":54,"key":"Swift Potion"}],"is_trial":false,"path_per_floor":["M","?","?","?","M","E","R","E","T","$","R","$","R","M","R","B",null,"M","M","?","?","M","M","R","M","T","?","R","E","R","?","R","B",null,"M","$","?","M","?","R","M","R","T","?","$","E","R","T","R","B",null,"R","$","E","B"],"character_chosen":"DEFECT","items_purchased":["BootSequence+1","Ball Lightning","Art of War"],"campfire_rested":8,"item_purchase_floors":[10,10,36],"current_hp_per_floor":[68,68,52,52,52,22,46,10,10,10,34,34,34,34,58,39,71,63,62,62,62,62,60,60,38,38,38,62,61,61,61,61,52,75,71,71,71,69,69,82,51,75,75,65,65,33,61,68,68,80,97,103,103,59,0],"gold":10,"neow_bonus":"TEN_PERCENT_HP_BONUS","is_prod":false,"is_daily":false,"chose_seed":false,"campfire_upgraded":4,"win_rate":0,"timestamp":1563490775,"path_taken":["M","?","?","?","M","E","R","E","T","?","R","?","R","M","R","BOSS","M","M","?","?","M","M","R","?","T","?","R","E","R","?","R","BOSS","M","$","?","M","?","R","?","R","T","?","?","E","R","?","R","BOSS","R","$","E","BOSS"],"build_version":"2019-07-17","purchased_purges":0,"victory":false,"max_hp_per_floor":[82,82,82,82,82,82,82,82,82,82,82,82,82,82,82,82,82,82,82,82,82,82,82,82,82,82,82,82,82,82,82,82,82,82,82,82,82,82,82,82,82,82,82,82,82,96,96,103,103,103,103,103,103,103,103],"card_choices":[{"not_picked":["Conserve Battery","Streamline"],"picked":"Sweeping Beam","floor":1},{"not_picked":["Rebound","Steam Power"],"picked":"Go for the Eyes","floor":5},{"not_picked":["Streamline","Chaos"],"picked":"Defragment","floor":6},{"not_picked":["Compile Driver","Steam Power+1"],"picked":"Defragment","floor":8},{"not_picked":["Hologram+1","Recycle+1"],"picked":"Reinforced Body+1","floor":14},{"not_picked":["Machine Learning","Echo Form"],"picked":"Electrodynamics","floor":16},{"not_picked":["Blizzard","Rebound"],"picked":"Chill+1","floor":18},{"not_picked":["Gash+1","Chaos+1"],"picked":"Redo+1","floor":19},{"not_picked":["Chaos+1","Loop"],"picked":"Seek+1","floor":22},{"not_picked":["Storm","Redo+1"],"picked":"White Noise+1","floor":23},{"not_picked":["Rebound","Double Energy+1"],"picked":"Static Discharge","floor":25},{"not_picked":["Rebound","Turbo+1"],"picked":"Loop+1","floor":27},{"not_picked":["Steam+1","Electrodynamics"],"picked":"Turbo+1","floor":28},{"not_picked":["Ball Lightning","Steam+1"],"picked":"Beam Cell","floor":29},{"not_picked":["Sweeping Beam","Compile Driver"],"picked":"Conserve Battery+1","floor":31},{"not_picked":["Seek+1","Reboot+1"],"picked":"Thunder Strike","floor":33},{"not_picked":["Go for the Eyes","Rebound+1"],"picked":"Leap+1","floor":35},{"not_picked":["Ball Lightning","Gash"],"picked":"Glacier+1","floor":38},{"not_picked":["Loop","Cold Snap"],"picked":"Tempest+1","floor":40},{"not_picked":["Genetic Algorithm+1","Steam Power+1"],"picked":"All For One","floor":41},{"not_picked":["Turbo+1","Sunder+1"],"picked":"Darkness+1","floor":42},{"not_picked":["Hologram+1","Tempest+1"],"picked":"Conserve Battery+1","floor":46},{"not_picked":["Stack+1","Gash"],"picked":"Recycle+1","floor":47},{"not_picked":["Aggregate+1","Chill+1"],"picked":"Coolheaded+1","floor":52},{"not_picked":["Buffer","Rebound"],"picked":"White Noise+1","floor":54}],"player_experience":287802,"relics_obtained":[{"floor":6,"key":"Toxic Egg 2"},{"floor":8,"key":"Symbiotic Virus"},{"floor":9,"key":"Sundial"},{"floor":26,"key":"Darkstone Periapt"},{"floor":27,"key":"Red Mask"},{"floor":29,"key":"Omamori"},{"floor":31,"key":"Nunchaku"},{"floor":31,"key":"Pantograph"},{"floor":46,"key":"Mango"},{"floor":48,"key":"Strawberry"},{"floor":54,"key":"Happy Flower"}],"event_choices":[{"cards_removed":["Strike_B"],"damage_healed":0,"gold_gain":0,"player_choice":"Card Removal","damage_taken":0,"max_hp_gain":0,"max_hp_loss":0,"event_name":"The Cleric","floor":2,"gold_loss":50},{"damage_healed":0,"gold_gain":0,"player_choice":"Entered Light","damage_taken":16,"max_hp_gain":0,"max_hp_loss":0,"event_name":"Shining Light","floor":3,"gold_loss":0,"cards_upgraded":["Sweeping Beam","Defend_B"]},{"damage_healed":0,"gold_gain":0,"player_choice":"Grow","damage_taken":0,"max_hp_gain":0,"max_hp_loss":0,"event_name":"Living Wall","floor":4,"gold_loss":0,"cards_upgraded":["Zap"]},{"damage_healed":0,"gold_gain":0,"player_choice":"Opened","damage_taken":0,"relics_obtained":["Dream Catcher"],"max_hp_gain":0,"max_hp_loss":0,"event_name":"The Mausoleum","floor":20,"gold_loss":0},{"damage_healed":0,"gold_gain":0,"player_choice":"Simplicity","damage_taken":0,"max_hp_gain":0,"max_hp_loss":0,"event_name":"Back to Basics","floor":21,"gold_loss":0,"cards_upgraded":["Strike_B","Strike_B","Strike_B","Defend_B","Defend_B","Defend_B"]},{"damage_healed":0,"gold_gain":0,"player_choice":"Fought Bandits","damage_taken":0,"max_hp_gain":0,"max_hp_loss":0,"event_name":"Masked Bandits","floor":27,"gold_loss":0},{"damage_healed":0,"gold_gain":0,"player_choice":"Fight","damage_taken":0,"max_hp_gain":0,"max_hp_loss":0,"event_name":"Colosseum","floor":31,"gold_loss":0},{"damage_healed":0,"gold_gain":0,"player_choice":"Fought Nobs","damage_taken":0,"max_hp_gain":0,"max_hp_loss":0,"event_name":"Colosseum","floor":31,"gold_loss":0},{"damage_healed":0,"gold_gain":0,"player_choice":"Ignored","damage_taken":0,"max_hp_gain":0,"max_hp_loss":0,"event_name":"Mysterious Sphere","floor":37,"gold_loss":0},{"damage_healed":0,"gold_gain":0,"player_choice":"Got Potions","damage_taken":0,"max_hp_gain":0,"max_hp_loss":0,"event_name":"Lab","floor":39,"gold_loss":0},{"damage_healed":0,"gold_gain":0,"player_choice":"Embrace Madness","damage_taken":10,"max_hp_gain":0,"max_hp_loss":0,"event_name":"Winding Halls","floor":44,"gold_loss":0,"cards_obtained":["Madness","Madness"]}],"is_beta":false,"boss_relics":[{"not_picked":["White Beast Statue","Busted Crown"],"picked":"Ectoplasm"},{"not_picked":["Snecko Eye","Nuclear Battery"],"picked":"Fusion Hammer"}],"items_purged_floors":[],"is_endless":false,"potions_floor_spawned":[8,16,22,23,29,31,33,46,54],"killed_by":"The Heart","ascension_level":6}