{"gold_per_floor":[116,116,127,142,61,87,87,120,120,120,120,153,153,153,153,278,278,298,321,23,23,41,41,41,41,110,144,144,175,175,196,196,316,316,339,352,352,200,223,223,266,599,672,672,70,70,87,102,102,102,102,102,12,42,42],"floor_reached":56,"playtime":6152,"items_purged":["Writhe","Regret","Doubt"],"score":1464,"play_id":"35d8a666-c779-4475-84e6-c46dd7ecebff","local_time":"20190806223200","is_ascension_mode":true,"campfire_choices":[{"data":"Armaments","floor":7.0,"key":"SMITH"},{"data":"Combust","floor":10.0,"key":"SMITH"},{"data":"Offering","floor":13.0,"key":"SMITH"},{"floor":15.0,"key":"RECALL"},{"floor":23,"key":"REST"},{"floor":30,"key":"REST"},{"data":"Fiend Fire","floor":32,"key":"SMITH"},{"data":"Shockwave","floor":40,"key":"SMITH"},{"floor":49,"key":"REST"},{"data":"Metallicize","floor":52,"key":"SMITH"}],"neow_cost":"NONE","seed_source_timestamp":0,"circlet_count":0,"master_deck":["Strike_R","Strike_R","Strike_R","Strike_R","Strike_R","Defend_R","Defend_R","Defend_R","Bash","Spot Weakness+1","Sword Boomerang+1","Flex+1","Combust+1","Armaments+1","Offering+1","Injury","Juggernaut","True Grit+1","Rupture","Clothesline","Shockwave+1","Fiend Fire+1","Impervious","Metallicize+1","Fiend Fire+1","Corruption"],"special_seed":0,"relics":["Burning Blood","Self Forming Clay","Dead Branch","Bottled Lightning","FaceOfCleric","Velvet Choker","Mummified Hand","Pantograph","War Paint","Calling Bell","Meat on the Bone","Juzu Bracelet","Charon\u0027s Ashes","Smiling Mask","Singing Bowl","Anchor","Bag of Marbles","Toolbox","Champion Belt"],"potions_floor_usage":[28,28,28,55,55,55],"damage_taken":[{"damage":0.0,"enemies":"2 Louse","floor":1.0,"turns":3.0},{"damage":0.0,"enemies":"Jaw Worm","floor":3.0,"turns":4.0},{"damage":5.0,"enemies":"Small Slimes","floor":4.0,"turns":2.0},{"damage":9.0,"enemies":"3 Sentries","floor":6.0,"turns":5.0},{"damage":31.0,"enemies":"Lagavulin","floor":8.0,"turns":9.0},{"damage":6.0,"enemies":"3 Sentries","floor":12.0,"turns":4.0},{"damage":39.0,"enemies":"Slime Boss","floor":16.0,"turns":6.0},{"damage":9.0,"enemies":"3 Byrds","floor":18.0,"turns":3.0},{"damage":6.0,"enemies":"Chosen","floor":19.0,"turns":3.0},{"damage":15.0,"enemies":"3 Cultists","floor":22.0,"turns":4.0},{"damage":49,"enemies":"Slavers","floor":27,"turns":4},{"damage":4,"enemies":"Snake Plant","floor":28,"turns":3},{"damage":33,"enemies":"Book of Stabbing","floor":29,"turns":5},{"damage":8,"enemies":"Chosen and Byrds","floor":31,"turns":3},{"damage":16,"enemies":"Champ","floor":33,"turns":6},{"damage":25,"enemies":"3 Shapes","floor":35,"turns":3},{"damage":6,"enemies":"Orb Walker","floor":36,"turns":1},{"damage":6,"enemies":"Sphere and 2 Shapes","floor":39,"turns":1},{"damage":23,"enemies":"Reptomancer","floor":41,"turns":4},{"damage":6,"enemies":"Jaw Worm Horde","floor":47,"turns":1},{"damage":6,"enemies":"Maw","floor":48,"turns":1},{"damage":28,"enemies":"Donu and Deca","floor":50,"turns":5},{"damage":8,"enemies":"Shield and Spear","floor":54,"turns":3},{"damage":69,"enemies":"The Heart","floor":55,"turns":7}],"seed_played":"-1633782031233909358","potions_obtained":[{"floor":0.0,"key":"Block Potion"},{"floor":0.0,"key":"Swift Potion"},{"floor":0.0,"key":"SmokeBomb"},{"floor":1.0,"key":"Explosive Potion"},{"floor":6.0,"key":"SpeedPotion"},{"floor":8.0,"key":"Ancient Potion"},{"floor":18.0,"key":"Swift Potion"},{"floor":22,"key":"SpeedPotion"},{"floor":39,"key":"Dexterity Potion"},{"floor":41,"key":"Swift Potion"}],"is_trial":false,"path_per_floor":["M","?","M","M","$","E","R","E","T","R","?","E","R","?","R","B",null,"M","M","$","?","M","R","?","?","T","E","M","E","R","M","R","B",null,"M","M","?","$","M","R","E","?","T","?","$","?","M","M","R","B",null,"R","$","E","B",null],"character_chosen":"IRONCLAD","items_purchased":["Combust","Rupture","Mummified Hand","Metallicize","Anchor","Bag of Marbles","AttackPotion","Toolbox","Corruption"],"campfire_rested":3,"item_purchase_floors":[5,20,20,38,45,45,45,45,53],"current_hp_per_floor":[80,64,70,71,71,68,68,43,43,43,43,43,43,43,43,11,64,62,63,63,63,55,80,80,80,80,38,41,15,41,40,40,56,81,63,64,64,64,65,65,61,61,61,61,61,61,64,67,96,78,95,95,95,96,53],"gold":42,"neow_bonus":"THREE_SMALL_POTIONS","is_prod":false,"is_daily":false,"chose_seed":false,"campfire_upgraded":6,"win_rate":0,"timestamp":1565119920,"path_taken":["M","?","M","M","$","E","R","E","T","R","?","E","R","?","R","BOSS","M","?","$","?","M","R","?","?","T","E","M","E","R","?","R","BOSS","M","M","?","$","M","R","E","?","T","?","$","?","M","M","R","BOSS","R","$","E","BOSS"],"build_version":"2019-07-17","purchased_purges":3,"victory":true,"max_hp_per_floor":[80,80,80,80,80,80,80,80,80,80,80,80,80,80,80,81,81,82,83,83,83,84,84,84,84,84,85,86,87,87,88,88,89,89,90,91,91,91,92,92,93,93,93,93,93,93,96,99,99,100,100,100,100,103,104],"card_choices":[{"not_picked":["Sword Boomerang","Carnage"],"picked":"Spot Weakness","floor":1.0},{"not_picked":["Dropkick","Twin Strike"],"picked":"Sword Boomerang","floor":3.0},{"not_picked":["Reckless Charge","Heavy Blade"],"picked":"Flex","floor":4.0},{"not_picked":["Entrench","Burning Pact"],"picked":"Armaments","floor":6.0},{"not_picked":["Anger","Headbutt"],"picked":"Offering","floor":8.0},{"not_picked":["Flame Barrier","Perfected Strike","Sentinel"],"picked":"SKIP","floor":12.0},{"not_picked":["Dark Embrace","Double Tap"],"picked":"Juggernaut","floor":16.0},{"not_picked":["Wild Strike","Thunderclap"],"picked":"True Grit","floor":18.0},{"not_picked":["Seeing Red","Dual Wield","Anger"],"picked":"SKIP","floor":19.0},{"not_picked":["Twin Strike","Seeing Red","Clash"],"picked":"SKIP","floor":22},{"not_picked":["Hemokinesis+1","Headbutt"],"picked":"Clothesline","floor":27},{"not_picked":["Havoc","Battle Trance+1"],"picked":"Shockwave","floor":29},{"not_picked":["Whirlwind","Twin Strike"],"picked":"Fiend Fire","floor":31},{"not_picked":["Feed","Berserk"],"picked":"Impervious","floor":33},{"not_picked":["Clash","Heavy Blade","Shockwave"],"picked":"SKIP","floor":35},{"not_picked":["Iron Wave+1","Rampage+1","Anger+1"],"picked":"SKIP","floor":36},{"not_picked":["Wild Strike","Havoc","Flex+1"],"picked":"SKIP","floor":39},{"not_picked":["Wild Strike","Havoc","Flex+1"],"picked":"SKIP","floor":39},{"not_picked":["Wild Strike","Havoc","Flex+1"],"picked":"SKIP","floor":39},{"not_picked":["Disarm+1","Sentinel+1","Ghostly Armor"],"picked":"SKIP","floor":41},{"not_picked":["Anger+1","True Grit","Headbutt"],"picked":"Singing Bowl","floor":47},{"not_picked":["Armaments","Cleave","Exhume"],"picked":"Singing Bowl","floor":48},{"not_picked":["Battle Trance","Headbutt+1","Inflame+1"],"picked":"Singing Bowl","floor":54}],"player_experience":73619,"relics_obtained":[{"floor":6.0,"key":"Self Forming Clay"},{"floor":8.0,"key":"Dead Branch"},{"floor":12.0,"key":"Bottled Lightning"},{"floor":26,"key":"Pantograph"},{"floor":27,"key":"War Paint"},{"floor":34,"key":"Meat on the Bone"},{"floor":34,"key":"Juzu Bracelet"},{"floor":34,"key":"Charon\u0027s Ashes"},{"floor":41,"key":"Smiling Mask"},{"floor":43,"key":"Singing Bowl"},{"floor":54,"key":"Champion Belt"}],"event_choices":[{"damage_healed":0.0,"max_hp_gain":0.0,"max_hp_loss":0.0,"gold_gain":0.0,"event_name":"Shining Light","player_choice":"Entered Light","floor":2.0,"gold_loss":0.0,"damage_taken":16.0,"cards_upgraded":["Spot Weakness","Defend_R"]},{"damage_healed":0.0,"max_hp_gain":0.0,"max_hp_loss":0.0,"gold_gain":0.0,"event_name":"Golden Idol","player_choice":"Take Wound","floor":11.0,"gold_loss":0.0,"damage_taken":0.0,"relics_obtained":["Golden Idol"],"cards_obtained":["Injury"]},{"damage_healed":0.0,"max_hp_gain":0.0,"max_hp_loss":0.0,"gold_gain":0.0,"event_name":"FaceTrader","player_choice":"Trade","floor":14.0,"gold_loss":0.0,"damage_taken":0.0,"relics_obtained":["FaceOfCleric"]},{"damage_healed":0.0,"max_hp_gain":0.0,"max_hp_loss":0.0,"gold_gain":0.0,"event_name":"Ghosts","player_choice":"Ignored","floor":21.0,"gold_loss":0.0,"damage_taken":0.0},{"damage_healed":0,"gold_gain":0,"player_choice":"Upgraded","damage_taken":0,"max_hp_gain":0,"max_hp_loss":0,"event_name":"Upgrade Shrine","floor":25,"gold_loss":0,"cards_upgraded":["Sword Boomerang"]},{"damage_healed":0,"gold_gain":0,"player_choice":"Memory 1","damage_taken":0,"max_hp_gain":0,"max_hp_loss":0,"event_name":"SensoryStone","floor":37,"gold_loss":0},{"damage_healed":0,"gold_gain":333,"player_choice":"Gave Idol","damage_taken":0,"max_hp_gain":0,"max_hp_loss":0,"event_name":"The Moai Head","floor":42,"relics_lost":["Golden Idol"],"gold_loss":0},{"damage_healed":0,"gold_gain":0,"player_choice":"Copied","damage_taken":0,"max_hp_gain":0,"max_hp_loss":0,"event_name":"Duplicator","floor":44,"gold_loss":0,"cards_obtained":["Fiend Fire"]},{"cards_removed":["Defend_R"],"damage_healed":0,"gold_gain":0,"player_choice":"Removed Skill","damage_taken":0,"max_hp_gain":0,"max_hp_loss":0,"event_name":"Falling","floor":46,"gold_loss":0}],"is_beta":false,"boss_relics":[{"not_picked":["Ectoplasm","Black Star"],"picked":"Velvet Choker"},{"not_picked":["Philosopher\u0027s Stone","Runic Dome"],"picked":"Calling Bell"}],"items_purged_floors":[38,45,53],"is_endless":false,"potions_floor_spawned":[1,6,8,18,22,28,39,41],"ascension_level":5}