{"gold_per_floor":[115,132,132,147,222,249,249,267,294,323,323,323,340,195,195,291,291,306,306,322,14,30,30,64,78,125,137,137,137,58,89,89,190,190,204,204,221,236,250,263,263,263,287,287,287,139,139],"floor_reached":47,"playtime":3181,"items_purged":["Strike_R","Heavy Blade","Clumsy"],"score":500,"play_id":"9a6b9ede-da36-4b32-b638-cc57c197b4e0","local_time":"20190715211317","is_ascension_mode":false,"campfire_choices":[{"data":"Carnage","floor":7,"key":"SMITH"},{"data":"Whirlwind","floor":11,"key":"SMITH"},{"data":"Demon Form","floor":15,"key":"SMITH"},{"data":"Armaments","floor":23,"key":"SMITH"},{"data":"Pommel Strike","floor":28,"key":"SMITH"},{"data":"Entrench","floor":32,"key":"SMITH"},{"data":"Barricade","floor":41,"key":"SMITH"},{"data":"Parasite","floor":45,"key":"PURGE"}],"neow_cost":"NONE","seed_source_timestamp":207054598650900,"circlet_count":0,"master_deck":["Strike_R+1","Strike_R+1","Strike_R+1","Strike_R+1","Defend_R+1","Defend_R+1","Defend_R+1","Defend_R+1","Bash+1","Feel No Pain","Carnage+1","Shrug It Off","Whirlwind+1","Demon Form+1","Metallicize","Reaper","Armaments+1","Pommel Strike+1","Entrench+1","Intimidate","Feed","Ghostly Armor","Infernal Blade","Barricade+1","Entrench+1","Uppercut+1","Flex","Ghostly Armor+1","Writhe","Inflame+1","Flash of Steel"],"relics":["Burning Blood","Omamori","Vajra","Blood Vial","NlothsMask","Coffee Dripper","Membership Card","Matryoshka","Lantern","Orichalcum","Pen Nib","Calling Bell","Dream Catcher","Frozen Egg 2","Peace Pipe","Potion Belt","Bronze Scales"],"potions_floor_usage":[6,8,8,16,18,25,25,39,39,39,40],"damage_taken":[{"damage":5,"enemies":"Jaw Worm","floor":1,"turns":4},{"damage":3,"enemies":"Cultist","floor":2,"turns":5},{"damage":3,"enemies":"Small Slimes","floor":4,"turns":4},{"damage":13,"enemies":"3 Sentries","floor":6,"turns":9},{"damage":12,"enemies":"Exordium Thugs","floor":8,"turns":4},{"damage":10,"enemies":"Gremlin Nob","floor":10,"turns":4},{"damage":0,"enemies":"2 Fungi Beasts","floor":13,"turns":2},{"damage":45,"enemies":"Hexaghost","floor":16,"turns":11},{"damage":28,"enemies":"2 Thieves","floor":18,"turns":4},{"damage":19,"enemies":"3 Byrds","floor":20,"turns":5},{"damage":0,"enemies":"Centurion and Healer","floor":22,"turns":6},{"damage":13,"enemies":"Gremlin Leader","floor":24,"turns":6},{"damage":9,"enemies":"Snake Plant","floor":25,"turns":4},{"damage":17,"enemies":"Shelled Parasite and Fungi","floor":27,"turns":7},{"damage":13,"enemies":"Slavers","floor":31,"turns":5},{"damage":35,"enemies":"Collector","floor":33,"turns":7},{"damage":15,"enemies":"Orb Walker","floor":35,"turns":5},{"damage":0,"enemies":"3 Shapes","floor":37,"turns":3},{"damage":55,"enemies":"Sphere and 2 Shapes","floor":38,"turns":9},{"damage":21,"enemies":"3 Darklings","floor":39,"turns":7},{"damage":31,"enemies":"Writhing Mass","floor":40,"turns":6},{"damage":37,"enemies":"Giant Head","floor":47,"turns":6}],"seed_played":"-6844542616893057363","potions_obtained":[{"floor":2,"key":"Poison Potion"},{"floor":3,"key":"Fire Potion"},{"floor":3,"key":"PowerPotion"},{"floor":10,"key":"AttackPotion"},{"floor":13,"key":"SmokeBomb"},{"floor":16,"key":"Fire Potion"},{"floor":22,"key":"EssenceOfSteel"},{"floor":24,"key":"EssenceOfSteel"},{"floor":25,"key":"FearPotion"},{"floor":27,"key":"Swift Potion"},{"floor":33,"key":"Weak Potion"},{"floor":39,"key":"PowerPotion"}],"is_trial":false,"path_per_floor":["M","M","?","M","?","E","R","M","T","E","R","?","M","$","R","B",null,"M","?","M","$","M","R","E","M","T","M","R","?","$","E","R","B",null,"M","?","M","M","M","M","R","?","T","?","R","$","E"],"character_chosen":"IRONCLAD","items_purchased":["Metallicize","Membership Card","Feed","Ghostly Armor","Inflame+1","Flash of Steel"],"campfire_rested":0,"item_purchase_floors":[14,21,30,30,46,46],"current_hp_per_floor":[80,80,80,80,69,62,62,56,56,52,52,52,60,60,60,23,80,73,73,68,68,80,80,80,77,77,68,68,68,68,72,72,70,83,83,83,86,37,24,12,12,34,34,34,34,34,0],"gold":139,"neow_bonus":"UPGRADE_CARD","is_prod":false,"is_daily":false,"chose_seed":false,"campfire_upgraded":7,"win_rate":0,"timestamp":1563239597,"path_taken":["M","M","?","?","?","E","R","M","T","E","R","?","?","$","R","BOSS","M","?","M","$","M","R","E","M","T","M","R","?","$","E","R","BOSS","M","?","M","M","?","M","R","?","T","?","R","$","E"],"build_version":"2019-07-05","purchased_purges":3,"victory":false,"max_hp_per_floor":[80,80,80,80,80,80,80,80,80,80,80,80,80,80,80,80,80,80,80,80,80,80,80,80,80,80,80,80,80,80,83,83,83,83,83,83,86,86,86,86,86,86,86,86,83,83,83],"card_choices":[{"not_picked":["Perfected Strike","Iron Wave"],"picked":"Feel No Pain","floor":1},{"not_picked":["Iron Wave","Pommel Strike"],"picked":"Carnage","floor":2},{"not_picked":["Havoc","Warcry"],"picked":"Heavy Blade","floor":4},{"not_picked":["Dropkick","Heavy Blade","Twin Strike"],"picked":"SKIP","floor":6},{"not_picked":["Headbutt","Sword Boomerang"],"picked":"Shrug It Off","floor":8},{"not_picked":["Havoc","Sentinel"],"picked":"Whirlwind","floor":10},{"not_picked":["Armaments","Havoc"],"picked":"Demon Form","floor":13},{"not_picked":["Exhume","Juggernaut"],"picked":"Reaper","floor":16},{"not_picked":["Metallicize","Heavy Blade"],"picked":"Armaments","floor":18},{"not_picked":["Power Through","Twin Strike+1","Warcry"],"picked":"SKIP","floor":20},{"not_picked":["Headbutt","Anger+1","Heavy Blade"],"picked":"SKIP","floor":22},{"not_picked":["Clash+1","Cleave"],"picked":"Pommel Strike","floor":24},{"not_picked":["Blood for Blood","Perfected Strike"],"picked":"Entrench","floor":25},{"not_picked":["Armaments","True Grit+1"],"picked":"Intimidate","floor":27},{"not_picked":["Anger","Corruption+1"],"picked":"Infernal Blade","floor":31},{"not_picked":["Brutality","Berserk"],"picked":"Barricade","floor":33},{"not_picked":["Second Wind+1","Thunderclap+1","Dropkick"],"picked":"SKIP","floor":35},{"not_picked":["Perfected Strike","Shrug It Off+1"],"picked":"Uppercut+1","floor":37},{"not_picked":["Entrench","Rupture+1","Wild Strike"],"picked":"SKIP","floor":38},{"not_picked":["Clash+1","Carnage+1"],"picked":"Flex","floor":39},{"not_picked":["Flame Barrier","Demon Form+1"],"picked":"Ghostly Armor+1","floor":40}],"player_experience":192721,"relics_obtained":[{"floor":6,"key":"Omamori"},{"floor":9,"key":"Vajra"},{"floor":10,"key":"Blood Vial"},{"floor":24,"key":"Matryoshka"},{"floor":26,"key":"Lantern"},{"floor":31,"key":"Pen Nib"},{"floor":34,"key":"Dream Catcher"},{"floor":34,"key":"Frozen Egg 2"},{"floor":34,"key":"Peace Pipe"},{"floor":43,"key":"Potion Belt"},{"floor":43,"key":"Bronze Scales"}],"event_choices":[{"damage_healed":0,"gold_gain":0,"player_choice":"Got Potions","damage_taken":0,"max_hp_gain":0,"max_hp_loss":0,"event_name":"Lab","floor":3,"gold_loss":0},{"damage_healed":0,"gold_gain":75,"player_choice":"Gather Gold","damage_taken":11,"max_hp_gain":0,"max_hp_loss":0,"event_name":"World of Goop","floor":5,"gold_loss":0},{"damage_healed":0,"gold_gain":0,"player_choice":"Trade","damage_taken":0,"relics_obtained":["NlothsMask"],"max_hp_gain":0,"max_hp_loss":0,"event_name":"FaceTrader","floor":12,"gold_loss":0},{"damage_healed":0,"gold_gain":0,"player_choice":"Simplicity","damage_taken":0,"max_hp_gain":0,"max_hp_loss":0,"event_name":"Back to Basics","floor":19,"gold_loss":0,"cards_upgraded":["Strike_R","Strike_R","Strike_R","Strike_R","Defend_R","Defend_R","Defend_R","Defend_R"]},{"damage_healed":0,"gold_gain":0,"player_choice":"Opened","damage_taken":0,"relics_obtained":["Orichalcum"],"max_hp_gain":0,"max_hp_loss":0,"event_name":"The Mausoleum","floor":29,"gold_loss":0},{"damage_healed":0,"gold_gain":0,"player_choice":"Copied","damage_taken":0,"max_hp_gain":0,"max_hp_loss":0,"event_name":"Duplicator","floor":36,"gold_loss":0,"cards_obtained":["Entrench"]},{"damage_healed":22,"gold_gain":0,"player_choice":"Writhe","damage_taken":0,"max_hp_gain":0,"max_hp_loss":0,"event_name":"Winding Halls","floor":42,"gold_loss":0,"cards_obtained":["Writhe"]},{"damage_healed":0,"gold_gain":0,"player_choice":"Ignored","damage_taken":0,"max_hp_gain":0,"max_hp_loss":0,"event_name":"The Moai Head","floor":44,"gold_loss":0}],"is_beta":false,"boss_relics":[{"not_picked":["Orrery","Eternal Feather"],"picked":"Coffee Dripper"},{"not_picked":["White Beast Statue","Runic Dome"],"picked":"Calling Bell"}],"items_purged_floors":[14,21,46],"is_endless":false,"potions_floor_spawned":[2,4,10,13,16,22,24,25,27,33,37,39],"killed_by":"Giant Head","ascension_level":0}