{"gold_per_floor":[113,73,83,13,13,13,46,63,87,99,211,239,251,263,275,391,403,403,313,313,88,88,88,88,88],"floor_reached":25,"playtime":1459,"items_purged":[],"score":274,"play_id":"febb4049-eb92-467d-bd76-5b97779cb012","local_time":"20190810012731","is_ascension_mode":true,"campfire_choices":[{"data":"Noxious Fumes","floor":6,"key":"SMITH"},{"data":"Neutralize","floor":10,"key":"SMITH"},{"data":"Noxious Fumes","floor":15,"key":"SMITH"},{"floor":23,"key":"REST"}],"neow_cost":"PERCENT_DAMAGE","seed_source_timestamp":346805097806097,"circlet_count":0,"master_deck":["Strike_G","Strike_G","Strike_G","Strike_G","Strike_G","Defend_G","Defend_G","Defend_G","Defend_G","Defend_G","Survivor","Neutralize+1","Noxious Fumes+1","Noxious Fumes+1","Well Laid Plans","Bouncing Flask","Deadly Poison+1","Infinite Blades+1","Bandage Up","Deflect"],"relics":["Ring of the Snake","Anchor","MawBank","Frozen Egg 2","Ectoplasm","PreservedInsect"],"potions_floor_usage":[7,16,16,18,19,22,24,25],"damage_taken":[{"damage":6,"enemies":"Cultist","floor":1,"turns":4},{"damage":0,"enemies":"Jaw Worm","floor":3,"turns":5},{"damage":11,"enemies":"Gremlin Nob","floor":7,"turns":5},{"damage":2,"enemies":"Small Slimes","floor":8,"turns":4},{"damage":0,"enemies":"Blue Slaver","floor":12,"turns":4},{"damage":26,"enemies":"Slime Boss","floor":16,"turns":9},{"damage":18,"enemies":"3 Byrds","floor":18,"turns":5},{"damage":14,"enemies":"2 Thieves","floor":19,"turns":4},{"damage":0,"enemies":"Snake Plant","floor":22,"turns":1},{"damage":51,"enemies":"Gremlin Leader","floor":24,"turns":7},{"damage":20,"enemies":"3 Cultists","floor":25,"turns":4}],"seed_played":"-984253325512970988","potions_obtained":[{"floor":2,"key":"SpeedPotion"},{"floor":2,"key":"PowerPotion"},{"floor":2,"key":"Energy Potion"},{"floor":3,"key":"SkillPotion"},{"floor":7,"key":"EntropicBrew"},{"floor":19,"key":"GamblersBrew"},{"floor":24,"key":"SpeedPotion"}],"is_trial":false,"path_per_floor":["M","?","M","$","$","R","E","M","T","R","?","M","?","T","R","B",null,"M","M","?","$","M","R","E","M"],"character_chosen":"THE_SILENT","items_purchased":["Noxious Fumes","Infinite Blades+1","Bandage Up","Deflect"],"campfire_rested":1,"item_purchase_floors":[4,21,21,21],"current_hp_per_floor":[57,57,57,57,57,57,46,44,44,44,44,44,44,44,44,18,68,50,36,36,36,36,61,14,0],"gold":88,"neow_bonus":"TWENTY_PERCENT_HP_BONUS","is_prod":false,"is_daily":false,"chose_seed":false,"campfire_upgraded":3,"win_rate":0,"timestamp":1565414851,"path_taken":["M","?","?","?","$","R","E","M","T","R","?","?","?","?","R","BOSS","M","M","?","$","?","R","E","M"],"build_version":"2019-07-17","purchased_purges":0,"victory":false,"max_hp_per_floor":[84,84,84,84,84,84,84,84,84,84,84,84,84,84,84,84,84,84,84,84,84,84,84,84,84],"card_choices":[{"not_picked":["Dagger Throw","Calculated Gamble"],"picked":"Noxious Fumes","floor":1},{"not_picked":["Flying Knee","Flechettes","Prepared"],"picked":"SKIP","floor":3},{"not_picked":["Cloak And Dagger","Burst","Masterful Stab"],"picked":"SKIP","floor":7},{"not_picked":["Slice","Cloak And Dagger"],"picked":"Well Laid Plans","floor":8},{"not_picked":["Finisher","Masterful Stab","Setup"],"picked":"SKIP","floor":12},{"not_picked":["PiercingWail","Blade Dance"],"picked":"Bouncing Flask","floor":18},{"not_picked":["Poisoned Stab+1","Caltrops+1"],"picked":"Deadly Poison+1","floor":19},{"not_picked":["Expertise","Calculated Gamble+1","Predator"],"picked":"SKIP","floor":24}],"player_experience":142603,"relics_obtained":[{"floor":7,"key":"Anchor"},{"floor":9,"key":"MawBank"},{"floor":14,"key":"Frozen Egg 2"},{"floor":24,"key":"PreservedInsect"}],"event_choices":[{"damage_healed":0,"gold_gain":0,"player_choice":"Bought 3 Potions","damage_taken":0,"max_hp_gain":0,"max_hp_loss":0,"event_name":"The Woman in Blue","floor":2,"gold_loss":0},{"damage_healed":0,"gold_gain":100,"player_choice":"Pray","damage_taken":0,"max_hp_gain":0,"max_hp_loss":0,"event_name":"Golden Shrine","floor":11,"gold_loss":0},{"damage_healed":0,"gold_gain":0,"player_choice":"Ignored","damage_taken":0,"max_hp_gain":0,"max_hp_loss":0,"event_name":"Liars Game","floor":13,"gold_loss":0},{"damage_healed":0,"gold_gain":100,"player_choice":"Pray","damage_taken":0,"max_hp_gain":0,"max_hp_loss":0,"event_name":"Golden Shrine","floor":20,"gold_loss":0}],"is_beta":false,"boss_relics":[{"not_picked":["Cursed Key","Astrolabe"],"picked":"Ectoplasm"}],"items_purged_floors":[],"is_endless":false,"potions_floor_spawned":[3,7,19,24],"killed_by":"3 Cultists","ascension_level":5}