{"gold_per_floor":[115,135,135,153,115,115,130,158,158,174,174,190,224,244,244,349,349,359,245,344,356,184,184,213,213,236,236,236,16,35,35,35,136,136,155,169,169,180,199,199,45,71,124,124,124,156,173,189,189,189],"floor_reached":50,"playtime":3388,"items_purged":["Strike_R","Strike_R"],"score":636,"play_id":"cd0cfb7b-a82a-462a-9500-f34ff31ccc4b","local_time":"20190810010038","is_ascension_mode":true,"campfire_choices":[{"data":"Body Slam","floor":6,"key":"SMITH"},{"data":"Rampage","floor":11,"key":"SMITH"},{"data":"Corruption","floor":15,"key":"SMITH"},{"data":"Body Slam","floor":23,"key":"SMITH"},{"floor":25,"key":"REST"},{"floor":27,"key":"REST"},{"floor":32,"key":"REST"},{"floor":40,"key":"REST"},{"data":"Feel No Pain","floor":44,"key":"SMITH"},{"data":"Berserk","floor":49,"key":"SMITH"}],"neow_cost":"NONE","seed_source_timestamp":343136518892010,"circlet_count":0,"master_deck":["Defend_R","Defend_R","Defend_R","Defend_R","Bash","Body Slam+1","Iron Wave","Power Through","Corruption+1","Rampage+1","Shrug It Off+1","Shrug It Off+1","Entrench+1","Berserk+1","Body Slam+1","Feel No Pain+1","Body Slam+1","Corruption","Impervious+1","Rupture","Thunderclap","Inflame","Ghostly Armor+1","Limit Break+1","Flame Barrier+1","Warcry+1","Flame Barrier+1","Heavy Blade+1","Offering+1","Body Slam+1","Body Slam+1"],"special_seed":0,"relics":["Black Blood","Happy Flower","Toxic Egg 2","Incense Burner","Philosopher\u0027s Stone","Shuriken","PreservedInsect","Bronze Scales","Ornamental Fan","Dream Catcher","Vajra","Darkstone Periapt"],"potions_floor_usage":[13,16,21,24,39,42,42,48,48,48],"damage_taken":[{"damage":1.0,"enemies":"Cultist","floor":1.0,"turns":3.0},{"damage":1,"enemies":"Jaw Worm","floor":2,"turns":5},{"damage":2,"enemies":"2 Louse","floor":4,"turns":4},{"damage":10,"enemies":"Large Slime","floor":7,"turns":4},{"damage":40,"enemies":"Lagavulin","floor":8,"turns":8},{"damage":4,"enemies":"Blue Slaver","floor":10,"turns":4},{"damage":3,"enemies":"Gremlin Gang","floor":12,"turns":4},{"damage":3,"enemies":"Gremlin Nob","floor":13,"turns":4},{"damage":0,"enemies":"Exordium Thugs","floor":14,"turns":3},{"damage":35,"enemies":"The Guardian","floor":16,"turns":9},{"damage":21,"enemies":"3 Byrds","floor":18,"turns":7},{"damage":12,"enemies":"2 Thieves","floor":21,"turns":4},{"damage":54,"enemies":"Book of Stabbing","floor":24,"turns":6},{"damage":25,"enemies":"3 Cultists","floor":30,"turns":4},{"damage":44,"enemies":"Automaton","floor":33,"turns":11},{"damage":0,"enemies":"3 Shapes","floor":35,"turns":5},{"damage":11,"enemies":"Orb Walker","floor":36,"turns":6},{"damage":49,"enemies":"Spire Growth","floor":38,"turns":7},{"damage":12,"enemies":"3 Darklings","floor":39,"turns":7},{"damage":11,"enemies":"Reptomancer","floor":42,"turns":2},{"damage":0,"enemies":"Nemesis","floor":46,"turns":1},{"damage":1,"enemies":"Maw","floor":47,"turns":6},{"damage":16,"enemies":"Transient","floor":48,"turns":5},{"damage":74,"enemies":"Awakened One","floor":50,"turns":10}],"seed_played":"7986884847592555026","potions_obtained":[{"floor":2,"key":"Fire Potion"},{"floor":4,"key":"Swift Potion"},{"floor":8,"key":"Poison Potion"},{"floor":16,"key":"Swift Potion"},{"floor":24,"key":"Ancient Potion"},{"floor":30,"key":"Fire Potion"},{"floor":33,"key":"Poison Potion"},{"floor":39,"key":"PowerPotion"},{"floor":42,"key":"Explosive Potion"},{"floor":46,"key":"Explosive Potion"},{"floor":47,"key":"GamblersBrew"},{"floor":48,"key":"Fire Potion"}],"is_trial":false,"path_per_floor":["M","M","?","M","$","R","M","E","T","M","R","M","E","M","R","B",null,"M","$","?","M","$","R","E","R","T","R","?","$","M","T","R","B",null,"M","M","?","M","M","R","$","E","T","R","$","E","M","M","R","B"],"character_chosen":"IRONCLAD","items_purchased":["Corruption","Feel No Pain","Corruption","Bronze Scales","Inflame","Offering+1"],"campfire_rested":4,"item_purchase_floors":[5,19,22,29,29,41],"current_hp_per_floor":[80,80,80,80,80,80,76,42,42,44,44,47,50,56,56,27,80,65,65,65,59,59,59,11,35,35,59,59,59,40,40,64,26,80,80,79,79,40,38,62,62,61,61,61,61,71,80,74,74,0],"gold":189,"neow_bonus":"REMOVE_CARD","is_prod":false,"is_daily":false,"chose_seed":false,"campfire_upgraded":6,"win_rate":0,"timestamp":1565413238,"path_taken":["M","?","?","M","?","R","M","E","T","M","R","M","E","M","R","BOSS","M","$","?","M","$","R","E","R","T","R","?","$","M","?","R","BOSS","M","?","?","M","M","R","$","E","T","R","$","E","M","?","R","BOSS"],"build_version":"2019-07-17","purchased_purges":2,"victory":false,"max_hp_per_floor":[80,80,80,80,80,80,80,80,80,80,80,80,80,80,80,80,80,80,80,80,80,80,80,80,80,80,80,80,80,80,80,80,80,80,80,80,80,80,80,80,80,80,80,80,80,80,80,80,80,80],"card_choices":[{"not_picked":["Thunderclap","Fire Breathing"],"picked":"Body Slam","floor":1},{"not_picked":["Sword Boomerang","True Grit"],"picked":"Iron Wave","floor":2},{"not_picked":["Pommel Strike","Iron Wave"],"picked":"Power Through","floor":4},{"not_picked":["Uppercut","Heavy Blade","Wild Strike"],"picked":"SKIP","floor":7},{"not_picked":["Fiend Fire","Pommel Strike","Searing Blow"],"picked":"SKIP","floor":8},{"not_picked":["Iron Wave","Disarm+1"],"picked":"Rampage","floor":10},{"not_picked":["Havoc+1","Ghostly Armor+1"],"picked":"Shrug It Off+1","floor":12},{"not_picked":["Searing Blow","True Grit+1"],"picked":"Shrug It Off+1","floor":13},{"not_picked":["Feel No Pain","Iron Wave"],"picked":"Entrench+1","floor":14},{"not_picked":["Fiend Fire","Demon Form"],"picked":"Berserk","floor":16},{"not_picked":["Iron Wave","Sword Boomerang"],"picked":"Body Slam","floor":18},{"not_picked":["Wild Strike","Iron Wave"],"picked":"Body Slam","floor":21},{"not_picked":["Headbutt","Reckless Charge"],"picked":"Impervious+1","floor":24},{"not_picked":["Fire Breathing+1","Spot Weakness+1"],"picked":"Ghostly Armor+1","floor":30},{"not_picked":["Demon Form","Reaper"],"picked":"Limit Break+1","floor":33},{"not_picked":["Feel No Pain+1","Bloodletting+1"],"picked":"Flame Barrier+1","floor":35},{"not_picked":["Headbutt+1","Pommel Strike"],"picked":"Warcry+1","floor":36},{"not_picked":["Searing Blow","Twin Strike"],"picked":"Flame Barrier+1","floor":38},{"not_picked":["Sword Boomerang","Carnage"],"picked":"Heavy Blade+1","floor":39},{"not_picked":["Dropkick","Rampage+1","Sword Boomerang"],"picked":"SKIP","floor":42},{"not_picked":["Berserk","Flex+1","Heavy Blade+1"],"picked":"SKIP","floor":46},{"not_picked":["Infernal Blade+1","Perfected Strike+1"],"picked":"Body Slam+1","floor":47},{"not_picked":["Searing Blow","Havoc+1"],"picked":"Body Slam+1","floor":48}],"player_experience":139215,"relics_obtained":[{"floor":8,"key":"Happy Flower"},{"floor":9,"key":"Toxic Egg 2"},{"floor":13,"key":"Incense Burner"},{"floor":24,"key":"Shuriken"},{"floor":26,"key":"PreservedInsect"},{"floor":31,"key":"Ornamental Fan"},{"floor":42,"key":"Dream Catcher"},{"floor":43,"key":"Vajra"},{"floor":46,"key":"Darkstone Periapt"}],"event_choices":[{"damage_healed":0,"gold_gain":0,"player_choice":"Full Heal","damage_taken":0,"max_hp_gain":0,"max_hp_loss":0,"event_name":"Wheel of Change","floor":3,"gold_loss":0},{"damage_healed":0,"gold_gain":99,"player_choice":"Stole From Cult","damage_taken":0,"max_hp_gain":0,"max_hp_loss":0,"event_name":"Nest","floor":20,"gold_loss":0},{"damage_healed":0,"gold_gain":0,"cards_transformed":["Strike_R","Strike_R"],"player_choice":"Became Test Subject","damage_taken":0,"max_hp_gain":0,"max_hp_loss":0,"event_name":"Drug Dealer","floor":28,"gold_loss":0,"cards_obtained":["Rupture","Thunderclap"]},{"damage_healed":0,"gold_gain":0,"player_choice":"Upgraded","damage_taken":0,"max_hp_gain":0,"max_hp_loss":0,"event_name":"Upgrade Shrine","floor":37,"gold_loss":0,"cards_upgraded":["Body Slam"]}],"is_beta":false,"boss_relics":[{"not_picked":["Busted Crown","Black Star"],"picked":"Philosopher\u0027s Stone"},{"not_picked":["Fusion Hammer","Runic Cube"],"picked":"Black Blood"}],"items_purged_floors":[19,22],"is_endless":false,"potions_floor_spawned":[2,4,8,16,24,30,33,39,42,46,47,48],"killed_by":"Awakened One","ascension_level":1}