{"gold_per_floor":[113,133,58,68,81,116,116,116,139,153,153,181,181,207,207,311,311,311,311,162,162,162,162,162,162,162,162,162,162,162,16,16,16,16,16,16,16,16,16,16,16,16,16,16,16,16,16,16,16,16],"floor_reached":50,"playtime":3080,"items_purged":["Defend_R"],"score":490,"play_id":"f76ef82a-e483-49b4-a97b-115533ef24d3","local_time":"20190811205700","is_ascension_mode":false,"campfire_choices":[{"data":"Twin Strike","floor":7,"key":"SMITH"},{"data":"Flame Barrier","floor":8,"key":"SMITH"},{"data":"Bash","floor":11,"key":"SMITH"},{"data":"Clothesline","floor":15,"key":"SMITH"},{"data":"Cleave","floor":23,"key":"SMITH"},{"data":"Headbutt","floor":25,"key":"SMITH"},{"data":"Inflame","floor":29,"key":"SMITH"},{"data":"Perfected Strike","floor":32,"key":"SMITH"},{"data":"Shrug It Off","floor":40,"key":"SMITH"},{"floor":46,"key":"REST"},{"floor":49,"key":"REST"}],"neow_cost":"TEN_PERCENT_HP_LOSS","seed_source_timestamp":9154017006158,"circlet_count":0,"master_deck":["Strike_R+1","Strike_R+1","Strike_R+1","Strike_R+1","Defend_R+1","Defend_R+1","Defend_R+1","Bash+1","Flame Barrier+1","Battle Trance+1","Shrug It Off+1","Cleave+1","Twin Strike+1","Body Slam+1","Clothesline+1","Feed+1","Headbutt+1","Perfected Strike+1","Armaments+1","Headbutt+1","Inflame+1","Bludgeon+1","Feed+1","Parasite","Writhe","Warcry+1","Cleave+1","Ghostly Armor+1","Twin Strike+1","Writhe","Pommel Strike+1"],"relics":["Burning Blood","WingedGreaves","Vajra","Anchor","Blood Vial","Red Skull","Ectoplasm","Red Mask","Oddly Smooth Stone","Pen Nib","Regal Pillow","Calling Bell","Orichalcum","Sundial","Bird Faced Urn","Question Card","MawBank","Mark of the Bloom"],"potions_floor_usage":[6,12,19,33,33,33,39,41],"damage_taken":[{"damage":11,"enemies":"Jaw Worm","floor":1,"turns":4},{"damage":0,"enemies":"Small Slimes","floor":2,"turns":3},{"damage":0,"enemies":"2 Louse","floor":4,"turns":4},{"damage":0,"enemies":"2 Fungi Beasts","floor":5,"turns":5},{"damage":17,"enemies":"3 Sentries","floor":6,"turns":8},{"damage":1,"enemies":"Lots of Slimes","floor":10,"turns":2},{"damage":12,"enemies":"Lagavulin","floor":12,"turns":5},{"damage":14,"enemies":"Gremlin Nob","floor":14,"turns":3},{"damage":40,"enemies":"Hexaghost","floor":16,"turns":8},{"damage":11,"enemies":"3 Byrds","floor":18,"turns":2},{"damage":25,"enemies":"Masked Bandits","floor":19,"turns":5},{"damage":18,"enemies":"Shell Parasite","floor":21,"turns":4},{"damage":4,"enemies":"Centurion and Healer","floor":24,"turns":5},{"damage":5,"enemies":"Snake Plant","floor":27,"turns":4},{"damage":0,"enemies":"3 Cultists","floor":30,"turns":3},{"damage":59,"enemies":"Automaton","floor":33,"turns":8},{"damage":1,"enemies":"Orb Walker","floor":35,"turns":3},{"damage":17,"enemies":"3 Darklings","floor":38,"turns":8},{"damage":18,"enemies":"Transient","floor":39,"turns":5},{"damage":58,"enemies":"Giant Head","floor":41,"turns":8},{"damage":10,"enemies":"Writhing Mass","floor":42,"turns":4},{"damage":43,"enemies":"Maw","floor":48,"turns":9},{"damage":70,"enemies":"Awakened One","floor":50,"turns":8}],"seed_played":"7359040432715873168","potions_obtained":[{"floor":4,"key":"LiquidBronze"},{"floor":6,"key":"Poison Potion"},{"floor":16,"key":"BloodPotion"},{"floor":18,"key":"BloodPotion"},{"floor":24,"key":"Swift Potion"},{"floor":30,"key":"Block Potion"},{"floor":35,"key":"Block Potion"},{"floor":38,"key":"Regen Potion"},{"floor":48,"key":"SpeedPotion"}],"is_trial":false,"path_per_floor":["M","M","$","M","M","E","R","R","T","M","R","E","?","E","R","B",null,"M","?","$","M","?","R","M","R","T","M","?","R","M","$","R","B",null,"M","?","?","M","M","R","E","M","T","$","?","R","?","M","R","B"],"character_chosen":"IRONCLAD","items_purchased":["Oddly Smooth Stone","Regal Pillow"],"campfire_rested":2,"item_purchase_floors":[20,31],"current_hp_per_floor":[67,72,72,72,72,61,61,61,61,66,66,60,65,59,59,27,77,72,78,78,68,68,68,72,72,72,75,75,75,80,80,80,47,80,80,80,80,71,63,63,27,27,27,27,47,80,80,37,37,0],"gold":16,"neow_bonus":"ONE_RARE_RELIC","is_prod":false,"is_daily":false,"chose_seed":false,"campfire_upgraded":9,"win_rate":0.0,"timestamp":1565571420,"path_taken":["M","M","$","M","M","E","R","R","T","M","R","E","?","E","R","BOSS","M","?","$","M","?","R","M","R","T","M","?","R","?","$","R","BOSS","M","?","?","?","M","R","E","M","T","$","?","R","?","M","R","BOSS"],"build_version":"2019-07-17","purchased_purges":1,"victory":false,"max_hp_per_floor":[72,72,72,72,72,72,72,72,72,72,72,72,77,77,77,77,77,77,80,80,80,80,80,80,80,80,80,80,80,80,80,80,80,80,80,80,80,80,80,80,80,80,80,80,80,80,80,80,80,80],"card_choices":[{"not_picked":["Warcry","Second Wind"],"picked":"Flame Barrier","floor":1},{"not_picked":["Flex","Twin Strike"],"picked":"Battle Trance","floor":2},{"not_picked":["Flex","Hemokinesis"],"picked":"Shrug It Off","floor":4},{"not_picked":["Dropkick","Dual Wield"],"picked":"Cleave","floor":5},{"not_picked":["True Grit","Shrug It Off"],"picked":"Twin Strike","floor":6},{"not_picked":["Fire Breathing","Sever Soul","Clash"],"picked":"SKIP","floor":10},{"not_picked":["Carnage","Hemokinesis"],"picked":"Body Slam","floor":12},{"not_picked":["Armaments","Anger"],"picked":"Clothesline","floor":14},{"not_picked":["Fiend Fire","Berserk"],"picked":"Feed","floor":16},{"not_picked":["Iron Wave+1","Searing Blow"],"picked":"Headbutt","floor":18},{"not_picked":["Iron Wave","Power Through"],"picked":"Perfected Strike","floor":19},{"not_picked":["Rampage","Seeing Red"],"picked":"Armaments+1","floor":21},{"not_picked":["Shrug It Off","Perfected Strike"],"picked":"Headbutt+1","floor":24},{"not_picked":["Body Slam","Warcry"],"picked":"Inflame","floor":27},{"not_picked":["Warcry","Entrench"],"picked":"Bludgeon","floor":30},{"not_picked":["Barricade","Bludgeon"],"picked":"Feed","floor":33},{"not_picked":["Flex","Carnage+1"],"picked":"Warcry+1","floor":35},{"not_picked":["Anger+1","Power Through"],"picked":"Cleave+1","floor":38},{"not_picked":["Dual Wield","Anger+1"],"picked":"Ghostly Armor+1","floor":39},{"not_picked":["Flex+1","Armaments","Rupture"],"picked":"SKIP","floor":41},{"not_picked":["Flex+1","Impervious","Sever Soul"],"picked":"Twin Strike+1","floor":42},{"not_picked":["Flex","Iron Wave+1","Clothesline+1"],"picked":"Pommel Strike+1","floor":48}],"player_experience":2518,"relics_obtained":[{"floor":6,"key":"Vajra"},{"floor":9,"key":"Anchor"},{"floor":12,"key":"Blood Vial"},{"floor":14,"key":"Red Skull"},{"floor":19,"key":"Red Mask"},{"floor":26,"key":"Pen Nib"},{"floor":34,"key":"Orichalcum"},{"floor":34,"key":"Sundial"},{"floor":34,"key":"Bird Faced Urn"},{"floor":41,"key":"Question Card"},{"floor":43,"key":"MawBank"}],"event_choices":[{"damage_healed":0,"gold_gain":0,"player_choice":"Donut","damage_taken":0,"max_hp_gain":5,"max_hp_loss":0,"event_name":"Big Fish","floor":13,"gold_loss":0},{"damage_healed":0,"gold_gain":0,"player_choice":"Fought Bandits","damage_taken":0,"max_hp_gain":0,"max_hp_loss":0,"event_name":"Masked Bandits","floor":19,"gold_loss":0},{"damage_healed":0,"gold_gain":0,"player_choice":"Ignored","damage_taken":0,"max_hp_gain":0,"max_hp_loss":0,"event_name":"Vampires","floor":22,"gold_loss":0},{"damage_healed":0,"gold_gain":100,"player_choice":"Pray","damage_taken":0,"max_hp_gain":0,"max_hp_loss":0,"event_name":"Golden Shrine","floor":28,"gold_loss":0},{"cards_removed":["Strike_R"],"damage_healed":0,"gold_gain":0,"player_choice":"Removed Attack","damage_taken":0,"max_hp_gain":0,"max_hp_loss":0,"event_name":"Falling","floor":36,"gold_loss":0},{"cards_removed":["Normality"],"damage_healed":0,"gold_gain":0,"player_choice":"Purged","damage_taken":0,"max_hp_gain":0,"max_hp_loss":0,"event_name":"Purifier","floor":37,"gold_loss":0},{"damage_healed":20,"gold_gain":0,"player_choice":"Writhe","damage_taken":0,"max_hp_gain":0,"max_hp_loss":0,"event_name":"Winding Halls","floor":45,"gold_loss":0,"cards_obtained":["Writhe"]},{"damage_healed":0,"gold_gain":0,"player_choice":"Upgrade","damage_taken":0,"relics_obtained":["Mark of the Bloom"],"max_hp_gain":0,"max_hp_loss":0,"event_name":"MindBloom","floor":47,"gold_loss":0,"cards_upgraded":["Strike_R","Strike_R","Strike_R","Strike_R","Defend_R","Defend_R","Defend_R","Battle Trance","Body Slam","Feed","Bludgeon","Feed"]}],"is_beta":false,"boss_relics":[{"not_picked":["Eternal Feather","Velvet Choker"],"picked":"Ectoplasm"},{"not_picked":["Runic Cube","Fusion Hammer"],"picked":"Calling Bell"}],"items_purged_floors":[3],"is_endless":false,"potions_floor_spawned":[4,6,16,18,24,30,35,38,48],"killed_by":"Awakened One","ascension_level":0}