{"gold_per_floor":[110,56,75,92,108,108,136,136,136,136,150,163,163,179,179,280,280,297,297,149,167,186,186,217,252,334,334,334,259,288,298,298,396,396,414,431,431],"floor_reached":37,"playtime":2327,"items_purged":["Writhe"],"score":474,"play_id":"32c1b03a-d0ea-46ed-a4b9-f374005613fa","local_time":"20190812214054","is_ascension_mode":true,"campfire_choices":[{"data":"Flame Barrier","floor":6.0,"key":"SMITH"},{"data":"Anger","floor":8.0,"key":"SMITH"},{"data":"Shrug It Off","floor":10.0,"key":"SMITH"},{"data":"Whirlwind","floor":15.0,"key":"SMITH"},{"data":"Anger","floor":23,"key":"SMITH"},{"floor":27,"key":"REST"},{"data":"Spot Weakness","floor":28,"key":"SMITH"},{"floor":32,"key":"REST"}],"neow_cost":"NONE","seed_source_timestamp":0,"circlet_count":0,"master_deck":["Strike_R","Strike_R","Strike_R","Strike_R","Defend_R","Defend_R","Defend_R","Defend_R","Bash+1","Shrug It Off+1","Flame Barrier+1","Impervious","Anger+1","Whirlwind+1","Power Through","Double Tap","Seeing Red","Pummel","Anger+1","Thunderclap+1","Seeing Red","Battle Trance","Sword Boomerang","Headbutt+1","Spot Weakness+1","Flex","Wild Strike+1","Barricade+1","Heavy Blade","Flex+1","Body Slam+1"],"special_seed":0,"relics":["Black Blood","Champion Belt","Prayer Wheel","Orrery","WingedGreaves","Shuriken","Kunai","Frozen Egg 2","The Courier"],"potions_floor_usage":[24,24,31,33,33],"damage_taken":[{"damage":1.0,"enemies":"Cultist","floor":1.0,"turns":3.0},{"damage":9.0,"enemies":"2 Louse","floor":3.0,"turns":3.0},{"damage":3.0,"enemies":"Small Slimes","floor":4.0,"turns":3.0},{"damage":7.0,"enemies":"2 Fungi Beasts","floor":5.0,"turns":5.0},{"damage":15.0,"enemies":"Gremlin Nob","floor":7.0,"turns":4.0},{"damage":3.0,"enemies":"Blue Slaver","floor":11.0,"turns":4.0},{"damage":4.0,"enemies":"Looter","floor":12.0,"turns":4.0},{"damage":1.0,"enemies":"3 Louse","floor":14.0,"turns":3.0},{"damage":37.0,"enemies":"Slime Boss","floor":16.0,"turns":10.0},{"damage":0.0,"enemies":"Spheric Guardian","floor":18.0,"turns":4.0},{"damage":33,"enemies":"Chosen","floor":21,"turns":10},{"damage":0,"enemies":"Centurion and Healer","floor":22,"turns":5},{"damage":1,"enemies":"Gremlin Leader","floor":24,"turns":6},{"damage":33,"enemies":"Book of Stabbing","floor":25,"turns":6},{"damage":35,"enemies":"Slavers","floor":30,"turns":4},{"damage":7,"enemies":"Cultist and Chosen","floor":31,"turns":6},{"damage":48,"enemies":"Collector","floor":33,"turns":8},{"damage":17,"enemies":"3 Shapes","floor":35,"turns":8},{"damage":47,"enemies":"3 Darklings","floor":36,"turns":5},{"damage":46,"enemies":"Spire Growth","floor":37,"turns":5}],"seed_played":"103123228309193144","potions_obtained":[{"floor":3.0,"key":"FearPotion"},{"floor":5.0,"key":"Fire Potion"},{"floor":7.0,"key":"Swift Potion"},{"floor":12.0,"key":"Block Potion"},{"floor":22,"key":"SkillPotion"},{"floor":25,"key":"Dexterity Potion"},{"floor":31,"key":"PowerPotion"}],"is_trial":false,"path_per_floor":["M","$","M","M","M","R","E","R","T","R","M","M","?","M","R","B",null,"M","?","$","M","M","R","E","E","T","R","R","?","E","M","R","B",null,"M","M","M"],"character_chosen":"IRONCLAD","items_purchased":["Shrug It Off","Seeing Red"],"campfire_rested":2,"item_purchase_floors":[2,20],"current_hp_per_floor":[80,80,77,80,79,79,70,70,70,70,73,75,75,80,80,49,80,80,80,80,53,59,59,64,37,37,61,61,61,32,31,55,13,80,73,36,0],"gold":431,"neow_bonus":"UPGRADE_CARD","is_prod":false,"is_daily":false,"chose_seed":false,"campfire_upgraded":6,"win_rate":0,"timestamp":1565660454,"path_taken":["M","$","?","M","M","R","E","R","T","R","M","M","?","M","R","BOSS","M","?","$","M","M","R","E","E","T","R","R","?","E","M","R","BOSS","M","M","M"],"build_version":"2019-07-17","purchased_purges":1,"victory":false,"max_hp_per_floor":[80,80,80,80,80,80,80,80,80,80,80,80,80,80,80,80,80,80,80,80,80,80,80,80,80,80,80,80,80,80,80,80,80,80,80,80,80],"card_choices":[{"not_picked":["Warcry","Evolve","Perfected Strike"],"picked":"SKIP","floor":1.0},{"not_picked":["Disarm","Clash"],"picked":"Flame Barrier","floor":3.0},{"not_picked":["Combust","Havoc","Sword Boomerang"],"picked":"SKIP","floor":4.0},{"not_picked":["Havoc","Clothesline"],"picked":"Impervious","floor":5.0},{"not_picked":["Sword Boomerang","Perfected Strike"],"picked":"Anger","floor":7.0},{"not_picked":["Twin Strike","Sentinel","True Grit"],"picked":"SKIP","floor":11.0},{"not_picked":["Anger","Evolve","Entrench"],"picked":"SKIP","floor":11.0},{"not_picked":["Spot Weakness","Perfected Strike"],"picked":"Whirlwind","floor":12.0},{"not_picked":["Pommel Strike","Perfected Strike","Hemokinesis"],"picked":"SKIP","floor":12.0},{"not_picked":["Rupture","Headbutt"],"picked":"Power Through","floor":14.0},{"not_picked":["Entrench","True Grit","Bludgeon"],"picked":"SKIP","floor":14.0},{"not_picked":["Brutality","Bludgeon"],"picked":"Double Tap","floor":16.0},{"not_picked":["Metallicize","Heavy Blade"],"picked":"Seeing Red","floor":17.0},{"not_picked":["Clash","Pommel Strike"],"picked":"Pummel","floor":17.0},{"not_picked":["Second Wind","Immolate"],"picked":"Anger","floor":17.0},{"not_picked":["Pommel Strike","Uppercut"],"picked":"Thunderclap+1","floor":18},{"not_picked":["Perfected Strike","Twin Strike","Anger"],"picked":"SKIP","floor":18},{"not_picked":["Uppercut","Clash","Armaments"],"picked":"SKIP","floor":21},{"not_picked":["Pommel Strike","Disarm","Evolve"],"picked":"SKIP","floor":21},{"not_picked":["True Grit+1","Sword Boomerang"],"picked":"Battle Trance","floor":22},{"not_picked":["Disarm","Cleave"],"picked":"Sword Boomerang","floor":22},{"not_picked":["Blood for Blood+1","Wild Strike"],"picked":"Headbutt+1","floor":24},{"not_picked":["Heavy Blade","Wild Strike+1"],"picked":"Spot Weakness","floor":25},{"not_picked":["Infernal Blade","Pommel Strike"],"picked":"Flex","floor":30},{"not_picked":["Flex","Intimidate"],"picked":"Wild Strike+1","floor":31},{"not_picked":["Metallicize+1","Double Tap","Havoc"],"picked":"SKIP","floor":31},{"not_picked":["Bludgeon","Immolate"],"picked":"Barricade+1","floor":33},{"not_picked":["Pommel Strike","Infernal Blade+1"],"picked":"Heavy Blade","floor":35},{"not_picked":["Twin Strike","Perfected Strike+1","Carnage+1"],"picked":"SKIP","floor":35},{"not_picked":["Heavy Blade","Anger"],"picked":"Flex+1","floor":36},{"not_picked":["Battle Trance","Rampage"],"picked":"Body Slam+1","floor":36}],"player_experience":174203,"relics_obtained":[{"floor":7.0,"key":"Champion Belt"},{"floor":9.0,"key":"Prayer Wheel"},{"floor":24,"key":"Shuriken"},{"floor":25,"key":"Kunai"},{"floor":26,"key":"Frozen Egg 2"},{"floor":30,"key":"The Courier"}],"event_choices":[{"damage_healed":0.0,"max_hp_gain":0.0,"max_hp_loss":0.0,"gold_gain":0.0,"event_name":"Liars Game","player_choice":"Ignored","floor":13.0,"gold_loss":0.0,"damage_taken":0.0},{"damage_healed":0,"gold_gain":0,"player_choice":"Opened","damage_taken":0,"relics_obtained":["WingedGreaves"],"max_hp_gain":0,"max_hp_loss":0,"event_name":"The Mausoleum","floor":19,"gold_loss":0,"cards_obtained":["Writhe"]},{"cards_removed":["Strike_R"],"damage_healed":0,"gold_gain":0,"player_choice":"Gave Gold","damage_taken":0,"max_hp_gain":0,"max_hp_loss":0,"event_name":"Beggar","floor":29,"gold_loss":75}],"is_beta":false,"boss_relics":[{"not_picked":["Runic Pyramid","Snecko Eye"],"picked":"Orrery"},{"not_picked":["Empty Cage","Tiny House"],"picked":"Black Blood"}],"items_purged_floors":[20],"is_endless":false,"potions_floor_spawned":[3,5,7,12,14,22,25,31],"killed_by":"Spire Growth","ascension_level":2}