{"gold_per_floor":[115,115,131,143,154,154,168,168,218,218,143,157,172,192,192,295,295,315,64,80,80,80,80],"floor_reached":23,"playtime":1217,"items_purged":["Strike_R","Strike_R"],"score":185,"play_id":"7e85aaf0-40b9-4223-8f6a-baf6f3021ecd","local_time":"20190715213346","is_ascension_mode":false,"campfire_choices":[{"data":"Bash","floor":6,"key":"SMITH"},{"data":"Body Slam","floor":8,"key":"SMITH"},{"data":"Flex","floor":10,"key":"SMITH"},{"data":"Pommel Strike","floor":15,"key":"SMITH"}],"neow_cost":"NONE","seed_source_timestamp":210248271098800,"circlet_count":0,"master_deck":["Strike_R","Strike_R","Strike_R","Defend_R","Defend_R","Defend_R","Bash+1","Body Slam+1","Shrug It Off","Iron Wave","Iron Wave","Shrug It Off","Pommel Strike+1","Flex+1","Inflame","Clash","Barricade","Flex","Body Slam","Entrench","True Grit"],"relics":["Burning Blood","Regal Pillow","Mark of Pain","Enchiridion"],"potions_floor_usage":[18,23,23],"damage_taken":[{"damage":6,"enemies":"Jaw Worm","floor":1,"turns":4},{"damage":0,"enemies":"Cultist","floor":3,"turns":3},{"damage":0,"enemies":"2 Louse","floor":4,"turns":3},{"damage":0,"enemies":"Blue Slaver","floor":5,"turns":4},{"damage":8,"enemies":"Red Slaver","floor":7,"turns":4},{"damage":4,"enemies":"Exordium Wildlife","floor":12,"turns":4},{"damage":5,"enemies":"Looter","floor":13,"turns":2},{"damage":0,"enemies":"Blue Slaver","floor":14,"turns":2},{"damage":32,"enemies":"Hexaghost","floor":16,"turns":9},{"damage":17,"enemies":"Shell Parasite","floor":18,"turns":6},{"damage":21,"enemies":"2 Thieves","floor":20,"turns":4},{"damage":49,"enemies":"Gremlin Leader","floor":23,"turns":6}],"seed_played":"3485673001061246968","potions_obtained":[{"floor":7,"key":"GamblersBrew"},{"floor":13,"key":"Regen Potion"},{"floor":16,"key":"AttackPotion"},{"floor":18,"key":"Weak Potion"}],"is_trial":false,"path_per_floor":["M","?","M","M","M","R","M","R","T","R","$","M","M","M","R","B",null,"M","$","M","?","$","E"],"character_chosen":"IRONCLAD","items_purchased":["Flex","Body Slam","Entrench"],"campfire_rested":0,"item_purchase_floors":[19,19,19],"current_hp_per_floor":[80,80,80,80,80,80,78,78,78,78,78,80,80,80,80,54,80,69,69,54,38,38,0],"gold":80,"neow_bonus":"THREE_CARDS","is_prod":false,"is_daily":false,"chose_seed":false,"campfire_upgraded":4,"win_rate":0,"timestamp":1563240826,"path_taken":["M","?","M","?","M","R","M","R","T","R","$","M","M","M","R","BOSS","M","$","M","?","$","E"],"build_version":"2019-07-05","purchased_purges":2,"victory":false,"max_hp_per_floor":[80,80,80,80,80,80,80,80,80,80,80,80,80,80,80,80,80,80,80,80,80,80,80],"card_choices":[{"not_picked":["Intimidate","Wild Strike"],"picked":"Body Slam","floor":0},{"not_picked":["Clash","Headbutt"],"picked":"Shrug It Off","floor":1},{"not_picked":["Heavy Blade","Searing Blow"],"picked":"Iron Wave","floor":3},{"not_picked":["Feel No Pain","Clothesline"],"picked":"Shrug It Off","floor":4},{"not_picked":["Cleave","Sword Boomerang"],"picked":"Pommel Strike","floor":5},{"not_picked":["Seeing Red","Bloodletting"],"picked":"Flex","floor":7},{"not_picked":["Whirlwind","Pommel Strike","Reckless Charge"],"picked":"SKIP","floor":12},{"not_picked":["Disarm","Twin Strike"],"picked":"Inflame","floor":13},{"not_picked":["Rupture","Sever Soul"],"picked":"Clash","floor":14},{"not_picked":["Juggernaut","Demon Form"],"picked":"Barricade","floor":16},{"not_picked":["Wild Strike","Iron Wave","Warcry"],"picked":"SKIP","floor":18},{"not_picked":["Shrug It Off","Clash"],"picked":"True Grit","floor":20}],"player_experience":195902,"relics_obtained":[{"floor":9,"key":"Regal Pillow"},{"floor":21,"key":"Enchiridion"}],"event_choices":[{"cards_removed":["Defend_R"],"damage_healed":0,"gold_gain":0,"player_choice":"Took Card","damage_taken":0,"max_hp_gain":0,"max_hp_loss":0,"event_name":"NoteForYourself","floor":2,"gold_loss":0,"cards_obtained":["Iron Wave"]},{"damage_healed":0,"gold_gain":0,"player_choice":"Obtained Book","damage_taken":16,"max_hp_gain":0,"max_hp_loss":0,"event_name":"Cursed Tome","floor":21,"gold_loss":0}],"is_beta":false,"boss_relics":[{"not_picked":["Pandora\u0027s Box","Orrery"],"picked":"Mark of Pain"}],"items_purged_floors":[11,19],"is_endless":false,"potions_floor_spawned":[7,13,16,18],"killed_by":"Gremlin Leader","ascension_level":0}