{"gold_per_floor":[111,121,140,152,152,152,152,187,187,33,43,43,43,54,54,149,149,162,180,180,195,42,71,83,83,83,118,418,445,460,483,483,579,579,593,284,303,403,403,403,437,450,505,505,505,531,544,554,554,554],"floor_reached":50,"playtime":7401,"items_purged":["Strike_G"],"score":668,"play_id":"a2fe7d1a-7488-4fa5-8c45-8f6065b1e687","local_time":"20190807225803","is_ascension_mode":true,"campfire_choices":[{"data":"Sucker Punch","floor":6,"key":"SMITH"},{"data":"Bullet Time","floor":12,"key":"SMITH"},{"data":"Sucker Punch","floor":15,"key":"SMITH"},{"floor":25,"key":"REST"},{"floor":32,"key":"REST"},{"data":"Strike_G","floor":40,"key":"PURGE"},{"data":"Blade Dance","floor":44,"key":"SMITH"},{"floor":49,"key":"RECALL"}],"neow_cost":"NONE","seed_source_timestamp":1898310111818600,"circlet_count":0,"master_deck":["Strike_G+1","Strike_G+1","Defend_G","Defend_G","Defend_G","Defend_G","Survivor","Neutralize","Dagger Throw","Backstab","Sucker Punch+1","Bullet Time+1","Flash of Steel","Well Laid Plans","Expertise","Die Die Die","Caltrops+1","Slice","Dagger Spray+1","Accuracy+1","Blade Dance+1","Blade Dance","Blade Dance+1","Dodge and Roll","Burst","Endless Agony+1","Endless Agony","Predator+1","Cloak And Dagger+1","Cloak And Dagger+1"],"relics":["Ring of the Snake","Kunai","Ornamental Fan","Bottled Flame","FaceOfCleric","Empty Cage","Dream Catcher","Bronze Scales","Regal Pillow","Bird Faced Urn","Anchor","Old Coin","Ice Cream","Blood Vial","WristBlade","Pen Nib","Peace Pipe","Toxic Egg 2","Bottled Tornado"],"potions_floor_usage":[8,16,18,24,29,33,42,50,50],"damage_taken":[{"damage":0,"enemies":"Jaw Worm","floor":1,"turns":5},{"damage":0,"enemies":"Cultist","floor":2,"turns":3},{"damage":0,"enemies":"2 Louse","floor":3,"turns":1},{"damage":6,"enemies":"Large Slime","floor":4,"turns":7},{"damage":10,"enemies":"Gremlin Nob","floor":8,"turns":3},{"damage":0,"enemies":"Exordium Wildlife","floor":11,"turns":4},{"damage":0,"enemies":"Blue Slaver","floor":14,"turns":2},{"damage":19,"enemies":"The Guardian","floor":16,"turns":13},{"damage":1,"enemies":"2 Thieves","floor":18,"turns":4},{"damage":5,"enemies":"Shell Parasite","floor":19,"turns":5},{"damage":8,"enemies":"Chosen and Byrds","floor":21,"turns":4},{"damage":9,"enemies":"Book of Stabbing","floor":23,"turns":5},{"damage":27,"enemies":"Snecko","floor":24,"turns":5},{"damage":30,"enemies":"Slavers","floor":27,"turns":4},{"damage":24,"enemies":"Gremlin Leader","floor":29,"turns":7},{"damage":3,"enemies":"Shelled Parasite and Fungi","floor":30,"turns":3},{"damage":41,"enemies":"Champ","floor":33,"turns":14},{"damage":7,"enemies":"3 Shapes","floor":35,"turns":3},{"damage":10,"enemies":"Orb Walker","floor":37,"turns":3},{"damage":9,"enemies":"Mind Bloom Boss Battle","floor":38,"turns":7},{"damage":1,"enemies":"Giant Head","floor":41,"turns":6},{"damage":1,"enemies":"4 Shapes","floor":42,"turns":5},{"damage":22,"enemies":"Nemesis","floor":46,"turns":5},{"damage":19,"enemies":"Writhing Mass","floor":47,"turns":4},{"damage":8,"enemies":"Sphere and 2 Shapes","floor":48,"turns":3},{"damage":77,"enemies":"Time Eater","floor":50,"turns":6}],"seed_played":"6574896981402320151","potions_obtained":[{"floor":1,"key":"SteroidPotion"},{"floor":8,"key":"Energy Potion"},{"floor":11,"key":"Swift Potion"},{"floor":16,"key":"Poison Potion"},{"floor":23,"key":"Poison Potion"},{"floor":27,"key":"SteroidPotion"},{"floor":33,"key":"SteroidPotion"},{"floor":37,"key":"Strength Potion"},{"floor":41,"key":"Explosive Potion"},{"floor":46,"key":"Ancient Potion"}],"is_trial":false,"path_per_floor":["M","M","M","M","?","R","T","E","T","$","M","R","?","M","R","B",null,"M","M","T","M","$","E","M","R","T","E","T","E","M","T","R","B",null,"M","$","M","?","?","R","E","M","T","R","?","E","M","M","R","B"],"character_chosen":"THE_SILENT","items_purchased":["Flash of Steel","Well Laid Plans","Bronze Scales","Pen Nib","Endless Agony"],"campfire_rested":2,"item_purchase_floors":[10,10,22,36,36],"current_hp_per_floor":[77,77,77,71,56,56,56,46,46,46,46,46,46,47,47,29,79,79,75,75,68,68,60,34,74,74,49,49,32,34,34,75,43,88,83,83,80,80,80,80,86,88,88,88,88,69,59,60,60,0],"gold":554,"neow_bonus":"TEN_PERCENT_HP_BONUS","is_prod":false,"is_daily":false,"chose_seed":false,"campfire_upgraded":4,"win_rate":0,"timestamp":1565207883,"path_taken":["M","M","M","M","?","R","?","E","T","$","?","R","?","M","R","BOSS","M","M","?","M","$","E","M","R","T","E","?","E","?","?","R","BOSS","M","$","M","?","?","R","E","M","T","R","?","E","M","M","R","BOSS"],"build_version":"2019-07-17","purchased_purges":1,"victory":false,"max_hp_per_floor":[77,77,77,77,77,77,77,77,77,77,77,77,77,78,78,79,79,80,81,81,82,82,83,84,84,84,85,85,86,87,87,87,88,88,89,89,90,91,86,86,87,88,88,88,88,89,90,91,91,91],"card_choices":[{"not_picked":["Calculated Gamble","Choke"],"picked":"Dagger Throw","floor":1},{"not_picked":["Deadly Poison","Quick Slash"],"picked":"Backstab","floor":2},{"not_picked":["Flying Knee","Backflip"],"picked":"Sucker Punch","floor":3},{"not_picked":["Dagger Spray","Quick Slash"],"picked":"Sucker Punch","floor":4},{"not_picked":["Glass Knife","Blade Dance"],"picked":"Bullet Time","floor":8},{"not_picked":["Backflip","Finisher"],"picked":"Expertise","floor":11},{"not_picked":["Skewer","Acrobatics","Catalyst"],"picked":"SKIP","floor":14},{"not_picked":["A Thousand Cuts","Malaise"],"picked":"Die Die Die","floor":16},{"not_picked":["Tactician+1","Masterful Stab"],"picked":"Caltrops+1","floor":18},{"not_picked":["Skewer","Deflect"],"picked":"Slice","floor":19},{"not_picked":["Slice","Finisher+1"],"picked":"Dagger Spray+1","floor":21},{"not_picked":["Crippling Poison","Dagger Spray+1"],"picked":"Accuracy+1","floor":23},{"not_picked":["Slice","Dodge and Roll"],"picked":"Blade Dance","floor":24},{"not_picked":["Poisoned Stab","Dagger Spray"],"picked":"Blade Dance","floor":27},{"not_picked":["Bouncing Flask+1","Finisher+1"],"picked":"Blade Dance+1","floor":29},{"not_picked":["Glass Knife","Noxious Fumes+1","Accuracy"],"picked":"SKIP","floor":30},{"not_picked":["Heel Hook","Prepared"],"picked":"Dodge and Roll","floor":32},{"not_picked":["Bullet Time","Venomology"],"picked":"Burst","floor":33},{"not_picked":["Footwork","Bouncing Flask+1"],"picked":"Endless Agony+1","floor":35},{"not_picked":["Choke","Sucker Punch"],"picked":"Predator+1","floor":37},{"not_picked":["Quick Slash+1","Deadly Poison+1"],"picked":"Cloak And Dagger+1","floor":38},{"not_picked":["Accuracy","Well Laid Plans","Caltrops"],"picked":"SKIP","floor":41},{"not_picked":["Escape Plan+1","Dash","Catalyst+1"],"picked":"SKIP","floor":42},{"not_picked":["PiercingWail+1","Outmaneuver+1"],"picked":"Cloak And Dagger+1","floor":46},{"not_picked":["Flying Knee","Dodge and Roll+1","Slice"],"picked":"SKIP","floor":47},{"not_picked":["Crippling Poison+1","Wraith Form v2","All Out Attack+1"],"picked":"SKIP","floor":48}],"player_experience":87926,"relics_obtained":[{"floor":7,"key":"Kunai"},{"floor":8,"key":"Ornamental Fan"},{"floor":9,"key":"Bottled Flame"},{"floor":20,"key":"Dream Catcher"},{"floor":23,"key":"Regal Pillow"},{"floor":26,"key":"Bird Faced Urn"},{"floor":27,"key":"Anchor"},{"floor":28,"key":"Old Coin"},{"floor":29,"key":"Ice Cream"},{"floor":31,"key":"Blood Vial"},{"floor":38,"key":"Peace Pipe"},{"floor":41,"key":"Toxic Egg 2"},{"floor":46,"key":"Bottled Tornado"}],"event_choices":[{"damage_healed":0,"gold_gain":0,"player_choice":"Entered Light","damage_taken":15,"max_hp_gain":0,"max_hp_loss":0,"event_name":"Shining Light","floor":5,"gold_loss":0,"cards_upgraded":["Strike_G","Strike_G"]},{"damage_healed":0,"gold_gain":0,"player_choice":"Trade","damage_taken":0,"relics_obtained":["FaceOfCleric"],"max_hp_gain":0,"max_hp_loss":0,"event_name":"FaceTrader","floor":13,"gold_loss":0},{"damage_healed":0,"gold_gain":0,"player_choice":"Fight","damage_taken":0,"max_hp_gain":0,"max_hp_loss":0,"event_name":"MindBloom","floor":38,"gold_loss":0},{"damage_healed":0,"gold_gain":0,"player_choice":"Max HP","damage_taken":0,"max_hp_gain":0,"max_hp_loss":5,"event_name":"Winding Halls","floor":39,"gold_loss":0},{"cards_removed":["Sucker Punch"],"damage_healed":0,"gold_gain":0,"player_choice":"Removed Attack","damage_taken":0,"max_hp_gain":0,"max_hp_loss":0,"event_name":"Falling","floor":45,"gold_loss":0}],"is_beta":false,"boss_relics":[{"not_picked":["White Beast Statue","Lizard Tail"],"picked":"Empty Cage"},{"not_picked":["Orrery","Ring of the Serpent"],"picked":"WristBlade"}],"items_purged_floors":[36],"is_endless":false,"potions_floor_spawned":[1,8,11,16,23,27,33,37,41,46],"killed_by":"Time Eater","ascension_level":2}