{"gold_per_floor":[360,360,371,14,25,25,56,56,56,91,13,31,47,62,62,162,162,181,181,201,501,514,514,87,87,168,188,188,220,235,249,249,352,352,365,377,391,409,190,190,202,202,202,202,219,219,219,56,56,56],"floor_reached":51,"playtime":6597,"items_purged":["Defend_G","Defend_G","Distraction+1"],"score":661,"play_id":"2c7e3fc0-321a-4f70-9cec-4b7416e990f4","local_time":"20190718222817","is_ascension_mode":false,"campfire_choices":[{"data":"Leg Sweep","floor":6,"key":"SMITH"},{"floor":8,"key":"REST"},{"data":"Noxious Fumes","floor":15,"key":"SMITH"},{"data":"Noxious Fumes","floor":23,"key":"SMITH"},{"data":"Well Laid Plans","floor":25,"key":"SMITH"},{"data":"Caltrops","floor":28,"key":"SMITH"},{"floor":32,"key":"REST"},{"data":"Wraith Form v2","floor":40,"key":"SMITH"},{"data":"Prepared","floor":42,"key":"SMITH"},{"data":"Panacea","floor":44,"key":"SMITH"},{"floor":49,"key":"REST"}],"neow_cost":"PERCENT_DAMAGE","seed_source_timestamp":112612073549200,"circlet_count":0,"master_deck":["Defend_G","Defend_G","Survivor","Neutralize","Leg Sweep+1","Reflex","Sucker Punch","Well Laid Plans+1","Noxious Fumes+1","Quick Slash","Prepared+1","Noxious Fumes+1","Underhanded Strike","Dagger Spray","Glass Knife","Backstab","Bite","Bite","Bite","Bite","Crippling Poison","Backflip+1","Caltrops+1","Underhanded Strike","Panacea+1","Bane+1","Wraith Form v2+1","Predator","Crippling Poison+1","Choke","Shame","Footwork","Dash","Flechettes"],"relics":["Ring of the Snake","Membership Card","Pantograph","Meat on the Bone","Singing Bowl","Sundial","Snecko Eye","Old Coin","WingedGreaves","Dodecahedron","Kunai","Red Mask","Cursed Key","Toxic Egg 2","Ninja Scroll","Dream Catcher","Snake Skull"],"potions_floor_usage":[7,18,20,29,31,37,37,38],"damage_taken":[{"damage":5,"enemies":"Small Slimes","floor":1,"turns":5},{"damage":1,"enemies":"Cultist","floor":3,"turns":4},{"damage":0,"enemies":"2 Louse","floor":5,"turns":3},{"damage":25,"enemies":"3 Sentries","floor":7,"turns":9},{"damage":3,"enemies":"Lagavulin","floor":10,"turns":10},{"damage":1,"enemies":"Blue Slaver","floor":12,"turns":5},{"damage":0,"enemies":"Exordium Wildlife","floor":13,"turns":5},{"damage":2,"enemies":"Exordium Thugs","floor":14,"turns":5},{"damage":8,"enemies":"The Guardian","floor":16,"turns":11},{"damage":8,"enemies":"Spheric Guardian","floor":18,"turns":6},{"damage":13,"enemies":"Chosen","floor":20,"turns":6},{"damage":10,"enemies":"Shelled Parasite and Fungi","floor":22,"turns":6},{"damage":21,"enemies":"Snake Plant","floor":27,"turns":5},{"damage":23,"enemies":"Masked Bandits","floor":29,"turns":3},{"damage":7,"enemies":"Snecko","floor":30,"turns":6},{"damage":26,"enemies":"Chosen and Byrds","floor":31,"turns":7},{"damage":20,"enemies":"Automaton","floor":33,"turns":8},{"damage":0,"enemies":"3 Shapes","floor":35,"turns":3},{"damage":10,"enemies":"3 Darklings","floor":36,"turns":4},{"damage":43,"enemies":"Spire Growth","floor":37,"turns":6},{"damage":18,"enemies":"Transient","floor":38,"turns":5},{"damage":5,"enemies":"Jaw Worm Horde","floor":41,"turns":5},{"damage":2,"enemies":"4 Shapes","floor":45,"turns":6},{"damage":49,"enemies":"Awakened One","floor":50,"turns":14}],"seed_played":"-4672860871523209859","potions_obtained":[{"floor":1,"key":"PowerPotion"},{"floor":14,"key":"FearPotion"},{"floor":16,"key":"Dexterity Potion"},{"floor":18,"key":"AttackPotion"},{"floor":27,"key":"Regen Potion"},{"floor":29,"key":"Swift Potion"},{"floor":36,"key":"SteroidPotion"},{"floor":37,"key":"Poison Potion"},{"floor":38,"key":"SteroidPotion"}],"is_trial":false,"path_per_floor":["M","?","M","$","M","R","E","R","T","E","$","M","M","M","R","B",null,"M","?","M","?","M","R","$","R","T","M","R","?","M","M","R","B",null,"M","M","M","M","$","R","M","R","T","R","M","?","?","$","R","B",null],"character_chosen":"THE_SILENT","items_purchased":["Membership Card","Noxious Fumes","Pantograph","Noxious Fumes","WingedGreaves","Dodecahedron","Caltrops","Underhanded Strike","Panacea","Toxic Egg 2","Crippling Poison+1","Snake Skull","Footwork","Dash","Flechettes"],"campfire_rested":3,"item_purchase_floors":[4,4,4,11,24,24,24,24,24,39,39,48,48,48,48],"current_hp_per_floor":[44,44,43,43,43,43,18,39,39,38,38,37,37,49,49,66,74,66,51,42,42,42,42,42,42,42,37,37,28,29,27,43,43,55,55,55,36,36,36,36,37,37,37,37,49,49,49,49,65,44],"gold":56,"neow_bonus":"TWO_FIFTY_GOLD","is_prod":false,"is_daily":false,"chose_seed":false,"campfire_upgraded":8,"win_rate":0,"timestamp":1563503297,"path_taken":["M","?","M","$","M","R","E","R","T","E","?","?","M","M","R","BOSS","M","?","M","?","M","R","$","R","T","M","R","?","M","M","R","BOSS","M","M","M","M","$","R","M","R","T","R","M","?","?","$","R","BOSS"],"build_version":"2019-07-17","purchased_purges":3,"victory":true,"max_hp_per_floor":[70,70,70,70,70,70,70,70,70,72,72,72,72,74,74,74,74,74,51,51,51,51,51,51,51,51,51,51,51,53,55,55,55,55,55,57,59,61,61,61,61,61,61,61,63,63,63,63,65,65],"card_choices":[{"not_picked":["Underhanded Strike","Prepared"],"picked":"Leg Sweep","floor":1},{"not_picked":["Dodge and Roll","Eviscerate"],"picked":"Well Laid Plans","floor":3},{"not_picked":["Catalyst","Flechettes"],"picked":"Quick Slash","floor":5},{"not_picked":["Choke","Concentrate"],"picked":"Prepared","floor":7},{"not_picked":["Expertise","Accuracy","Flying Knee"],"picked":"Singing Bowl","floor":10},{"not_picked":["Leg Sweep","Predator"],"picked":"Underhanded Strike","floor":12},{"not_picked":["Escape Plan","PiercingWail"],"picked":"Dagger Spray","floor":13},{"not_picked":["Leg Sweep","PiercingWail","Flechettes"],"picked":"Singing Bowl","floor":14},{"not_picked":["Venomology","Envenom"],"picked":"Glass Knife","floor":16},{"not_picked":["Cloak And Dagger+1","Underhanded Strike"],"picked":"Backstab","floor":18},{"not_picked":["Poisoned Stab+1","Infinite Blades"],"picked":"Crippling Poison","floor":20},{"not_picked":["Crippling Poison","Bane"],"picked":"Backflip+1","floor":22},{"not_picked":["Masterful Stab","Flying Knee"],"picked":"Bane+1","floor":27},{"not_picked":["Masterful Stab","Bane"],"picked":"Distraction+1","floor":29},{"not_picked":["Acrobatics","Crippling Poison","Dagger Throw"],"picked":"Singing Bowl","floor":30},{"not_picked":["Accuracy","Skewer+1","PiercingWail"],"picked":"Singing Bowl","floor":31},{"not_picked":["Grand Finale","Adrenaline"],"picked":"Wraith Form v2","floor":33},{"not_picked":["Tactician+1","Expertise"],"picked":"Predator","floor":35},{"not_picked":["Bane","Flying Knee+1","Cloak And Dagger+1"],"picked":"Singing Bowl","floor":36},{"not_picked":["Cloak And Dagger+1","Poisoned Stab+1","Eviscerate"],"picked":"Singing Bowl","floor":37},{"not_picked":["Sucker Punch+1","Dagger Throw+1","Poisoned Stab+1"],"picked":"Singing Bowl","floor":38},{"not_picked":["Slice+1","Infinite Blades+1"],"picked":"Choke","floor":41},{"not_picked":["Poisoned Stab+1","Grand Finale","Heel Hook+1"],"picked":"Singing Bowl","floor":45},{"not_picked":["Poisoned Stab+1","Dagger Spray","Distraction+1"],"picked":"Singing Bowl","floor":49}],"player_experience":296902,"relics_obtained":[{"floor":7,"key":"Meat on the Bone"},{"floor":9,"key":"Singing Bowl"},{"floor":10,"key":"Sundial"},{"floor":26,"key":"Kunai"},{"floor":29,"key":"Red Mask"},{"floor":43,"key":"Ninja Scroll"}],"event_choices":[{"damage_healed":0,"gold_gain":0,"player_choice":"2 cards matched","damage_taken":0,"max_hp_gain":0,"max_hp_loss":0,"event_name":"Match and Keep!","floor":2,"gold_loss":0,"cards_obtained":["Reflex","Sucker Punch"]},{"damage_healed":0,"gold_gain":0,"player_choice":"Became a vampire","damage_taken":0,"max_hp_gain":0,"max_hp_loss":23,"event_name":"Vampires","floor":19,"gold_loss":0,"cards_obtained":["Bite","Bite","Bite","Bite","Bite"]},{"damage_healed":0,"gold_gain":0,"player_choice":"Opened","damage_taken":0,"relics_obtained":["Old Coin"],"max_hp_gain":0,"max_hp_loss":0,"event_name":"The Mausoleum","floor":21,"gold_loss":0},{"damage_healed":0,"gold_gain":0,"player_choice":"Fought Bandits","damage_taken":0,"max_hp_gain":0,"max_hp_loss":0,"event_name":"Masked Bandits","floor":29,"gold_loss":0},{"cards_removed":["Defend_G"],"damage_healed":0,"gold_gain":0,"player_choice":"Removed Skill","damage_taken":0,"max_hp_gain":0,"max_hp_loss":0,"event_name":"Falling","floor":46,"gold_loss":0},{"cards_removed":["Bite"],"damage_healed":0,"gold_gain":0,"player_choice":"Gave Card","damage_taken":0,"relics_obtained":["Dream Catcher"],"max_hp_gain":0,"max_hp_loss":0,"event_name":"WeMeetAgain","floor":47,"gold_loss":0}],"is_beta":false,"boss_relics":[{"not_picked":["Busted Crown","Sozu"],"picked":"Snecko Eye"},{"not_picked":["Philosopher\u0027s Stone","White Beast Statue"],"picked":"Cursed Key"}],"items_purged_floors":[11,24,39],"is_endless":false,"potions_floor_spawned":[1,14,16,18,27,29,36,37,38],"ascension_level":0}