{"gold_per_floor":[109,129,129,142,217,217,243,243,243,262,280,280,290,324,324,429,429,429,429,429,344,344,344,344,344,344,344,344,344,344,344,344,344,344,344,344,344,344,31,31],"floor_reached":40,"playtime":4532,"items_purged":["Entrench+1"],"score":464,"play_id":"35a1192a-9e0a-42e6-8176-3f5fe5123dcd","local_time":"20190802003432","is_ascension_mode":true,"campfire_choices":[{"data":"Seeing Red","floor":6,"key":"SMITH"},{"data":"Warcry","floor":8,"key":"SMITH"},{"data":"Anger","floor":12,"key":"SMITH"},{"floor":15,"key":"REST"},{"data":"Cleave","floor":23,"key":"SMITH"},{"data":"Burning Pact","floor":25,"key":"SMITH"},{"data":"Bash","floor":29,"key":"SMITH"},{"data":"Burning Pact","floor":32,"key":"SMITH"}],"neow_cost":"NONE","seed_source_timestamp":1388546521886500,"circlet_count":0,"master_deck":["Strike_R","Strike_R","Strike_R","Defend_R","Bash+1","Seeing Red+1","Flex","Pommel Strike","Clash","Warcry+1","Pommel Strike","Anger+1","Thunderclap","Intimidate","Reaper","Cleave+1","Anger+1","RitualDagger","Flex","Burning Pact+1","Pommel Strike","Flex+1","Burning Pact+1","Clash","Reaper","Whirlwind+1","Barricade+1","True Grit+1","Dropkick","Parasite","Clash+1","Dramatic Entrance"],"relics":["Burning Blood","Self Forming Clay","Matryoshka","Ancient Tea Set","Ectoplasm","Sundial","Happy Flower","Potion Belt","Bottled Lightning","Centennial Puzzle","Astrolabe","Lantern"],"potions_floor_usage":[7,16,22,24,30,33],"damage_taken":[{"damage":0,"enemies":"2 Louse","floor":1,"turns":3},{"damage":11,"enemies":"Jaw Worm","floor":2,"turns":4},{"damage":1,"enemies":"Cultist","floor":4,"turns":3},{"damage":24,"enemies":"3 Sentries","floor":7,"turns":7},{"damage":5,"enemies":"Lots of Slimes","floor":10,"turns":3},{"damage":3,"enemies":"Red Slaver","floor":11,"turns":2},{"damage":9,"enemies":"Gremlin Gang","floor":13,"turns":3},{"damage":16,"enemies":"Gremlin Nob","floor":14,"turns":3},{"damage":44,"enemies":"Slime Boss","floor":16,"turns":10},{"damage":19,"enemies":"Spheric Guardian","floor":18,"turns":4},{"damage":14,"enemies":"Shell Parasite","floor":19,"turns":4},{"damage":22,"enemies":"Centurion and Healer","floor":22,"turns":4},{"damage":39,"enemies":"Gremlin Leader","floor":24,"turns":7},{"damage":15,"enemies":"Snake Plant","floor":27,"turns":2},{"damage":2,"enemies":"3 Cultists","floor":28,"turns":4},{"damage":15,"enemies":"Book of Stabbing","floor":30,"turns":4},{"damage":5,"enemies":"Cultist and Chosen","floor":31,"turns":4},{"damage":77,"enemies":"Champ","floor":33,"turns":7},{"damage":29,"enemies":"3 Darklings","floor":35,"turns":2},{"damage":19,"enemies":"3 Shapes","floor":36,"turns":2},{"damage":15,"enemies":"3 Darklings","floor":37,"turns":2},{"damage":37,"enemies":"Writhing Mass","floor":38,"turns":5},{"damage":49,"enemies":"Nemesis","floor":40,"turns":3}],"seed_played":"-8164908990516173573","potions_obtained":[{"floor":2,"key":"Dexterity Potion"},{"floor":7,"key":"Block Potion"},{"floor":11,"key":"Energy Potion"},{"floor":16,"key":"Poison Potion"},{"floor":18,"key":"Dexterity Potion"},{"floor":19,"key":"EssenceOfSteel"},{"floor":30,"key":"BloodPotion"},{"floor":33,"key":"Poison Potion"}],"is_trial":false,"path_per_floor":["M","M","?","M","?","R","E","R","T","M","M","R","M","E","R","B",null,"M","M","?","?","M","R","E","R","T","M","M","R","E","M","R","B",null,"M","M","M","M","$","E"],"character_chosen":"IRONCLAD","items_purchased":["Lantern","Dramatic Entrance"],"campfire_rested":1,"item_purchase_floors":[39,39],"current_hp_per_floor":[80,75,68,73,62,62,44,44,44,45,48,48,45,35,59,21,80,73,67,61,61,57,57,36,36,36,33,45,45,48,61,61,18,80,78,65,80,49,49,0],"gold":31,"neow_bonus":"TRANSFORM_CARD","is_prod":false,"is_daily":false,"chose_seed":false,"campfire_upgraded":7,"win_rate":0,"timestamp":1564695272,"path_taken":["M","M","?","M","?","R","E","R","T","M","M","R","M","E","R","BOSS","M","M","?","?","?","R","E","R","T","?","M","R","E","M","R","BOSS","M","M","?","M","?","E"],"build_version":"2019-07-17","purchased_purges":1,"victory":false,"max_hp_per_floor":[80,80,80,80,80,80,80,80,80,80,80,80,80,80,80,80,80,80,80,80,80,80,80,80,80,80,80,80,80,80,80,80,80,80,80,80,80,80,80,80],"card_choices":[{"not_picked":["Perfected Strike","Shockwave"],"picked":"Flex","floor":1},{"not_picked":["Clash","Rupture"],"picked":"Pommel Strike","floor":2},{"not_picked":["Rupture","Dual Wield"],"picked":"Clash","floor":4},{"not_picked":["Double Tap","Burning Pact"],"picked":"Warcry","floor":7},{"not_picked":["Hemokinesis","Body Slam"],"picked":"Pommel Strike","floor":10},{"not_picked":["Pommel Strike","Thunderclap"],"picked":"Anger","floor":11},{"not_picked":["True Grit","Twin Strike"],"picked":"Thunderclap","floor":13},{"not_picked":["Cleave","Feel No Pain"],"picked":"Intimidate","floor":14},{"not_picked":["Double Tap","Feed"],"picked":"Reaper","floor":16},{"not_picked":["Iron Wave","True Grit"],"picked":"Cleave","floor":18},{"not_picked":["Heavy Blade","Searing Blow"],"picked":"Anger+1","floor":19},{"not_picked":["Combust","Bludgeon"],"picked":"Flex","floor":22},{"not_picked":["Headbutt","Disarm"],"picked":"Burning Pact","floor":24},{"not_picked":["Intimidate","Reckless Charge"],"picked":"Pommel Strike","floor":27},{"not_picked":["Reckless Charge+1","Body Slam"],"picked":"Flex+1","floor":28},{"not_picked":["Limit Break","Armaments"],"picked":"Burning Pact","floor":30},{"not_picked":["Hemokinesis","Burning Pact+1"],"picked":"Clash","floor":31},{"not_picked":["Limit Break","Offering"],"picked":"Reaper","floor":33},{"not_picked":["Whirlwind","Rupture+1"],"picked":"True Grit+1","floor":35},{"not_picked":["Perfected Strike","Armaments","Cleave"],"picked":"SKIP","floor":36},{"not_picked":["Clothesline+1","Barricade"],"picked":"Dropkick","floor":37},{"not_picked":["Burning Pact","Clothesline+1"],"picked":"Clash+1","floor":38}],"player_experience":14433,"relics_obtained":[{"floor":7,"key":"Self Forming Clay"},{"floor":9,"key":"Matryoshka"},{"floor":14,"key":"Ancient Tea Set"},{"floor":24,"key":"Happy Flower"},{"floor":26,"key":"Potion Belt"},{"floor":26,"key":"Bottled Lightning"},{"floor":30,"key":"Centennial Puzzle"}],"event_choices":[{"cards_removed":["Strike_R"],"damage_healed":0,"gold_gain":0,"player_choice":"Card Removal","damage_taken":7,"max_hp_gain":0,"max_hp_loss":0,"event_name":"Golden Wing","floor":3,"gold_loss":0},{"damage_healed":0,"gold_gain":75,"player_choice":"Gather Gold","damage_taken":11,"max_hp_gain":0,"max_hp_loss":0,"event_name":"World of Goop","floor":5,"gold_loss":0},{"damage_healed":0,"gold_gain":0,"player_choice":"Joined the Cult","damage_taken":6,"max_hp_gain":0,"max_hp_loss":0,"event_name":"Nest","floor":20,"gold_loss":0,"cards_obtained":["RitualDagger"]},{"damage_healed":0,"gold_gain":0,"player_choice":"Obtained Relic","damage_taken":0,"relics_obtained":["Sundial"],"max_hp_gain":0,"max_hp_loss":0,"event_name":"Addict","floor":21,"gold_loss":85}],"is_beta":false,"boss_relics":[{"not_picked":["Calling Bell","Velvet Choker"],"picked":"Ectoplasm"},{"not_picked":["Sozu","Black Blood"],"picked":"Astrolabe"}],"items_purged_floors":[39],"is_endless":false,"potions_floor_spawned":[2,7,11,16,18,19,30,33],"killed_by":"Nemesis","ascension_level":1}