{"gold_per_floor":[109,184,45,45,64,64,91,91],"floor_reached":8,"playtime":666,"items_purged":[],"score":105,"play_id":"e875ba39-098f-45b9-81e6-756828e4a80f","local_time":"20190716233837","is_ascension_mode":true,"campfire_choices":[{"data":"Poisoned Stab","floor":6,"key":"SMITH"}],"neow_cost":"TEN_PERCENT_HP_LOSS","seed_source_timestamp":512375032059600,"circlet_count":0,"master_deck":["AscendersBane","Strike_G","Strike_G","Strike_G","Strike_G","Strike_G","Defend_G","Defend_G","Defend_G","Defend_G","Defend_G","Survivor","Neutralize","After Image","Poisoned Stab+1","Leg Sweep","Poisoned Stab","Flechettes"],"relics":["Ring of the Snake","PreservedInsect"],"potions_floor_usage":[],"damage_taken":[{"damage":2,"enemies":"2 Louse","floor":1,"turns":6},{"damage":2,"enemies":"Jaw Worm","floor":5,"turns":6},{"damage":40,"enemies":"3 Sentries","floor":7,"turns":14},{"damage":6,"enemies":"The Mushroom Lair","floor":8,"turns":1}],"seed_played":"-2238465511628497088","potions_obtained":[{"floor":1,"key":"SteroidPotion"}],"is_trial":false,"path_per_floor":["M","?","$","?","M","R","E","?"],"character_chosen":"THE_SILENT","items_purchased":["Poisoned Stab","Leg Sweep"],"campfire_rested":0,"item_purchase_floors":[3,3],"current_hp_per_floor":[57,46,46,46,44,44,4,0],"gold":91,"neow_bonus":"THREE_RARE_CARDS","is_prod":false,"is_daily":false,"chose_seed":false,"campfire_upgraded":1,"win_rate":0,"timestamp":1563334717,"path_taken":["M","?","$","?","M","R","E","?"],"build_version":"2019-07-05","purchased_purges":0,"victory":false,"max_hp_per_floor":[60,60,60,60,60,60,60,60],"card_choices":[{"not_picked":["Bullet Time","Doppelganger"],"picked":"After Image","floor":0},{"not_picked":["Reflex","Backflip","Acrobatics"],"picked":"SKIP","floor":1},{"not_picked":["Outmaneuver","Terror"],"picked":"Poisoned Stab","floor":5},{"not_picked":["Choke","Acrobatics"],"picked":"Flechettes","floor":7}],"player_experience":2464038,"relics_obtained":[{"floor":7,"key":"PreservedInsect"}],"event_choices":[{"damage_healed":0,"gold_gain":75,"player_choice":"Gather Gold","damage_taken":11,"max_hp_gain":0,"max_hp_loss":0,"event_name":"World of Goop","floor":2,"gold_loss":0},{"damage_healed":0,"gold_gain":0,"player_choice":"Ignored","damage_taken":0,"max_hp_gain":0,"max_hp_loss":0,"event_name":"Liars Game","floor":4,"gold_loss":0},{"damage_healed":0,"gold_gain":0,"player_choice":"Fought Mushrooms","damage_taken":0,"max_hp_gain":0,"max_hp_loss":0,"event_name":"Mushrooms","floor":8,"gold_loss":0}],"is_beta":false,"boss_relics":[],"items_purged_floors":[],"is_endless":false,"potions_floor_spawned":[1],"killed_by":"The Mushroom Lair","ascension_level":19}