{"gold_per_floor":[113,113,113,123,140,140,153,165,189,215,235,265,265,282,282,282],"floor_reached":16,"playtime":1558,"items_purged":[],"score":114,"play_id":"7b1ed650-6693-445b-aad2-6dda21788495","local_time":"20190322133941","is_ascension_mode":false,"campfire_choices":[{"data":"Neutralize","floor":6,"key":"SMITH"},{"floor":15,"key":"REST"}],"neow_cost":"NONE","seed_source_timestamp":401075994084200,"circlet_count":0,"master_deck":["Defend_G+1","Defend_G","Defend_G","Defend_G","Defend_G","Strike_G","Strike_G","Strike_G","Strike_G+1","Strike_G","Survivor","Neutralize+1","Envenom","Backstab","Flying Knee","Dagger Throw","Dagger Spray","Blur+1","Dodge and Roll","Deflect","Distraction","Blur","PiercingWail"],"relics":["Ring of the Snake","Strawberry","Orichalcum","Dream Catcher"],"potions_floor_usage":[12],"damage_taken":[{"damage":0,"enemies":"Cultist","floor":1,"turns":4},{"damage":2,"enemies":"Jaw Worm","floor":4,"turns":4},{"damage":7,"enemies":"Small Slimes","floor":5,"turns":4},{"damage":3,"enemies":"Exordium Thugs","floor":7,"turns":5},{"damage":0,"enemies":"Looter","floor":8,"turns":3},{"damage":6,"enemies":"3 Sentries","floor":10,"turns":6},{"damage":2,"enemies":"Exordium Wildlife","floor":11,"turns":6},{"damage":4,"enemies":"Gremlin Nob","floor":12,"turns":4},{"damage":0,"enemies":"Large Slime","floor":14,"turns":7},{"damage":64,"enemies":"Slime Boss","floor":16,"turns":17}],"seed_played":"592592121924694442","potions_obtained":[{"floor":1,"key":"Strength Potion"},{"floor":3,"key":"SteroidPotion"},{"floor":3,"key":"Ancient Potion"},{"floor":8,"key":"Fire Potion"}],"is_trial":false,"path_per_floor":["M","?","?","M","M","R","M","M","T","E","M","E","?","M","R","B"],"character_chosen":"THE_SILENT","items_purchased":[],"campfire_rested":1,"item_purchase_floors":[],"current_hp_per_floor":[70,56,56,54,47,47,44,44,51,45,43,39,39,39,62,0],"gold":282,"neow_bonus":"ONE_RANDOM_RARE_CARD","is_prod":false,"is_daily":false,"chose_seed":false,"campfire_upgraded":1,"win_rate":0,"timestamp":1553276381,"path_taken":["M","?","?","M","M","R","?","M","T","E","M","E","?","M","R","BOSS"],"build_version":"2019-01-23","purchased_purges":0,"victory":false,"max_hp_per_floor":[70,70,70,70,70,70,70,70,77,77,77,77,77,77,77,77],"card_choices":[{"not_picked":["Deflect","Concentrate"],"picked":"Backstab","floor":1},{"not_picked":["Distraction","Endless Agony"],"picked":"Flying Knee","floor":4},{"not_picked":["Outmaneuver","Predator"],"picked":"Dagger Throw","floor":5},{"not_picked":["PiercingWail","Backflip"],"picked":"Dagger Spray","floor":7},{"not_picked":["Underhanded Strike","Crippling Poison"],"picked":"Blur","floor":8},{"not_picked":["Backflip","Venomology"],"picked":"Dodge and Roll","floor":10},{"not_picked":["Tactician","Acrobatics"],"picked":"Deflect","floor":11},{"not_picked":["Acrobatics","Backflip"],"picked":"Distraction","floor":12},{"not_picked":["Backstab","Outmaneuver"],"picked":"Blur","floor":14},{"not_picked":["Distraction","Dodge and Roll"],"picked":"PiercingWail","floor":15}],"player_experience":144804,"relics_obtained":[{"floor":9,"key":"Strawberry"},{"floor":10,"key":"Orichalcum"},{"floor":12,"key":"Dream Catcher"}],"event_choices":[{"damage_healed":0,"gold_gain":0,"player_choice":"Entered Light","damage_taken":14,"max_hp_gain":0,"max_hp_loss":0,"event_name":"Shining Light","floor":2,"gold_loss":0,"cards_upgraded":["Strike_G","Defend_G"]},{"damage_healed":0,"gold_gain":0,"player_choice":"Got Potions","damage_taken":0,"max_hp_gain":0,"max_hp_loss":0,"event_name":"Lab","floor":3,"gold_loss":0},{"damage_healed":0,"gold_gain":0,"player_choice":"Upgraded","damage_taken":0,"max_hp_gain":0,"max_hp_loss":0,"event_name":"Upgrade Shrine","floor":13,"gold_loss":0,"cards_upgraded":["Blur"]}],"is_beta":false,"boss_relics":[],"items_purged_floors":[],"is_endless":false,"potions_floor_spawned":[1,8,10],"killed_by":"Slime Boss","ascension_level":0}