{"gold_per_floor":[113,113,126,145,159,159,177,212,212,182,182,209,4,22,22,122,122,132,132,231,129,148,181,181,216,216,245,245,4,4,20,20,117,117,136,146,163,180,196,196,222,222,246,186,215,228,242,261,261,261,261,261,45,75,75],"floor_reached":56,"playtime":8287,"items_purged":["Strike_G","Strike_G","Strike_G"],"score":1561,"play_id":"ad9053b1-13c6-4cc0-9c6b-3b69091f2fc4","local_time":"20190811190943","is_ascension_mode":true,"campfire_choices":[{"data":"Footwork","floor":6.0,"key":"SMITH"},{"floor":11.0,"key":"REST"},{"floor":15.0,"key":"REST"},{"floor":24.0,"key":"RECALL"},{"floor":32.0,"key":"REST"},{"floor":40.0,"key":"REST"},{"floor":49.0,"key":"REST"},{"floor":52.0,"key":"REST"}],"neow_cost":"NONE","seed_source_timestamp":0,"circlet_count":0,"master_deck":["Defend_G","Defend_G","Defend_G","Defend_G","Defend_G","Survivor","Neutralize","Dagger Spray","Footwork+1","Bane","Leg Sweep","Deadly Poison","Bouncing Flask","Dodge and Roll","Burst","Crippling Poison","Footwork","Dodge and Roll","All Out Attack+1","Backflip","Panache","Dodge and Roll","Cloak And Dagger","Envenom","Escape Plan+1","Setup+1","Prepared+1","Cloak And Dagger+1","PiercingWail+1","Bouncing Flask","Blade Dance","Quick Slash+1","Caltrops","Noxious Fumes","Escape Plan","Bouncing Flask+1","Infinite Blades"],"special_seed":0,"relics":["Ring of the Snake","Snake Skull","Smiling Mask","Dream Catcher","Lantern","Ornamental Fan","Happy Flower","Fusion Hammer","Potion Belt","Ginger","Kunai","Bird Faced Urn","The Specimen","Runic Pyramid","Molten Egg 2","Calipers","Art of War","Tough Bandages"],"potions_floor_usage":[54,55,55,55],"damage_taken":[{"damage":0.0,"enemies":"2 Louse","floor":1.0,"turns":2.0},{"damage":6.0,"enemies":"Jaw Worm","floor":3.0,"turns":7.0},{"damage":0.0,"enemies":"Cultist","floor":4.0,"turns":4.0},{"damage":0.0,"enemies":"Blue Slaver","floor":5.0,"turns":5.0},{"damage":0.0,"enemies":"Large Slime","floor":7.0,"turns":7.0},{"damage":34.0,"enemies":"3 Sentries","floor":8.0,"turns":10.0},{"damage":7.0,"enemies":"Lagavulin","floor":12.0,"turns":6.0},{"damage":0.0,"enemies":"3 Louse","floor":14.0,"turns":2.0},{"damage":0.0,"enemies":"The Guardian","floor":16.0,"turns":9.0},{"damage":0.0,"enemies":"2 Thieves","floor":18.0,"turns":4.0},{"damage":0.0,"enemies":"Chosen","floor":22.0,"turns":3.0},{"damage":9.0,"enemies":"Gremlin Leader","floor":23.0,"turns":6.0},{"damage":2.0,"enemies":"Book of Stabbing","floor":25.0,"turns":8.0},{"damage":8.0,"enemies":"Slavers","floor":27.0,"turns":6.0},{"damage":0.0,"enemies":"Sentry and Sphere","floor":31.0,"turns":4.0},{"damage":29.0,"enemies":"Collector","floor":33.0,"turns":8.0},{"damage":0.0,"enemies":"3 Shapes","floor":35.0,"turns":3.0},{"damage":0.0,"enemies":"Orb Walker","floor":36.0,"turns":4.0},{"damage":4.0,"enemies":"Maw","floor":37.0,"turns":6.0},{"damage":25.0,"enemies":"Transient","floor":38.0,"turns":5.0},{"damage":2.0,"enemies":"Sphere and 2 Shapes","floor":39.0,"turns":5.0},{"damage":2.0,"enemies":"Giant Head","floor":41.0,"turns":9.0},{"damage":15.0,"enemies":"Nemesis","floor":45.0,"turns":7.0},{"damage":0.0,"enemies":"Maw","floor":46.0,"turns":8.0},{"damage":22.0,"enemies":"Jaw Worm Horde","floor":47.0,"turns":3.0},{"damage":0.0,"enemies":"4 Shapes","floor":48.0,"turns":4.0},{"damage":14.0,"enemies":"Awakened One","floor":50.0,"turns":14.0},{"damage":26,"enemies":"Shield and Spear","floor":54,"turns":6},{"damage":17,"enemies":"The Heart","floor":55,"turns":11}],"seed_played":"-7264993457169130343","potions_obtained":[{"floor":4.0,"key":"Weak Potion"},{"floor":5.0,"key":"Swift Potion"},{"floor":10.0,"key":"Poison Potion"},{"floor":10.0,"key":"EntropicBrew"},{"floor":12.0,"key":"Ancient Potion"},{"floor":16.0,"key":"FearPotion"},{"floor":23.0,"key":"AttackPotion"},{"floor":30.0,"key":"FairyPotion"},{"floor":30.0,"key":"SpeedPotion"},{"floor":39.0,"key":"Ancient Potion"},{"floor":48.0,"key":"SkillPotion"},{"floor":54,"key":"SkillPotion"}],"is_trial":false,"path_per_floor":["M","?","M","M","M","R","M","E","T","?","R","E","$","M","R","B",null,"M","?","?","$","M","E","R","E","T","E","T","$","?","M","R","B",null,"M","M","M","M","M","R","E","?","T","?","E","M","M","M","R","B",null,"R","$","E","B",null],"character_chosen":"THE_SILENT","items_purchased":["Happy Flower","Dodge and Roll","Panache","Art of War","Infinite Blades"],"campfire_rested":6,"item_purchase_floors":[13,21,29,53,53],"current_hp_per_floor":[70,58,52,52,52,52,52,18,18,18,39,32,32,32,53,53,66,66,66,66,66,66,57,57,55,55,47,47,47,47,53,70,41,63,65,70,70,47,53,70,68,68,68,68,57,67,51,59,70,62,68,70,70,56,53],"gold":75,"neow_bonus":"RANDOM_COMMON_RELIC","is_prod":false,"is_daily":false,"chose_seed":false,"campfire_upgraded":1,"win_rate":0,"timestamp":1565539783,"path_taken":["M","?","M","M","M","R","M","E","T","?","R","E","$","?","R","BOSS","M","?","?","$","M","E","R","E","T","E","?","?","?","M","R","BOSS","M","M","?","M","M","R","E","?","T","?","E","M","?","M","R","BOSS","R","$","E","BOSS"],"build_version":"2019-07-17","purchased_purges":3,"victory":true,"max_hp_per_floor":[70,70,70,70,70,70,70,70,70,70,70,70,70,70,70,70,70,70,70,70,70,70,70,70,70,70,70,70,70,70,70,70,70,70,70,70,70,70,70,70,70,70,70,70,70,70,70,70,70,70,70,70,70,70,70],"card_choices":[{"not_picked":["Flechettes","Prepared"],"picked":"Dagger Spray","floor":1.0},{"not_picked":["Backflip","Acrobatics","Caltrops"],"picked":"SKIP","floor":3.0},{"not_picked":["Bane","PiercingWail"],"picked":"Footwork","floor":4.0},{"not_picked":["Acrobatics","Outmaneuver"],"picked":"Bane","floor":5.0},{"not_picked":["Catalyst","Underhanded Strike"],"picked":"Leg Sweep","floor":7.0},{"not_picked":["Choke","Masterful Stab","Catalyst"],"picked":"SKIP","floor":8.0},{"not_picked":["Blade Dance","Endless Agony"],"picked":"Deadly Poison","floor":11.0},{"not_picked":["Die Die Die","Poisoned Stab"],"picked":"Bouncing Flask","floor":12.0},{"not_picked":["Finisher","Dagger Spray","Prepared"],"picked":"SKIP","floor":14.0},{"not_picked":["Slice","Prepared"],"picked":"Dodge and Roll","floor":15.0},{"not_picked":["Phantasmal Killer","Glass Knife"],"picked":"Burst","floor":16.0},{"not_picked":["Cloak And Dagger+1","Underhanded Strike"],"picked":"Crippling Poison","floor":18.0},{"not_picked":["Outmaneuver+1","Blade Dance"],"picked":"All Out Attack+1","floor":22.0},{"not_picked":["Finisher","Tools of the Trade"],"picked":"Backflip","floor":23.0},{"not_picked":["Riddle With Holes+1","Quick Slash","Dagger Spray"],"picked":"SKIP","floor":25.0},{"not_picked":["Poisoned Stab","Prepared","Distraction"],"picked":"SKIP","floor":27.0},{"not_picked":["Prepared+1","Flying Knee"],"picked":"Dodge and Roll","floor":31.0},{"not_picked":["Bane+1","Flechettes"],"picked":"Cloak And Dagger","floor":32.0},{"not_picked":["Phantasmal Killer","Malaise"],"picked":"Envenom","floor":33.0},{"not_picked":["Quick Slash","Dodge and Roll+1"],"picked":"Escape Plan+1","floor":35.0},{"not_picked":["Prepared+1","Dash+1"],"picked":"Setup+1","floor":36.0},{"not_picked":["Blade Dance","Backstab"],"picked":"Prepared+1","floor":37.0},{"not_picked":["Poisoned Stab","Dagger Spray"],"picked":"Cloak And Dagger+1","floor":38.0},{"not_picked":["Calculated Gamble","Bane"],"picked":"PiercingWail+1","floor":39.0},{"not_picked":["Underhanded Strike+1","Dodge and Roll"],"picked":"Bouncing Flask","floor":40.0},{"not_picked":["All Out Attack","Phantasmal Killer","Sucker Punch"],"picked":"SKIP","floor":41.0},{"not_picked":["Prepared","Flying Knee+1"],"picked":"Caltrops","floor":45.0},{"not_picked":["Sucker Punch+1","PiercingWail+1","Prepared"],"picked":"SKIP","floor":46.0},{"not_picked":["Deflect","Flying Knee+1"],"picked":"Noxious Fumes","floor":47.0},{"not_picked":["Outmaneuver+1","Phantasmal Killer"],"picked":"Escape Plan","floor":48.0},{"not_picked":["Blade Dance+1","Backstab+1"],"picked":"Bouncing Flask+1","floor":52.0},{"not_picked":["Dagger Spray+1","Phantasmal Killer","Sucker Punch+1"],"picked":"SKIP","floor":54}],"player_experience":150779,"relics_obtained":[{"floor":8.0,"key":"Dream Catcher"},{"floor":9.0,"key":"Lantern"},{"floor":12.0,"key":"Ornamental Fan"},{"floor":23.0,"key":"Potion Belt"},{"floor":25.0,"key":"Ginger"},{"floor":26.0,"key":"Kunai"},{"floor":27.0,"key":"Bird Faced Urn"},{"floor":28.0,"key":"The Specimen"},{"floor":41.0,"key":"Molten Egg 2"},{"floor":45.0,"key":"Calipers"},{"floor":54,"key":"Tough Bandages"}],"event_choices":[{"damage_healed":0.0,"max_hp_gain":0.0,"max_hp_loss":0.0,"gold_gain":0.0,"event_name":"Scrap Ooze","player_choice":"Success","floor":2.0,"gold_loss":0.0,"damage_taken":12.0,"relics_obtained":["Smiling Mask"]},{"damage_healed":0.0,"max_hp_gain":0.0,"max_hp_loss":0.0,"gold_gain":0.0,"event_name":"The Woman in Blue","player_choice":"Bought 2 Potions","floor":10.0,"gold_loss":0.0,"damage_taken":0.0},{"damage_healed":0.0,"max_hp_gain":0.0,"max_hp_loss":0.0,"gold_gain":0.0,"event_name":"The Library","player_choice":"Read","floor":19.0,"gold_loss":0.0,"damage_taken":0.0,"cards_obtained":["Footwork"]},{"damage_healed":0.0,"max_hp_gain":0.0,"max_hp_loss":0.0,"gold_gain":99.0,"event_name":"Nest","player_choice":"Stole From Cult","floor":20.0,"gold_loss":0.0,"damage_taken":0.0},{"damage_healed":0.0,"max_hp_gain":0.0,"max_hp_loss":0.0,"gold_gain":0.0,"event_name":"Lab","player_choice":"Got Potions","floor":30.0,"gold_loss":0.0,"damage_taken":0.0},{"damage_healed":0.0,"max_hp_gain":0.0,"max_hp_loss":0.0,"gold_gain":0.0,"event_name":"SensoryStone","player_choice":"Memory 1","floor":42.0,"gold_loss":0.0,"damage_taken":0.0},{"damage_healed":0.0,"max_hp_gain":0.0,"max_hp_loss":0.0,"gold_gain":0.0,"cards_transformed":["Strike_G","Strike_G"],"event_name":"Designer","player_choice":"Transformed Cards","floor":44.0,"gold_loss":60.0,"damage_taken":0.0,"cards_obtained":["Blade Dance","Quick Slash"]}],"is_beta":false,"boss_relics":[{"not_picked":["Pandora\u0027s Box","Snecko Eye"],"picked":"Fusion Hammer"},{"not_picked":["Runic Dome","Empty Cage"],"picked":"Runic Pyramid"}],"items_purged_floors":[13,21,29],"is_endless":false,"potions_floor_spawned":[4,5,12,16,23,27,33,37,39,45,48,54],"ascension_level":5}