{"gold_per_floor":[111,122,122,135,135,170,170,196,196,226,245,263,263,34,34,139,139,152,83,83,83,83,83,114,164,239,239,249,278,278,294,294,294],"floor_reached":33,"playtime":3393,"items_purged":["Strike_G"],"score":391,"play_id":"e836979b-3335-43df-9c9b-80d1d2385479","local_time":"20190810162658","is_ascension_mode":true,"campfire_choices":[{"data":"Crippling Poison","floor":7.0,"key":"SMITH"},{"floor":15.0,"key":"DIG"},{"floor":23,"key":"DIG"},{"data":"Noxious Fumes","floor":27,"key":"SMITH"},{"floor":30,"key":"DIG"},{"floor":32,"key":"DIG"}],"neow_cost":"NONE","seed_source_timestamp":0,"circlet_count":0,"master_deck":["Strike_G","Strike_G","Strike_G","Strike_G","Defend_G","Defend_G","Defend_G","Defend_G","Defend_G","Survivor","Neutralize","Crippling Poison+1","Dash","After Image","Catalyst","Poisoned Stab","Deadly Poison","Bouncing Flask","Wraith Form v2","Well Laid Plans","Noxious Fumes+1","Shame","Pain","PiercingWail"],"special_seed":0,"relics":["Velvet Choker","Oddly Smooth Stone","Gambling Chip","Anchor","Meat on the Bone","Happy Flower","Shovel","Lantern","Pen Nib","Cursed Key","Sundial","Nilry\u0027s Codex","StoneCalendar","Strawberry","Vajra","Question Card","Regal Pillow"],"potions_floor_usage":[28,31],"damage_taken":[{"damage":0.0,"enemies":"Jaw Worm","floor":1.0,"turns":6.0},{"damage":1.0,"enemies":"Small Slimes","floor":2.0,"turns":4.0},{"damage":2.0,"enemies":"2 Louse","floor":4.0,"turns":3.0},{"damage":4.0,"enemies":"3 Sentries","floor":6.0,"turns":13.0},{"damage":11.0,"enemies":"Gremlin Nob","floor":8.0,"turns":5.0},{"damage":1.0,"enemies":"3 Sentries","floor":10.0,"turns":12.0},{"damage":0.0,"enemies":"Large Slime","floor":11.0,"turns":4.0},{"damage":0.0,"enemies":"Exordium Thugs","floor":12.0,"turns":4.0},{"damage":25.0,"enemies":"Slime Boss","floor":16.0,"turns":13.0},{"damage":0,"enemies":"2 Thieves","floor":18,"turns":5},{"damage":3,"enemies":"Book of Stabbing","floor":24,"turns":4},{"damage":7,"enemies":"Spheric Guardian","floor":28,"turns":4},{"damage":0,"enemies":"Gremlin Leader","floor":29,"turns":5},{"damage":34,"enemies":"Shelled Parasite and Fungi","floor":31,"turns":5},{"damage":46,"enemies":"Collector","floor":33,"turns":3}],"seed_played":"-3246229122333320445","potions_obtained":[{"floor":2.0,"key":"Swift Potion"},{"floor":8.0,"key":"Fire Potion"},{"floor":10.0,"key":"Swift Potion"},{"floor":12.0,"key":"Explosive Potion"},{"floor":24,"key":"Block Potion"}],"is_trial":false,"path_per_floor":["M","M","?","M","?","E","R","E","T","E","M","M","?","$","R","B",null,"M","$","?","?","?","R","E","?","T","R","M","E","R","M","R","B"],"character_chosen":"THE_SILENT","items_purchased":["Lantern","Noxious Fumes"],"campfire_rested":0,"item_purchase_floors":[14,19],"current_hp_per_floor":[70,69,69,67,67,63,63,52,52,51,51,51,44,44,44,31,70,70,70,70,70,54,54,58,58,58,58,51,51,51,29,29,0],"gold":294,"neow_bonus":"BOSS_RELIC","is_prod":false,"is_daily":false,"chose_seed":false,"campfire_upgraded":2,"win_rate":0,"timestamp":1565443618,"path_taken":["M","M","?","M","?","E","R","E","T","E","M","M","?","$","R","BOSS","M","$","?","?","?","R","E","?","T","R","M","E","R","M","R","BOSS"],"build_version":"2019-07-17","purchased_purges":1,"victory":false,"max_hp_per_floor":[70,70,70,70,70,70,70,70,70,70,70,70,70,70,70,70,70,70,70,70,70,70,70,77,77,77,77,77,77,77,77,77,77],"card_choices":[{"not_picked":["Underhanded Strike","Riddle With Holes"],"picked":"Crippling Poison","floor":1.0},{"not_picked":["Quick Slash","Acrobatics"],"picked":"Dash","floor":2.0},{"not_picked":["Dagger Throw","Setup"],"picked":"After Image","floor":4.0},{"not_picked":["Accuracy","Deflect","Flying Knee"],"picked":"SKIP","floor":6.0},{"not_picked":["Outmaneuver","Flying Knee"],"picked":"Catalyst","floor":8.0},{"not_picked":["Grand Finale","Bane"],"picked":"Poisoned Stab","floor":10.0},{"not_picked":["Riddle With Holes","Well Laid Plans"],"picked":"Deadly Poison","floor":11.0},{"not_picked":["Outmaneuver","Tactician"],"picked":"Bouncing Flask","floor":12.0},{"not_picked":["Venomology","Unload"],"picked":"Wraith Form v2","floor":16.0},{"not_picked":["Dagger Throw","Dagger Spray"],"picked":"Well Laid Plans","floor":18},{"not_picked":["Tactician","Riddle With Holes","Slice"],"picked":"SKIP","floor":24},{"not_picked":["Dagger Spray","Quick Slash"],"picked":"PiercingWail","floor":28},{"not_picked":["Blade Dance","Outmaneuver","Dagger Throw"],"picked":"SKIP","floor":29},{"not_picked":["Blade Dance","Outmaneuver","Dagger Throw"],"picked":"SKIP","floor":29},{"not_picked":["Blade Dance","Outmaneuver","Dagger Throw"],"picked":"SKIP","floor":29},{"not_picked":["Poisoned Stab","Cloak And Dagger","Acrobatics","Accuracy"],"picked":"SKIP","floor":31}],"player_experience":121495,"relics_obtained":[{"floor":6.0,"key":"Gambling Chip"},{"floor":8.0,"key":"Anchor"},{"floor":9.0,"key":"Meat on the Bone"},{"floor":10.0,"key":"Happy Flower"},{"floor":15.0,"key":"Pen Nib"},{"floor":22,"key":"Nilry\u0027s Codex"},{"floor":23,"key":"StoneCalendar"},{"floor":24,"key":"Strawberry"},{"floor":29,"key":"Vajra"},{"floor":30,"key":"Question Card"},{"floor":32,"key":"Regal Pillow"}],"event_choices":[{"damage_healed":0.0,"max_hp_gain":0.0,"max_hp_loss":0.0,"gold_gain":0.0,"event_name":"Big Fish","player_choice":"Box","floor":3.0,"gold_loss":0.0,"damage_taken":0.0,"relics_obtained":["Oddly Smooth Stone"],"cards_obtained":["Regret"]},{"cards_removed":["Regret"],"damage_healed":0.0,"max_hp_gain":0.0,"max_hp_loss":0.0,"gold_gain":0.0,"event_name":"Living Wall","player_choice":"Forget","floor":5.0,"gold_loss":0.0,"damage_taken":0.0},{"damage_healed":0.0,"max_hp_gain":0.0,"max_hp_loss":0.0,"gold_gain":0.0,"event_name":"Scrap Ooze","player_choice":"Success","floor":13.0,"gold_loss":0.0,"damage_taken":7.0,"relics_obtained":["Shovel"]},{"damage_healed":0,"gold_gain":0,"player_choice":"Stole Relic","damage_taken":0,"relics_obtained":["Sundial"],"max_hp_gain":0,"max_hp_loss":0,"event_name":"Addict","floor":20,"gold_loss":0,"cards_obtained":["Shame"]},{"damage_healed":0,"gold_gain":0,"player_choice":"Ignored","damage_taken":0,"max_hp_gain":0,"max_hp_loss":0,"event_name":"Ghosts","floor":21,"gold_loss":0},{"damage_healed":0,"gold_gain":0,"player_choice":"Obtained Book","damage_taken":16,"max_hp_gain":0,"max_hp_loss":0,"event_name":"Cursed Tome","floor":22,"gold_loss":0},{"damage_healed":0,"gold_gain":100,"player_choice":"Bet on Murderer","damage_taken":0,"max_hp_gain":0,"max_hp_loss":0,"event_name":"The Joust","floor":25,"gold_loss":50}],"is_beta":false,"boss_relics":[{"not_picked":["Black Star","HoveringKite"],"picked":"Cursed Key"}],"items_purged_floors":[14],"is_endless":false,"potions_floor_spawned":[2,8,10,12,16,24],"killed_by":"Collector","ascension_level":4}