{"gold_per_floor":[114,114,131,81,81,81,81,99,99,24,24,24,37,55,55,151,151,164,164,164,179,179,179,213,225,278,278,203,103,103,103,103,202,202,213,232,232,232,246,246,274,274,300,400,418,429,457,506,506,506],"floor_reached":51,"playtime":5225,"items_purged":["Strike_B","Strike_B"],"score":838,"play_id":"0f8955fc-72b9-4b1e-95bf-26d69f466146","local_time":"20190322204353","is_ascension_mode":false,"campfire_choices":[{"data":"1","floor":6,"key":"LIFT"},{"data":"2","floor":12,"key":"LIFT"},{"data":"3","floor":15,"key":"LIFT"},{"data":"Go for the Eyes","floor":23,"key":"SMITH"},{"data":"Defragment","floor":27,"key":"SMITH"},{"data":"Dualcast","floor":30,"key":"SMITH"},{"data":"Zap","floor":32,"key":"SMITH"},{"data":"Buffer","floor":40,"key":"SMITH"},{"data":"Chaos","floor":42,"key":"SMITH"},{"floor":49,"key":"REST"}],"neow_cost":"NONE","seed_source_timestamp":422837964896700,"circlet_count":0,"master_deck":["Strike_B","Defend_B","Defend_B","Zap+1","Dualcast+1","Sweeping Beam","Leap","Go for the Eyes+1","Chaos+1","Machine Learning","Rebound+1","Glacier","Defragment+1","Buffer+1","Barrage+1","Dramatic Entrance","Conserve Battery+1","Capacitor","Streamline+1","FTL+1"],"relics":["Cracked Core","Centennial Puzzle","Girya","Gambling Chip","Meat on the Bone","Nuclear Battery","Mango","Blood Vial","MutagenicStrength","Inserter","Ornamental Fan","Pen Nib","Smiling Mask","Ice Cream","Question Card","Incense Burner"],"potions_floor_usage":[22,33,33,45,48,48,48],"damage_taken":[{"damage":0,"enemies":"Small Slimes","floor":1,"turns":3},{"damage":1,"enemies":"Jaw Worm","floor":3,"turns":4},{"damage":1,"enemies":"2 Louse","floor":8,"turns":3},{"damage":1,"enemies":"Looter","floor":13,"turns":4},{"damage":1,"enemies":"3 Louse","floor":14,"turns":3},{"damage":27,"enemies":"Slime Boss","floor":16,"turns":11},{"damage":11,"enemies":"Spheric Guardian","floor":18,"turns":4},{"damage":0,"enemies":"Chosen","floor":21,"turns":4},{"damage":0,"enemies":"Centurion and Healer","floor":22,"turns":1},{"damage":21,"enemies":"Book of Stabbing","floor":24,"turns":6},{"damage":0,"enemies":"Cultist and Chosen","floor":25,"turns":7},{"damage":49,"enemies":"Champ","floor":33,"turns":19},{"damage":0,"enemies":"3 Shapes","floor":35,"turns":4},{"damage":27,"enemies":"3 Darklings","floor":36,"turns":5},{"damage":23,"enemies":"4 Shapes","floor":39,"turns":4},{"damage":18,"enemies":"Reptomancer","floor":41,"turns":7},{"damage":0,"enemies":"Mind Bloom Boss Battle","floor":44,"turns":4},{"damage":3,"enemies":"Writhing Mass","floor":45,"turns":6},{"damage":3,"enemies":"Sphere and 2 Shapes","floor":46,"turns":4},{"damage":0,"enemies":"Giant Head","floor":47,"turns":8},{"damage":16,"enemies":"2 Orb Walkers","floor":48,"turns":8},{"damage":35,"enemies":"Donu and Deca","floor":50,"turns":10}],"seed_played":"-5201368293977441753","potions_obtained":[{"floor":13,"key":"SkillPotion"},{"floor":16,"key":"SmokeBomb"},{"floor":24,"key":"Block Potion"},{"floor":25,"key":"Poison Potion"},{"floor":33,"key":"SkillPotion"},{"floor":36,"key":"Weak Potion"},{"floor":41,"key":"Block Potion"},{"floor":46,"key":"Swift Potion"}],"is_trial":false,"path_per_floor":["M","?","M","?","T","R","?","M","T","$","?","R","M","M","R","B",null,"M","?","?","M","M","R","E","M","T","R","?","$","R","?","R","B",null,"M","M","?","T","M","R","E","R","T","?","M","M","E","?","R","B",null],"character_chosen":"DEFECT","items_purchased":[],"campfire_rested":1,"item_purchase_floors":[],"current_hp_per_floor":[75,68,67,67,67,67,67,66,66,66,66,66,65,64,64,49,75,64,50,50,50,50,50,55,55,55,55,55,55,55,55,55,20,94,94,67,67,67,58,58,54,54,54,56,55,54,56,54,82,49],"gold":506,"neow_bonus":"RANDOM_COMMON_RELIC","is_prod":false,"is_daily":false,"chose_seed":false,"campfire_upgraded":6,"win_rate":0.0,"timestamp":1553301833,"path_taken":["M","?","M","?","?","R","?","M","T","?","?","R","?","?","R","BOSS","M","?","?","M","?","R","E","M","T","R","?","$","R","?","R","BOSS","M","M","?","?","M","R","E","R","T","?","M","M","E","?","R","BOSS"],"build_version":"2019-01-23","purchased_purges":2,"victory":true,"max_hp_per_floor":[75,75,75,75,75,75,75,75,75,75,75,75,75,75,75,75,75,75,80,80,80,80,80,94,94,94,94,94,94,94,94,94,94,94,94,94,94,94,94,94,94,94,94,94,94,94,94,94,94,94],"card_choices":[{"not_picked":["Sweeping Beam","Rebound"],"picked":"Static Discharge","floor":1},{"not_picked":["Double Energy","Doom and Gloom"],"picked":"Sweeping Beam","floor":3},{"not_picked":["Static Discharge","Hologram"],"picked":"Leap","floor":8},{"not_picked":["Beam Cell","Ball Lightning"],"picked":"Go for the Eyes","floor":13},{"not_picked":["Beam Cell","Hologram"],"picked":"Chaos","floor":14},{"not_picked":["Biased Cognition","Meteor Strike"],"picked":"Machine Learning","floor":16},{"not_picked":["Redo","Cold Snap+1"],"picked":"Rebound+1","floor":18},{"not_picked":["Force Field","Stack","Steam"],"picked":"SKIP","floor":21},{"not_picked":["Hologram+1","Streamline"],"picked":"Glacier","floor":24},{"not_picked":["Hello World","Coolheaded"],"picked":"Defragment","floor":25},{"not_picked":["Reboot","Amplify"],"picked":"Buffer","floor":33},{"not_picked":["Consume+1","Stack+1","Barrage"],"picked":"SKIP","floor":35},{"not_picked":["Hologram+1","Ball Lightning"],"picked":"Barrage+1","floor":36},{"not_picked":["Flash of Steel","Jack Of All Trades"],"picked":"Dramatic Entrance","floor":37},{"not_picked":["Reinforced Body+1","Steam"],"picked":"Conserve Battery+1","floor":39},{"not_picked":["Steam+1","Streamline"],"picked":"Capacitor","floor":41},{"not_picked":["Redo+1","Reinforced Body+1"],"picked":"Streamline+1","floor":45},{"not_picked":["Scrape+1","Rip and Tear","Gash"],"picked":"SKIP","floor":46},{"not_picked":["Skim","Glacier","Lockon"],"picked":"SKIP","floor":47},{"not_picked":["All For One","Streamline+1","Glacier"],"picked":"FTL+1","floor":48}],"player_experience":164036,"relics_obtained":[{"floor":5,"key":"Girya"},{"floor":9,"key":"Gambling Chip"},{"floor":24,"key":"Mango"},{"floor":26,"key":"Blood Vial"},{"floor":38,"key":"Ornamental Fan"},{"floor":41,"key":"Pen Nib"},{"floor":43,"key":"Smiling Mask"},{"floor":44,"key":"Ice Cream"},{"floor":47,"key":"Question Card"},{"floor":48,"key":"Incense Burner"}],"event_choices":[{"cards_removed":["Strike_B"],"damage_healed":0,"gold_gain":0,"player_choice":"Card Removal","damage_taken":7,"max_hp_gain":0,"max_hp_loss":0,"event_name":"Golden Wing","floor":2,"gold_loss":0},{"cards_removed":["Defend_B"],"damage_healed":0,"gold_gain":0,"player_choice":"Card Removal","damage_taken":0,"max_hp_gain":0,"max_hp_loss":0,"event_name":"The Cleric","floor":4,"gold_loss":50},{"damage_healed":0,"gold_gain":0,"player_choice":"Ignored","damage_taken":0,"max_hp_gain":0,"max_hp_loss":0,"event_name":"Liars Game","floor":7,"gold_loss":0},{"cards_removed":["Static Discharge"],"damage_healed":0,"gold_gain":0,"player_choice":"Gave Card","damage_taken":0,"relics_obtained":["Meat on the Bone"],"max_hp_gain":0,"max_hp_loss":0,"event_name":"WeMeetAgain","floor":11,"gold_loss":0},{"damage_healed":0,"gold_gain":0,"player_choice":"Shed Blood","damage_taken":19,"max_hp_gain":5,"max_hp_loss":0,"event_name":"Forgotten Altar","floor":19,"gold_loss":0},{"damage_healed":0,"gold_gain":0,"player_choice":"Ignored","damage_taken":0,"max_hp_gain":0,"max_hp_loss":0,"event_name":"Ghosts","floor":20,"gold_loss":0},{"cards_removed":["Defend_B"],"damage_healed":0,"gold_gain":0,"player_choice":"Gave Gold","damage_taken":0,"max_hp_gain":0,"max_hp_loss":0,"event_name":"Beggar","floor":28,"gold_loss":75},{"damage_healed":0,"gold_gain":0,"player_choice":"Inject Mutagens","damage_taken":0,"relics_obtained":["MutagenicStrength"],"max_hp_gain":0,"max_hp_loss":0,"event_name":"Drug Dealer","floor":31,"gold_loss":0},{"damage_healed":0,"gold_gain":0,"player_choice":"Memory 1","damage_taken":0,"max_hp_gain":0,"max_hp_loss":0,"event_name":"SensoryStone","floor":37,"gold_loss":0},{"damage_healed":0,"gold_gain":0,"player_choice":"Fight","damage_taken":0,"max_hp_gain":0,"max_hp_loss":0,"event_name":"MindBloom","floor":44,"gold_loss":0},{"damage_healed":0,"gold_gain":0,"player_choice":"Fight","damage_taken":0,"max_hp_gain":0,"max_hp_loss":0,"event_name":"Mysterious Sphere","floor":48,"gold_loss":0}],"is_beta":false,"boss_relics":[{"not_picked":["Velvet Choker","Ectoplasm"],"picked":"Nuclear Battery"},{"not_picked":["Empty Cage","FrozenCore"],"picked":"Inserter"}],"items_purged_floors":[10,29],"is_endless":false,"potions_floor_spawned":[13,16,24,25,33,36,41,44,46,47],"ascension_level":0}