{"gold_per_floor":[114,133,133,144,144,170,170,184,238,263,263,35,70,80,80,181,181,196,178,178,192,2,34,34,68,68,84,110,110,25,51,51,149,149,166,185,59,59,69,101,101,121,147,178,196,196,209,209,209,209,209,209,30,59,59],"floor_reached":56,"playtime":8124,"items_purged":["Defend_G"],"score":1284,"play_id":"bf04aa98-5e4d-4ff3-82f9-dfa3ded3869f","local_time":"20190809001010","is_ascension_mode":true,"campfire_choices":[{"data":"Distraction","floor":7,"key":"SMITH"},{"data":"Dash","floor":11,"key":"SMITH"},{"floor":15,"key":"REST"},{"data":"Noxious Fumes","floor":29,"key":"SMITH"},{"data":"Envenom","floor":32,"key":"SMITH"},{"data":"Footwork","floor":41,"key":"SMITH"},{"data":"Footwork","floor":46,"key":"SMITH"},{"floor":49,"key":"RECALL"},{"data":"Noxious Fumes","floor":52,"key":"SMITH"}],"neow_cost":"NONE","seed_source_timestamp":1988295361915500,"circlet_count":0,"master_deck":["Defend_G+1","Defend_G","Defend_G","Defend_G","Survivor+1","Neutralize+1","Dash+1","Noxious Fumes+1","Distraction+1","Poisoned Stab","Caltrops","Noxious Fumes+1","Acrobatics","Envenom+1","Poisoned Stab+1","Prepared","Backflip","Backflip+1","Deflect+1","PiercingWail+1","Footwork+1","Footwork+1","Adrenaline","PiercingWail","Dodge and Roll","Distraction+1","Endless Agony+1","Deflect+1","Infinite Blades","Well Laid Plans+1"],"relics":["Ring of the Snake","Letter Opener","Centennial Puzzle","StoneCalendar","Bag of Marbles","Lantern","Eternal Feather","Lee\u0027s Waffle","Blood Vial","War Paint","Bottled Tornado","Shuriken","Strawberry","Red Mask","Empty Cage","Dream Catcher","Vajra","Ice Cream","Bottled Lightning"],"potions_floor_usage":[10,13,16,16,25,31,40,45,50,55,55,55],"damage_taken":[{"damage":0,"enemies":"2 Louse","floor":1,"turns":2},{"damage":0,"enemies":"Cultist","floor":2,"turns":4},{"damage":1,"enemies":"Small Slimes","floor":4,"turns":3},{"damage":14,"enemies":"Gremlin Nob","floor":6,"turns":5},{"damage":0,"enemies":"Exordium Wildlife","floor":8,"turns":2},{"damage":17,"enemies":"3 Sentries","floor":10,"turns":5},{"damage":13,"enemies":"Lagavulin","floor":13,"turns":7},{"damage":0,"enemies":"Looter","floor":14,"turns":3},{"damage":13,"enemies":"Slime Boss","floor":16,"turns":6},{"damage":5,"enemies":"Shell Parasite","floor":18,"turns":6},{"damage":15,"enemies":"2 Thieves","floor":19,"turns":4},{"damage":9,"enemies":"Snake Plant","floor":21,"turns":4},{"damage":8,"enemies":"Book of Stabbing","floor":23,"turns":6},{"damage":0,"enemies":"Gremlin Leader","floor":25,"turns":5},{"damage":0,"enemies":"Chosen and Byrds","floor":27,"turns":5},{"damage":28,"enemies":"Slavers","floor":28,"turns":7},{"damage":3,"enemies":"Masked Bandits","floor":31,"turns":4},{"damage":1,"enemies":"Champ","floor":33,"turns":13},{"damage":0,"enemies":"3 Shapes","floor":35,"turns":5},{"damage":0,"enemies":"3 Darklings","floor":36,"turns":4},{"damage":10,"enemies":"Maw","floor":39,"turns":8},{"damage":39,"enemies":"Reptomancer","floor":40,"turns":7},{"damage":0,"enemies":"Writhing Mass","floor":42,"turns":7},{"damage":18,"enemies":"Giant Head","floor":44,"turns":10},{"damage":7,"enemies":"Spire Growth","floor":45,"turns":5},{"damage":0,"enemies":"Transient","floor":47,"turns":5},{"damage":50,"enemies":"Awakened One","floor":50,"turns":16},{"damage":32,"enemies":"Shield and Spear","floor":54,"turns":7},{"damage":39,"enemies":"The Heart","floor":55,"turns":11}],"seed_played":"7983793990703191850","potions_obtained":[{"floor":1,"key":"SkillPotion"},{"floor":2,"key":"Explosive Potion"},{"floor":8,"key":"FearPotion"},{"floor":10,"key":"SneckoOil"},{"floor":14,"key":"SpeedPotion"},{"floor":18,"key":"Explosive Potion"},{"floor":23,"key":"Fire Potion"},{"floor":28,"key":"FearPotion"},{"floor":31,"key":"Dexterity Potion"},{"floor":33,"key":"Explosive Potion"},{"floor":39,"key":"SkillPotion"},{"floor":45,"key":"FearPotion"}],"is_trial":false,"path_per_floor":["M","M","?","M","?","E","R","M","T","E","R","$","E","M","R","B",null,"M","M","?","M","$","E","?","E","T","M","E","R","?","?","R","B",null,"M","M","$","?","M","E","R","M","T","E","M","R","M","?","R","B",null,"R","$","E","B",null],"character_chosen":"THE_SILENT","items_purchased":["Bag of Marbles","Poisoned Stab","Caltrops","Lee\u0027s Waffle","Dodge and Roll","Infinite Blades","Energy Potion","Swift Potion"],"campfire_rested":1,"item_purchase_floors":[12,12,12,22,37,53,53,53],"current_hp_per_floor":[70,70,70,69,62,48,48,48,48,31,31,31,18,18,39,26,70,65,50,50,41,77,69,69,71,71,73,47,62,69,68,83,83,84,84,84,84,84,74,37,52,54,54,38,33,48,50,50,65,17,84,84,84,52,15],"gold":59,"neow_bonus":"UPGRADE_CARD","is_prod":false,"is_daily":false,"chose_seed":false,"campfire_upgraded":7,"win_rate":0,"timestamp":1565298610,"path_taken":["M","M","?","?","?","E","R","M","T","E","R","?","E","M","R","BOSS","M","M","?","M","$","E","?","E","T","M","E","R","?","?","R","BOSS","M","M","$","?","?","E","R","M","T","E","M","R","M","?","R","BOSS","R","$","E","BOSS"],"build_version":"2019-07-17","purchased_purges":1,"victory":true,"max_hp_per_floor":[70,70,70,70,70,70,70,70,70,70,70,70,70,70,70,70,70,70,70,70,70,77,77,77,77,77,77,77,77,84,84,84,84,84,84,84,84,84,84,84,84,84,84,84,84,84,84,84,84,84,84,84,84,84,84],"card_choices":[{"not_picked":["Caltrops","Blur"],"picked":"Dash","floor":1},{"not_picked":["Expertise","Underhanded Strike"],"picked":"Noxious Fumes","floor":2},{"not_picked":["Bane","Deadly Poison"],"picked":"Distraction","floor":4},{"not_picked":["Terror","Backflip","Dagger Throw"],"picked":"SKIP","floor":6},{"not_picked":["Backflip","Underhanded Strike","Blade Dance"],"picked":"SKIP","floor":8},{"not_picked":["Slice","Skewer","Tactician"],"picked":"SKIP","floor":10},{"not_picked":["Flying Knee","Dagger Spray"],"picked":"Noxious Fumes","floor":13},{"not_picked":["Tactician","Blade Dance"],"picked":"Acrobatics","floor":14},{"not_picked":["Storm of Steel","Phantasmal Killer"],"picked":"Envenom","floor":16},{"not_picked":["Masterful Stab","Dodge and Roll"],"picked":"Poisoned Stab+1","floor":18},{"not_picked":["Backflip","Poisoned Stab","Quick Slash+1"],"picked":"SKIP","floor":19},{"not_picked":["Prepared","Caltrops+1"],"picked":"Backflip+1","floor":21},{"not_picked":["Dagger Throw","Slice+1"],"picked":"Deflect+1","floor":23},{"not_picked":["Night Terror","Leg Sweep"],"picked":"PiercingWail+1","floor":25},{"not_picked":["Heel Hook+1","Cloak And Dagger+1"],"picked":"Footwork","floor":27},{"not_picked":["Eviscerate","Quick Slash+1"],"picked":"Footwork","floor":28},{"not_picked":["Night Terror","Bullet Time"],"picked":"Adrenaline","floor":33},{"not_picked":["Dagger Throw+1","Quick Slash","Poisoned Stab"],"picked":"SKIP","floor":35},{"not_picked":["Underhanded Strike","Deadly Poison+1"],"picked":"PiercingWail","floor":36},{"not_picked":["Masterful Stab","Leg Sweep+1","Poisoned Stab"],"picked":"SKIP","floor":39},{"not_picked":["Choke+1","Slice"],"picked":"Distraction+1","floor":40},{"not_picked":["Outmaneuver+1","Bane+1","Backstab"],"picked":"SKIP","floor":42},{"not_picked":["Heel Hook","Leg Sweep+1","Unload"],"picked":"SKIP","floor":44},{"not_picked":["Accuracy+1","Tactician+1"],"picked":"Endless Agony+1","floor":45},{"not_picked":["Flying Knee+1","Underhanded Strike"],"picked":"Deflect+1","floor":47},{"not_picked":["Cloak And Dagger","Accuracy+1"],"picked":"Well Laid Plans+1","floor":54}],"player_experience":105047,"relics_obtained":[{"floor":6,"key":"Centennial Puzzle"},{"floor":10,"key":"StoneCalendar"},{"floor":13,"key":"Lantern"},{"floor":23,"key":"Blood Vial"},{"floor":25,"key":"War Paint"},{"floor":26,"key":"Bottled Tornado"},{"floor":28,"key":"Shuriken"},{"floor":31,"key":"Red Mask"},{"floor":40,"key":"Dream Catcher"},{"floor":43,"key":"Vajra"},{"floor":44,"key":"Ice Cream"},{"floor":54,"key":"Bottled Lightning"}],"event_choices":[{"damage_healed":0,"gold_gain":0,"player_choice":"Gave Potion","damage_taken":0,"relics_obtained":["Letter Opener"],"max_hp_gain":0,"max_hp_loss":0,"event_name":"WeMeetAgain","floor":3,"gold_loss":0},{"cards_removed":["Strike_G"],"damage_healed":0,"gold_gain":0,"player_choice":"Card Removal","damage_taken":7,"max_hp_gain":0,"max_hp_loss":0,"event_name":"Golden Wing","floor":5,"gold_loss":0},{"damage_healed":0,"gold_gain":0,"cards_transformed":["Strike_G","Strike_G"],"player_choice":"Became Test Subject","damage_taken":0,"max_hp_gain":0,"max_hp_loss":0,"event_name":"Drug Dealer","floor":20,"gold_loss":0,"cards_obtained":["Prepared","Backflip"]},{"damage_healed":0,"gold_gain":0,"player_choice":"Ignored","damage_taken":0,"max_hp_gain":0,"max_hp_loss":0,"event_name":"Ghosts","floor":24,"gold_loss":0},{"damage_healed":0,"gold_gain":0,"player_choice":"Obtained Relic","damage_taken":0,"relics_obtained":["Strawberry"],"max_hp_gain":0,"max_hp_loss":0,"event_name":"Addict","floor":30,"gold_loss":85},{"damage_healed":0,"gold_gain":0,"player_choice":"Fought Bandits","damage_taken":0,"max_hp_gain":0,"max_hp_loss":0,"event_name":"Masked Bandits","floor":31,"gold_loss":0},{"damage_healed":0,"gold_gain":0,"player_choice":"Bought 0 Potions","damage_taken":0,"max_hp_gain":0,"max_hp_loss":0,"event_name":"The Woman in Blue","floor":38,"gold_loss":0},{"damage_healed":0,"gold_gain":0,"player_choice":"Ignored","damage_taken":0,"max_hp_gain":0,"max_hp_loss":0,"event_name":"NoteForYourself","floor":48,"gold_loss":0}],"is_beta":false,"boss_relics":[{"not_picked":["Snecko Eye","Coffee Dripper"],"picked":"Eternal Feather"},{"not_picked":["Lizard Tail","WristBlade"],"picked":"Empty Cage"}],"items_purged_floors":[37],"is_endless":false,"potions_floor_spawned":[1,2,8,10,14,18,23,28,31,33,36,39,45],"ascension_level":1}