{"gold_per_floor":[112,35,48,68,68,68,68,68,118,43,62,78,78,142,142,239,239,258,158,170,189,189,159,178,196,196,296,323,323,339,352,352,452,452,463,481,481,492,492,518,537,572,595,18,18,18,18,35,35,35],"floor_reached":51,"playtime":5864,"items_purged":["Strike_B","Strike_B"],"score":747,"play_id":"f7153210-5de1-40ff-917c-0377eaec1676","local_time":"20190809232905","is_ascension_mode":true,"campfire_choices":[{"data":"Zap","floor":6,"key":"SMITH"},{"data":"Genetic Algorithm","floor":8,"key":"SMITH"},{"data":"Loop","floor":13,"key":"SMITH"},{"data":"Buffer","floor":15,"key":"SMITH"},{"data":"Defragment","floor":29,"key":"SMITH"},{"data":"Rainbow","floor":32,"key":"SMITH"},{"data":"Fission","floor":45,"key":"SMITH"},{"data":"Thinking Ahead","floor":49,"key":"SMITH"}],"neow_cost":"NONE","seed_source_timestamp":335256319520048,"circlet_count":0,"master_deck":["Defend_B","Defend_B","Defend_B","Zap+1","Turbo+1","Rainbow+1","Creative AI+1","Chill","Self Repair","Genetic Algorithm+1","Hologram","Auto Shields","Loop+1","Buffer+1","Amplify","Steam","Steam+1","Force Field","Defragment+1","Rainbow+1","Machine Learning","Thinking Ahead+1","Impatience","Fission+1","Hologram+1"],"relics":["Astrolabe","Art of War","Tiny Chest","Lizard Tail","Smiling Mask","Meat on the Bone","Bird Faced Urn","Whetstone","Inserter","Gremlin Horn","Oddly Smooth Stone","Anchor","Bottled Tornado","Lee\u0027s Waffle","NlothsMask"],"potions_floor_usage":[16,16,21,24,25,27,27,27,27,27,30,40,50],"damage_taken":[{"damage":0,"enemies":"Cultist","floor":1,"turns":4},{"damage":0,"enemies":"2 Louse","floor":3,"turns":3},{"damage":4,"enemies":"Jaw Worm","floor":4,"turns":4},{"damage":13,"enemies":"Exordium Thugs","floor":11,"turns":6},{"damage":10,"enemies":"Large Slime","floor":12,"turns":4},{"damage":1,"enemies":"3 Sentries","floor":14,"turns":7},{"damage":12,"enemies":"Hexaghost","floor":16,"turns":9},{"damage":24,"enemies":"Chosen","floor":18,"turns":7},{"damage":5,"enemies":"Spheric Guardian","floor":20,"turns":7},{"damage":9,"enemies":"3 Cultists","floor":21,"turns":4},{"damage":11,"enemies":"Snake Plant","floor":24,"turns":4},{"damage":20,"enemies":"Chosen and Byrds","floor":25,"turns":8},{"damage":5,"enemies":"Colosseum Slavers","floor":27,"turns":6},{"damage":20,"enemies":"Colosseum Nobs","floor":27,"turns":5},{"damage":48,"enemies":"Gremlin Leader","floor":28,"turns":10},{"damage":0,"enemies":"Snecko","floor":30,"turns":6},{"damage":36,"enemies":"3 Cultists","floor":31,"turns":6},{"damage":6,"enemies":"Automaton","floor":33,"turns":11},{"damage":17,"enemies":"3 Darklings","floor":35,"turns":9},{"damage":0,"enemies":"3 Shapes","floor":36,"turns":6},{"damage":0,"enemies":"Jaw Worm Horde","floor":38,"turns":9},{"damage":55,"enemies":"Nemesis","floor":40,"turns":7},{"damage":11,"enemies":"3 Darklings","floor":41,"turns":8},{"damage":40,"enemies":"Reptomancer","floor":42,"turns":8},{"damage":46,"enemies":"4 Shapes","floor":48,"turns":6},{"damage":73,"enemies":"Donu and Deca","floor":50,"turns":15}],"seed_played":"5911314422688403140","potions_obtained":[{"floor":1,"key":"PowerPotion"},{"floor":4,"key":"AttackPotion"},{"floor":14,"key":"Weak Potion"},{"floor":20,"key":"Energy Potion"},{"floor":23,"key":"EntropicBrew"},{"floor":23,"key":"SneckoOil"},{"floor":27,"key":"SteroidPotion"},{"floor":28,"key":"Fruit Juice"},{"floor":36,"key":"SkillPotion"},{"floor":40,"key":"Explosive Potion"}],"is_trial":false,"path_per_floor":["M","$","M","M","$","R","?","R","T","$","M","M","R","E","R","B",null,"M","$","M","M","?","?","M","M","T","?","E","R","M","M","R","B",null,"M","M","?","M","?","E","M","E","T","$","R","?","$","M","R","B",null],"character_chosen":"DEFECT","items_purchased":["Self Repair","Bottled Tornado","Lee\u0027s Waffle","Fission"],"campfire_rested":0,"item_purchase_floors":[2,44,44,44],"current_hp_per_floor":[75,75,75,75,75,75,75,75,75,75,69,66,66,72,72,67,75,58,58,60,58,58,58,47,34,34,23,50,50,78,61,61,80,80,80,80,76,76,66,46,66,49,49,83,83,83,83,67,67,37],"gold":35,"neow_bonus":"BOSS_RELIC","is_prod":false,"is_daily":false,"chose_seed":false,"campfire_upgraded":8,"win_rate":0,"timestamp":1565407745,"path_taken":["M","?","M","M","$","R","?","R","T","?","?","M","R","E","R","BOSS","M","$","M","M","?","?","M","?","T","?","E","R","M","M","R","BOSS","M","M","?","M","?","E","M","E","T","$","R","?","$","?","R","BOSS"],"build_version":"2019-07-17","purchased_purges":2,"victory":true,"max_hp_per_floor":[75,75,75,75,75,75,75,75,75,75,75,75,75,75,75,75,75,75,75,75,75,75,75,75,75,75,75,75,75,80,80,80,80,80,80,80,76,76,76,76,76,76,76,83,83,83,83,83,83,83],"card_choices":[{"not_picked":["Go for the Eyes","Undo"],"picked":"Chill","floor":1},{"not_picked":["Gash","Defragment"],"picked":"Genetic Algorithm","floor":3},{"not_picked":["Self Repair","Lockon"],"picked":"Hologram","floor":4},{"not_picked":["Rip and Tear","Go for the Eyes"],"picked":"Auto Shields","floor":11},{"not_picked":["Tempest","Steam"],"picked":"Loop","floor":12},{"not_picked":["Hologram","Barrage"],"picked":"Buffer","floor":14},{"not_picked":["Meteor Strike","All For One"],"picked":"Amplify","floor":16},{"not_picked":["Tempest","Barrage"],"picked":"Steam","floor":18},{"not_picked":["Go for the Eyes","Redo+1"],"picked":"Steam+1","floor":20},{"not_picked":["Loop","Double Energy"],"picked":"Force Field","floor":21},{"not_picked":["Auto Shields+1","Chaos","Doom and Gloom"],"picked":"SKIP","floor":24},{"not_picked":["Steam","Barrage","Static Discharge"],"picked":"SKIP","floor":25},{"not_picked":["Doom and Gloom","Tempest"],"picked":"Defragment","floor":27},{"not_picked":["Coolheaded","Tempest","Barrage"],"picked":"SKIP","floor":28},{"not_picked":["Sunder+1","Doom and Gloom"],"picked":"Rainbow","floor":30},{"not_picked":["Redo+1","Rebound","Ball Lightning"],"picked":"SKIP","floor":31},{"not_picked":["Meteor Strike","All For One"],"picked":"Machine Learning","floor":33},{"not_picked":["Lockon","Barrage+1","Cold Snap"],"picked":"SKIP","floor":35},{"not_picked":["Conserve Battery","FTL","Stack+1"],"picked":"SKIP","floor":36},{"not_picked":["Auto Shields+1","Rip and Tear+1","FTL"],"picked":"SKIP","floor":38},{"not_picked":["HandOfGreed","Jack Of All Trades"],"picked":"Thinking Ahead","floor":39},{"not_picked":["Chrysalis","Transmutation"],"picked":"Impatience","floor":39},{"not_picked":["Creative AI","Gash+1","Thunder Strike"],"picked":"SKIP","floor":40},{"not_picked":["Sweeping Beam+1","Skim","Compile Driver"],"picked":"SKIP","floor":41},{"not_picked":["Sweeping Beam+1","Redo","Reinforced Body+1"],"picked":"SKIP","floor":42},{"not_picked":["Go for the Eyes+1","Double Energy"],"picked":"Hologram+1","floor":48}],"player_experience":133351,"relics_obtained":[{"floor":9,"key":"Art of War"},{"floor":14,"key":"Tiny Chest"},{"floor":26,"key":"Smiling Mask"},{"floor":27,"key":"Meat on the Bone"},{"floor":27,"key":"Bird Faced Urn"},{"floor":28,"key":"Whetstone"},{"floor":40,"key":"Gremlin Horn"},{"floor":42,"key":"Oddly Smooth Stone"},{"floor":43,"key":"Anchor"}],"event_choices":[{"damage_healed":0,"gold_gain":0,"player_choice":"Ignored","damage_taken":0,"max_hp_gain":0,"max_hp_loss":0,"event_name":"Liars Game","floor":7,"gold_loss":0},{"cards_removed":["Strike_B"],"damage_healed":0,"gold_gain":0,"player_choice":"Elegance","damage_taken":0,"max_hp_gain":0,"max_hp_loss":0,"event_name":"Back to Basics","floor":22,"gold_loss":0},{"damage_healed":0,"gold_gain":0,"player_choice":"Bought 2 Potions","damage_taken":0,"max_hp_gain":0,"max_hp_loss":0,"event_name":"The Woman in Blue","floor":23,"gold_loss":0},{"damage_healed":0,"gold_gain":0,"player_choice":"Fight","damage_taken":0,"max_hp_gain":0,"max_hp_loss":0,"event_name":"Colosseum","floor":27,"gold_loss":0},{"damage_healed":0,"gold_gain":0,"player_choice":"Fought Nobs","damage_taken":0,"max_hp_gain":0,"max_hp_loss":0,"event_name":"Colosseum","floor":27,"gold_loss":0},{"damage_healed":0,"gold_gain":0,"player_choice":"Max HP","damage_taken":0,"max_hp_gain":0,"max_hp_loss":4,"event_name":"Winding Halls","floor":37,"gold_loss":0},{"damage_healed":0,"gold_gain":0,"player_choice":"Memory 3","damage_taken":10,"max_hp_gain":0,"max_hp_loss":0,"event_name":"SensoryStone","floor":39,"gold_loss":0},{"damage_healed":0,"gold_gain":0,"player_choice":"Trade","damage_taken":0,"relics_obtained":["NlothsMask"],"max_hp_gain":0,"max_hp_loss":0,"event_name":"FaceTrader","floor":46,"gold_loss":0}],"is_beta":false,"boss_relics":[{"not_picked":["Tiny House","Pandora\u0027s Box"],"picked":"Lizard Tail"},{"not_picked":["Philosopher\u0027s Stone","Runic Pyramid"],"picked":"Inserter"}],"items_purged_floors":[10,19],"is_endless":false,"potions_floor_spawned":[1,4,14,20,27,27,28,36,40],"ascension_level":2}