{"gold_per_floor":[114,2,2,2,18,49,63,92,92,127,146,146,176,196,196,295,295,313,327,327,327,327,360,360,360,435,435,454,454,481,491,491,588,588,607,658,169,183,229,229,229,229,229,229,245,257,257,257,257,257],"floor_reached":51,"playtime":16735,"items_purged":["Defend_G","Strike_G"],"score":706,"play_id":"58666bbe-eed3-4ce9-bb7f-0fa58b963767","local_time":"20190811224623","is_ascension_mode":false,"campfire_choices":[{"data":"Dodge and Roll","floor":12.0,"key":"SMITH"},{"floor":15.0,"key":"REST"},{"data":"After Image","floor":25.0,"key":"SMITH"},{"data":"Dodge and Roll","floor":27.0,"key":"SMITH"},{"data":"Noxious Fumes","floor":29.0,"key":"SMITH"},{"floor":32.0,"key":"REST"},{"data":"Accuracy","floor":40,"key":"SMITH"},{"data":"Catalyst","floor":42,"key":"SMITH"},{"floor":47,"key":"REST"},{"data":"Infinite Blades","floor":49,"key":"SMITH"}],"neow_cost":"NONE","seed_source_timestamp":837154771073352,"circlet_count":0,"master_deck":["Strike_G+1","Defend_G","Defend_G","Defend_G","Survivor+1","Neutralize","Cloak And Dagger","Noxious Fumes+1","Infinite Blades+1","Dagger Throw","Infinite Blades","Crippling Poison","Dodge and Roll+1","Leg Sweep","Infinite Blades","After Image+1","Reflex+1","Tools of the Trade+1","Crippling Poison+1","Backflip","Well Laid Plans","Dodge and Roll+1","Flying Knee","Neutralize","Outmaneuver+1","Blade Dance","Deflect","Accuracy+1","Adrenaline","Catalyst+1","Prepared+1","Noxious Fumes","Catalyst+1","Envenom","Deep Breath"],"special_seed":0,"relics":["Ring of the Snake","NeowsBlessing","Anchor","Mummified Hand","Orichalcum","Juzu Bracelet","Odd Mushroom","Astrolabe","Molten Egg 2","Shuriken","Red Mask","Philosopher\u0027s Stone","Incense Burner","Ninja Scroll","Pen Nib","Meat on the Bone"],"potions_floor_usage":[50,50,50],"damage_taken":[{"damage":0.0,"enemies":"Small Slimes","floor":1.0,"turns":1.0},{"damage":0.0,"enemies":"Cultist","floor":5.0,"turns":1.0},{"damage":0.0,"enemies":"Gremlin Nob","floor":6.0,"turns":1.0},{"damage":0.0,"enemies":"Jaw Worm","floor":7.0,"turns":3.0},{"damage":13.0,"enemies":"Lagavulin","floor":8.0,"turns":6.0},{"damage":0.0,"enemies":"3 Sentries","floor":10.0,"turns":7.0},{"damage":2.0,"enemies":"Lots of Slimes","floor":11.0,"turns":3.0},{"damage":9.0,"enemies":"The Mushroom Lair","floor":13.0,"turns":4.0},{"damage":6.0,"enemies":"3 Louse","floor":14.0,"turns":5.0},{"damage":14.0,"enemies":"The Guardian","floor":16.0,"turns":13.0},{"damage":4.0,"enemies":"Spheric Guardian","floor":18.0,"turns":6.0},{"damage":0.0,"enemies":"3 Byrds","floor":19.0,"turns":4.0},{"damage":23.0,"enemies":"Gremlin Leader","floor":23.0,"turns":8.0},{"damage":3.0,"enemies":"Snecko","floor":28.0,"turns":6.0},{"damage":6.0,"enemies":"Masked Bandits","floor":30.0,"turns":4.0},{"damage":3.0,"enemies":"3 Cultists","floor":31.0,"turns":5.0},{"damage":14.0,"enemies":"Collector","floor":33.0,"turns":9.0},{"damage":2,"enemies":"Orb Walker","floor":35,"turns":5},{"damage":8,"enemies":"2 Orb Walkers","floor":36,"turns":6},{"damage":0,"enemies":"3 Shapes","floor":38,"turns":3},{"damage":3,"enemies":"Writhing Mass","floor":45,"turns":5},{"damage":0,"enemies":"Transient","floor":46,"turns":5},{"damage":45,"enemies":"Time Eater","floor":50,"turns":8}],"seed_played":"-1572710703052827012","potions_obtained":[{"floor":4.0,"key":"SmokeBomb"},{"floor":4.0,"key":"SmokeBomb"},{"floor":4.0,"key":"Weak Potion"},{"floor":5.0,"key":"Regen Potion"},{"floor":6.0,"key":"Poison Potion"},{"floor":38,"key":"EssenceOfSteel"}],"is_trial":false,"path_per_floor":["M","$","?","?","M","E","M","E","T","E","M","R","?","M","R","B",null,"M","M","?","?","?","E","?","R","T","R","M","R","?","M","R","B",null,"M","?","$","M","T","R","?","R","T","?","M","M","R","?","R","B",null],"character_chosen":"THE_SILENT","items_purchased":["Noxious Fumes","Ninja Scroll","Noxious Fumes","Catalyst"],"campfire_rested":3,"item_purchase_floors":[2,37,37,37],"current_hp_per_floor":[70,70,56,56,56,56,56,43,43,43,41,41,32,26,47,33,70,66,66,66,66,66,43,43,43,43,43,40,40,34,31,52,38,70,68,60,60,60,60,60,60,60,60,60,57,57,70,70,70,43],"gold":257,"neow_bonus":"THREE_ENEMY_KILL","is_prod":false,"is_daily":false,"chose_seed":false,"campfire_upgraded":7,"win_rate":0,"timestamp":1565556383,"path_taken":["M","$","?","?","M","E","?","E","T","E","M","R","?","M","R","BOSS","M","M","?","?","?","E","?","R","T","R","M","R","?","M","R","BOSS","M","?","$","M","?","R","?","R","T","?","M","M","R","?","R","BOSS"],"build_version":"2019-07-17","purchased_purges":2,"victory":true,"max_hp_per_floor":[70,70,70,70,70,70,70,70,70,70,70,70,70,70,70,70,70,70,70,70,70,70,70,70,70,70,70,70,70,70,70,70,70,70,70,70,70,70,70,70,70,70,70,70,70,70,70,70,70,70],"card_choices":[{"not_picked":["Acrobatics","Noxious Fumes"],"picked":"Cloak And Dagger","floor":1.0},{"not_picked":["Deadly Poison","Blade Dance"],"picked":"Infinite Blades","floor":5.0},{"not_picked":["Bouncing Flask","Eviscerate"],"picked":"Dagger Throw","floor":6.0},{"not_picked":["PiercingWail","Riddle With Holes"],"picked":"Infinite Blades","floor":7.0},{"not_picked":["Dodge and Roll","Bane"],"picked":"Crippling Poison","floor":8.0},{"not_picked":["Dagger Spray","Wraith Form v2","Setup"],"picked":"SKIP","floor":10.0},{"not_picked":["Blade Dance","PiercingWail"],"picked":"Dodge and Roll","floor":11.0},{"not_picked":["Deadly Poison","Blade Dance"],"picked":"Leg Sweep","floor":13.0},{"not_picked":["Leg Sweep","Endless Agony"],"picked":"Infinite Blades","floor":14.0},{"not_picked":["Grand Finale","Venomology"],"picked":"After Image","floor":16.0},{"not_picked":["Poisoned Stab","Heel Hook"],"picked":"Backflip","floor":18.0},{"not_picked":["Acrobatics","Outmaneuver"],"picked":"Well Laid Plans","floor":19.0},{"not_picked":["PiercingWail","Expertise+1"],"picked":"Outmaneuver+1","floor":23.0},{"not_picked":["Flechettes+1","Poisoned Stab+1"],"picked":"Blade Dance","floor":28.0},{"not_picked":["Riddle With Holes+1","Reflex"],"picked":"Deflect","floor":30.0},{"not_picked":["Burst","Crippling Poison"],"picked":"Accuracy","floor":31.0},{"not_picked":["Burst","Phantasmal Killer"],"picked":"Adrenaline","floor":33.0},{"not_picked":["Prepared+1","Acrobatics"],"picked":"Catalyst+1","floor":35},{"not_picked":["PiercingWail","Dagger Spray+1"],"picked":"Prepared+1","floor":36},{"not_picked":["Deflect+1","Endless Agony+1"],"picked":"Envenom","floor":38},{"not_picked":["Swift Strike+1","Blind"],"picked":"Deep Breath","floor":41},{"not_picked":["Underhanded Strike+1","Blade Dance","PiercingWail"],"picked":"SKIP","floor":45},{"not_picked":["Dash+1","Flying Knee+1"],"picked":"Blade Dance","floor":46}],"player_experience":256253,"relics_obtained":[{"floor":6.0,"key":"Anchor"},{"floor":8.0,"key":"Mummified Hand"},{"floor":9.0,"key":"Orichalcum"},{"floor":10.0,"key":"Juzu Bracelet"},{"floor":13.0,"key":"Odd Mushroom"},{"floor":23.0,"key":"Molten Egg 2"},{"floor":26.0,"key":"Shuriken"},{"floor":30.0,"key":"Red Mask"},{"floor":36,"key":"Incense Burner"},{"floor":39,"key":"Pen Nib"},{"floor":43,"key":"Meat on the Bone"}],"event_choices":[{"damage_healed":0.0,"max_hp_gain":0.0,"max_hp_loss":0.0,"gold_gain":0.0,"event_name":"Shining Light","player_choice":"Entered Light","floor":3.0,"gold_loss":0.0,"damage_taken":14.0,"cards_upgraded":["Survivor","Strike_G"]},{"damage_healed":0.0,"max_hp_gain":0.0,"max_hp_loss":0.0,"gold_gain":0.0,"event_name":"Lab","player_choice":"Got Potions","floor":4.0,"gold_loss":0.0,"damage_taken":0.0},{"damage_healed":0.0,"max_hp_gain":0.0,"max_hp_loss":0.0,"gold_gain":0.0,"event_name":"Mushrooms","player_choice":"Fought Mushrooms","floor":13.0,"gold_loss":0.0,"damage_taken":0.0},{"cards_removed":["Defend_G"],"damage_healed":0.0,"max_hp_gain":0.0,"max_hp_loss":0.0,"gold_gain":0.0,"event_name":"Bonfire Elementals","player_choice":"Offered Basic","floor":20.0,"gold_loss":0.0,"damage_taken":0.0},{"damage_healed":0.0,"max_hp_gain":0.0,"max_hp_loss":0.0,"gold_gain":0.0,"event_name":"The Library","player_choice":"Read","floor":21.0,"gold_loss":0.0,"damage_taken":0.0,"cards_obtained":["Dodge and Roll"]},{"damage_healed":0.0,"max_hp_gain":0.0,"max_hp_loss":0.0,"gold_gain":0.0,"event_name":"Match and Keep!","player_choice":"2 cards matched","floor":22.0,"gold_loss":0.0,"damage_taken":0.0,"cards_obtained":["Flying Knee","Neutralize"]},{"damage_healed":0.0,"max_hp_gain":0.0,"max_hp_loss":0.0,"gold_gain":0.0,"event_name":"Match and Keep!","player_choice":"2 cards matched","floor":22.0,"gold_loss":0.0,"damage_taken":0.0,"cards_obtained":["Flying Knee","Neutralize"]},{"damage_healed":0.0,"max_hp_gain":0.0,"max_hp_loss":0.0,"gold_gain":0.0,"event_name":"Vampires","player_choice":"Ignored","floor":24.0,"gold_loss":0.0,"damage_taken":0.0},{"damage_healed":0.0,"max_hp_gain":0.0,"max_hp_loss":0.0,"gold_gain":0.0,"event_name":"Masked Bandits","player_choice":"Fought Bandits","floor":30.0,"gold_loss":0.0,"damage_taken":0.0},{"damage_healed":0,"gold_gain":0,"player_choice":"Fight","damage_taken":0,"max_hp_gain":0,"max_hp_loss":0,"event_name":"Mysterious Sphere","floor":36,"gold_loss":0},{"damage_healed":0,"gold_gain":0,"player_choice":"Memory 1","damage_taken":0,"max_hp_gain":0,"max_hp_loss":0,"event_name":"SensoryStone","floor":41,"gold_loss":0},{"damage_healed":0,"gold_gain":0,"player_choice":"Bought 0 Potions","damage_taken":0,"max_hp_gain":0,"max_hp_loss":0,"event_name":"The Woman in Blue","floor":44,"gold_loss":0},{"cards_removed":["Blade Dance"],"damage_healed":0,"gold_gain":0,"player_choice":"Removed Skill","damage_taken":0,"max_hp_gain":0,"max_hp_loss":0,"event_name":"Falling","floor":48,"gold_loss":0}],"is_beta":false,"boss_relics":[{"not_picked":["Empty Cage","Lizard Tail"],"picked":"Astrolabe"},{"not_picked":["Coffee Dripper","Fusion Hammer"],"picked":"Philosopher\u0027s Stone"}],"items_purged_floors":[2,37],"is_endless":false,"potions_floor_spawned":[5,6,11,16,18,19,23,31,38,45,46],"ascension_level":0}