{"gold_per_floor":[116,116,116,129,143,143,161,175,199,199,222,234,247,21,21,119],"floor_reached":16,"playtime":5994,"items_purged":["Strike_G"],"score":144,"play_id":"03787e0d-ace0-411b-a7ff-d4b9fd311fdd","local_time":"20190812183501","is_ascension_mode":false,"campfire_choices":[{"data":"Survivor","floor":6,"key":"SMITH"},{"floor":10,"key":"REST"},{"floor":15,"key":"REST"}],"neow_cost":"NONE","seed_source_timestamp":369563959859300,"circlet_count":0,"master_deck":["Strike_G","Strike_G","Strike_G","Strike_G","Defend_G","Defend_G","Defend_G","Defend_G","Defend_G","Survivor+1","Neutralize+1","Poisoned Stab","Dagger Throw","Deadly Poison","Well Laid Plans"],"relics":["Ring of the Snake","Bag of Preparation","Potion Belt","PreservedInsect"],"potions_floor_usage":[13,16],"damage_taken":[{"damage":0,"enemies":"Small Slimes","floor":1,"turns":3},{"damage":0,"enemies":"Cultist","floor":4,"turns":5},{"damage":1,"enemies":"Jaw Worm","floor":5,"turns":7},{"damage":21,"enemies":"Gremlin Gang","floor":7,"turns":7},{"damage":2,"enemies":"Looter","floor":8,"turns":3},{"damage":16,"enemies":"Blue Slaver","floor":12,"turns":4},{"damage":0,"enemies":"2 Fungi Beasts","floor":13,"turns":4},{"damage":17,"enemies":"The Guardian","floor":16,"turns":10}],"seed_played":"4330037273866917553","potions_obtained":[{"floor":4,"key":"Swift Potion"},{"floor":5,"key":"LiquidBronze"},{"floor":8,"key":"Weak Potion"},{"floor":13,"key":"Dexterity Potion"},{"floor":16,"key":"AttackPotion"}],"is_trial":false,"path_per_floor":["M","$","?","M","M","R","M","M","T","R","T","M","M","$","R","B"],"character_chosen":"THE_SILENT","items_purchased":["PreservedInsect"],"campfire_rested":2,"item_purchase_floors":[14],"current_hp_per_floor":[70,70,70,70,69,69,48,46,46,67,67,51,51,51,70,53],"gold":119,"neow_bonus":"UPGRADE_CARD","is_prod":false,"is_daily":false,"chose_seed":false,"campfire_upgraded":1,"win_rate":0,"timestamp":1565649301,"path_taken":["M","$","?","M","?","R","?","M","T","R","?","M","M","$","R","BOSS"],"build_version":"2019-07-17","purchased_purges":1,"victory":false,"max_hp_per_floor":[70,70,70,70,70,70,70,70,70,70,70,70,70,70,70,70],"card_choices":[{"not_picked":["Quick Slash","PiercingWail"],"picked":"Poisoned Stab","floor":1},{"not_picked":["Flechettes","Bane"],"picked":"Dagger Throw","floor":4},{"not_picked":["Well Laid Plans","Night Terror","Catalyst"],"picked":"SKIP","floor":7},{"not_picked":["Choke","Underhanded Strike","Infinite Blades"],"picked":"SKIP","floor":8},{"not_picked":["Quick Slash","Escape Plan"],"picked":"Deadly Poison","floor":12},{"not_picked":["Calculated Gamble","Sucker Punch"],"picked":"Well Laid Plans","floor":13}],"player_experience":2656210,"relics_obtained":[{"floor":9,"key":"Bag of Preparation"},{"floor":11,"key":"Potion Belt"}],"event_choices":[{"cards_removed":["Dagger Spray"],"damage_healed":0,"gold_gain":0,"player_choice":"Took Card","damage_taken":0,"max_hp_gain":0,"max_hp_loss":0,"event_name":"NoteForYourself","floor":3,"gold_loss":0,"cards_obtained":["Dagger Spray"]}],"is_beta":false,"boss_relics":[],"items_purged_floors":[14],"is_endless":false,"potions_floor_spawned":[4,5,8,13,16],"killed_by":"The Guardian","ascension_level":0}