{"gold_per_floor":[169,188,200,375,395,425,375,403,403,403],"floor_reached":10,"playtime":927,"items_purged":[],"score":98,"play_id":"c7c093d7-a1f9-4daa-88fd-c6f6c8cc5f62","local_time":"20190810231653","is_ascension_mode":true,"campfire_choices":[],"neow_cost":"NONE","seed_source_timestamp":2165126878747900,"circlet_count":0,"master_deck":["Strike_G","Strike_G","Strike_G","Strike_G","Strike_G","Defend_G","Defend_G","Defend_G","Defend_G","Defend_G+1","Survivor","Neutralize","PiercingWail","Malaise","Leg Sweep","Dagger Spray","Bouncing Flask","Dagger Spray"],"relics":["Tiny House","Bronze Scales","Girya","Shovel"],"potions_floor_usage":[2,6,6,10],"damage_taken":[{"damage":0,"enemies":"Small Slimes","floor":1,"turns":5},{"damage":3,"enemies":"Jaw Worm","floor":2,"turns":6},{"damage":0,"enemies":"2 Louse","floor":3,"turns":3},{"damage":2,"enemies":"Gremlin Gang","floor":5,"turns":7},{"damage":36,"enemies":"3 Sentries","floor":6,"turns":8},{"damage":13,"enemies":"Lagavulin","floor":8,"turns":8},{"damage":37,"enemies":"Gremlin Nob","floor":10,"turns":5}],"seed_played":"-5492517138917632614","potions_obtained":[{"floor":0,"key":"SneckoOil"},{"floor":3,"key":"PowerPotion"},{"floor":5,"key":"Regen Potion"},{"floor":8,"key":"SpeedPotion"}],"is_trial":false,"path_per_floor":["M","M","M","?","M","E","?","E","T","E"],"character_chosen":"THE_SILENT","items_purchased":[],"campfire_rested":0,"item_purchase_floors":[],"current_hp_per_floor":[75,72,72,72,70,49,49,36,36,0],"gold":403,"neow_bonus":"BOSS_RELIC","is_prod":false,"is_daily":false,"chose_seed":false,"campfire_upgraded":0,"win_rate":0,"timestamp":1565468213,"path_taken":["M","M","M","?","M","E","?","E","T","E"],"build_version":"2019-07-17","purchased_purges":0,"victory":false,"max_hp_per_floor":[75,75,75,75,75,75,75,75,75,75],"card_choices":[{"not_picked":["Prepared","Slice"],"picked":"PiercingWail","floor":0},{"not_picked":["Cloak And Dagger","Deadly Poison"],"picked":"Malaise","floor":1},{"not_picked":["Heel Hook","Prepared"],"picked":"Leg Sweep","floor":2},{"not_picked":["PiercingWail","Catalyst"],"picked":"Dagger Spray","floor":3},{"not_picked":["Phantasmal Killer","Slice"],"picked":"Bouncing Flask","floor":5},{"not_picked":["PiercingWail","Calculated Gamble","Blade Dance"],"picked":"SKIP","floor":6},{"not_picked":["Dagger Throw","Accuracy"],"picked":"Dagger Spray","floor":8}],"player_experience":147446,"relics_obtained":[{"floor":6,"key":"Bronze Scales"},{"floor":8,"key":"Girya"},{"floor":9,"key":"Shovel"}],"event_choices":[{"damage_healed":0,"gold_gain":175,"player_choice":"AGREE","damage_taken":0,"max_hp_gain":0,"max_hp_loss":0,"event_name":"Liars Game","floor":4,"gold_loss":0,"cards_obtained":["Doubt"]},{"cards_removed":["Doubt"],"damage_healed":0,"gold_gain":0,"player_choice":"Card Removal","damage_taken":0,"max_hp_gain":0,"max_hp_loss":0,"event_name":"The Cleric","floor":7,"gold_loss":50}],"is_beta":false,"boss_relics":[],"items_purged_floors":[],"is_endless":false,"potions_floor_spawned":[3,5,8],"killed_by":"Gremlin Nob","ascension_level":5}