{"gold_per_floor":[111,111,123,139,64,64,78,111,137,137,87,103,118,118],"floor_reached":14,"playtime":1162,"items_purged":["Defend_R","Defend_R"],"score":92,"play_id":"403a3ef9-efa2-449d-9750-1d053f151d39","local_time":"20190812213835","is_ascension_mode":false,"campfire_choices":[{"data":"Armaments","floor":6,"key":"SMITH"},{"data":"Trip","floor":10,"key":"SMITH"}],"neow_cost":"NONE","seed_source_timestamp":938518274437674,"circlet_count":0,"master_deck":["Strike_R","Strike_R","Strike_R","Strike_R","Strike_R","Defend_R","Defend_R","Bash","Trip+1","Armaments+1","Bloodletting","Warcry"],"relics":["Burning Blood","Smiling Mask","Potion Belt"],"potions_floor_usage":[],"damage_taken":[{"damage":1,"enemies":"2 Louse","floor":1,"turns":4},{"damage":0,"enemies":"Small Slimes","floor":3,"turns":3},{"damage":0,"enemies":"Cultist","floor":4,"turns":3},{"damage":29,"enemies":"Exordium Thugs","floor":7,"turns":6},{"damage":33,"enemies":"3 Sentries","floor":8,"turns":11},{"damage":9,"enemies":"2 Fungi Beasts","floor":12,"turns":3},{"damage":11,"enemies":"3 Louse","floor":13,"turns":5},{"damage":22,"enemies":"Gremlin Gang","floor":14,"turns":3}],"seed_played":"-4016690150954219745","potions_obtained":[{"floor":1,"key":"Regen Potion"},{"floor":4,"key":"SteroidPotion"}],"is_trial":false,"path_per_floor":["M","?","M","M","$","R","M","E","T","R","$","M","M","M"],"character_chosen":"IRONCLAD","items_purchased":[],"campfire_rested":0,"item_purchase_floors":[],"current_hp_per_floor":[80,80,80,80,80,80,57,30,30,30,30,27,22,0],"gold":118,"neow_bonus":"RANDOM_COLORLESS","is_prod":false,"is_daily":false,"chose_seed":false,"campfire_upgraded":2,"win_rate":0,"timestamp":1565638715,"path_taken":["M","?","M","M","$","R","M","E","T","R","$","M","M","M"],"build_version":"2019-07-17","purchased_purges":2,"victory":false,"max_hp_per_floor":[80,80,80,80,80,80,80,80,80,80,80,80,80,80],"card_choices":[{"not_picked":["Flex","Headbutt"],"picked":"Armaments","floor":1},{"not_picked":["Hemokinesis","Headbutt"],"picked":"Bloodletting","floor":3},{"not_picked":["Heavy Blade","Body Slam","Sword Boomerang"],"picked":"SKIP","floor":4},{"not_picked":["Iron Wave","Rupture","Headbutt"],"picked":"SKIP","floor":7},{"not_picked":["Infernal Blade","Shockwave"],"picked":"Warcry","floor":8},{"not_picked":["Rampage","Flame Barrier","Metallicize"],"picked":"SKIP","floor":12},{"not_picked":["Twin Strike","Feed","Hemokinesis"],"picked":"SKIP","floor":13}],"player_experience":285698,"relics_obtained":[{"floor":8,"key":"Smiling Mask"},{"floor":9,"key":"Potion Belt"}],"event_choices":[{"damage_healed":0,"gold_gain":0,"player_choice":"Ignored","damage_taken":0,"max_hp_gain":0,"max_hp_loss":0,"event_name":"Liars Game","floor":2,"gold_loss":0}],"is_beta":false,"boss_relics":[],"items_purged_floors":[5,11],"is_endless":false,"potions_floor_spawned":[1,4],"killed_by":"Gremlin Gang","ascension_level":0}