{"gold_per_floor":[114,127,127,141,62,95,117,146,158,170,182,204,216,253,265,378,390,413,443,333,350,350],"floor_reached":22,"playtime":1655,"items_purged":["Strike_B"],"score":198,"play_id":"6c7bb6ba-676d-4adb-92f4-af2bed754448","local_time":"20190715180253","is_ascension_mode":false,"campfire_choices":[{"data":"Dualcast","floor":10,"key":"SMITH"},{"floor":13,"key":"REST"},{"floor":15,"key":"REST"}],"neow_cost":"NONE","seed_source_timestamp":197161394763900,"circlet_count":0,"master_deck":["Strike_B","Strike_B","Defend_B","Defend_B","Defend_B","Defend_B","Zap","Dualcast+1","Ball Lightning","Redo","Redo","Capacitor","Streamline","Ball Lightning","Double Energy","Consume","Core Surge","Redo+1","Rebound+1","Steam","Stack"],"relics":["Cracked Core","MawBank","Gremlin Horn","CultistMask","Meat on the Bone","Sozu"],"potions_floor_usage":[8,8,12],"damage_taken":[{"damage":1,"enemies":"Jaw Worm","floor":1,"turns":3},{"damage":0,"enemies":"Small Slimes","floor":2,"turns":2},{"damage":1,"enemies":"Cultist","floor":4,"turns":3},{"damage":43,"enemies":"3 Sentries","floor":6,"turns":7},{"damage":11,"enemies":"Red Slaver","floor":7,"turns":3},{"damage":9,"enemies":"3 Louse","floor":8,"turns":3},{"damage":4,"enemies":"2 Fungi Beasts","floor":12,"turns":2},{"damage":28,"enemies":"Gremlin Nob","floor":14,"turns":4},{"damage":25,"enemies":"Hexaghost","floor":16,"turns":9},{"damage":22,"enemies":"3 Byrds","floor":18,"turns":4},{"damage":34,"enemies":"Shell Parasite","floor":19,"turns":5},{"damage":26,"enemies":"Snake Plant","floor":21,"turns":4},{"damage":24,"enemies":"3 Cultists","floor":22,"turns":3}],"seed_played":"-7409294445274388284","potions_obtained":[{"floor":4,"key":"Energy Potion"},{"floor":7,"key":"FocusPotion"},{"floor":8,"key":"Strength Potion"}],"is_trial":false,"path_per_floor":["M","M","?","M","$","E","M","M","T","R","?","M","R","E","R","B",null,"M","M","$","M","M"],"character_chosen":"DEFECT","items_purchased":["Capacitor","Steam"],"campfire_rested":2,"item_purchase_floors":[5,20],"current_hp_per_floor":[74,74,79,78,78,35,24,15,15,15,15,11,35,7,31,18,80,58,36,36,22,0],"gold":350,"neow_bonus":"REMOVE_CARD","is_prod":false,"is_daily":false,"chose_seed":false,"campfire_upgraded":1,"win_rate":0,"timestamp":1563228173,"path_taken":["M","M","?","M","$","E","M","M","T","R","?","M","R","E","R","BOSS","M","M","$","M","M"],"build_version":"2019-07-05","purchased_purges":1,"victory":false,"max_hp_per_floor":[75,75,80,80,80,80,80,80,80,80,80,80,80,80,80,80,80,80,80,80,80,80],"card_choices":[{"not_picked":["Recycle","Blizzard"],"picked":"Ball Lightning","floor":1},{"not_picked":["Turbo","Melter"],"picked":"Redo","floor":2},{"not_picked":["Skim","Barrage"],"picked":"Redo","floor":4},{"not_picked":["Cold Snap","Chill"],"picked":"Streamline","floor":6},{"not_picked":["Sweeping Beam","Compile Driver"],"picked":"Ball Lightning","floor":7},{"not_picked":["Turbo","Sunder"],"picked":"Double Energy","floor":8},{"not_picked":["Heatsinks","Fusion","Turbo"],"picked":"SKIP","floor":12},{"not_picked":["Rebound","Steam"],"picked":"Consume","floor":14},{"not_picked":["Reboot","Seek"],"picked":"Core Surge","floor":16},{"not_picked":["Tempest","Hologram"],"picked":"Redo+1","floor":18},{"not_picked":["Ball Lightning","Multi-Cast"],"picked":"Rebound+1","floor":19},{"not_picked":["Turbo+1","Gash"],"picked":"Stack","floor":21}],"player_experience":183981,"relics_obtained":[{"floor":6,"key":"MawBank"},{"floor":9,"key":"Gremlin Horn"},{"floor":14,"key":"Meat on the Bone"}],"event_choices":[{"damage_healed":0,"gold_gain":0,"player_choice":"Donut","damage_taken":0,"max_hp_gain":5,"max_hp_loss":0,"event_name":"Big Fish","floor":3,"gold_loss":0},{"damage_healed":0,"gold_gain":0,"player_choice":"Trade","damage_taken":0,"relics_obtained":["CultistMask"],"max_hp_gain":0,"max_hp_loss":0,"event_name":"FaceTrader","floor":11,"gold_loss":0}],"is_beta":false,"boss_relics":[{"not_picked":["Ectoplasm","Tiny House"],"picked":"Sozu"}],"items_purged_floors":[20],"is_endless":false,"potions_floor_spawned":[4,7,8,21],"killed_by":"3 Cultists","ascension_level":0}