{"gold_per_floor":[119,131,17,17,33,33,66,66,66,66,126,160,160,160,160,264,264,280,295,310,330,31,60,60,74,127,37,57,69,69,69,69,172,172,182,182,193,158,168,203,203,8,8,26,26,59,59,75,75,75],"floor_reached":51,"playtime":4550,"items_purged":["Strike_G","Strike_G"],"score":822,"play_id":"e8c14e3e-0ee8-4a0b-8d5f-abdb4236d3a4","local_time":"20190720024054","is_ascension_mode":true,"campfire_choices":[{"data":"Survivor","floor":6,"key":"SMITH"},{"data":"Terror","floor":8,"key":"SMITH"},{"data":"Sucker Punch","floor":10,"key":"SMITH"},{"floor":15,"key":"REST"},{"floor":24,"key":"REST"},{"data":"Deep Breath","floor":30,"key":"SMITH"},{"floor":32,"key":"REST"},{"data":"Prepared","floor":45,"key":"SMITH"},{"floor":47,"key":"REST"},{"floor":49,"key":"REST"}],"neow_cost":"NONE","seed_source_timestamp":29521219467600,"circlet_count":0,"master_deck":["Strike_G","Strike_G+1","Strike_G","Defend_G","Defend_G","Defend_G","Defend_G","Survivor+1","Neutralize+1","Sucker Punch+1","Slice","Backstab","Terror+1","Die Die Die","Deep Breath+1","After Image+1","Sucker Punch+1","Distraction+1","After Image+1","Prepared+1","Backflip","Dagger Throw","Phantasmal Killer+1","Footwork+1","Backflip+1","Deflect","PiercingWail","Footwork+1","Noxious Fumes+1","Caltrops+1","Flying Knee","Finisher+1"],"relics":["Ring of the Snake","Bottled Flame","Mummified Hand","Orichalcum","Frozen Egg 2","Busted Crown","DollysMirror","Shuriken","Anchor","Orrery","Omamori","Pen Nib","Sundial","Smiling Mask"],"potions_floor_usage":[16,18,33,40],"damage_taken":[{"damage":0,"enemies":"Small Slimes","floor":1,"turns":3},{"damage":1,"enemies":"Jaw Worm","floor":2,"turns":4},{"damage":0,"enemies":"Cultist","floor":5,"turns":3},{"damage":31,"enemies":"Lagavulin","floor":7,"turns":9},{"damage":17,"enemies":"Gremlin Nob","floor":12,"turns":4},{"damage":38,"enemies":"Hexaghost","floor":16,"turns":16},{"damage":0,"enemies":"2 Thieves","floor":18,"turns":4},{"damage":6,"enemies":"Spheric Guardian","floor":19,"turns":4},{"damage":21,"enemies":"3 Cultists","floor":20,"turns":8},{"damage":5,"enemies":"Snecko","floor":21,"turns":6},{"damage":11,"enemies":"Gremlin Leader","floor":23,"turns":6},{"damage":8,"enemies":"Snake Plant","floor":25,"turns":5},{"damage":5,"enemies":"3 Cultists","floor":28,"turns":7},{"damage":0,"enemies":"Centurion and Healer","floor":29,"turns":5},{"damage":11,"enemies":"Collector","floor":33,"turns":12},{"damage":0,"enemies":"Orb Walker","floor":35,"turns":4},{"damage":0,"enemies":"3 Shapes","floor":37,"turns":2},{"damage":0,"enemies":"3 Darklings","floor":39,"turns":5},{"damage":11,"enemies":"Reptomancer","floor":40,"turns":8},{"damage":2,"enemies":"Spire Growth","floor":44,"turns":4},{"damage":34,"enemies":"Giant Head","floor":46,"turns":9},{"damage":12,"enemies":"Jaw Worm Horde","floor":48,"turns":5},{"damage":18,"enemies":"Donu and Deca","floor":50,"turns":11}],"seed_played":"9011631643272871242","potions_obtained":[{"floor":1,"key":"Explosive Potion"},{"floor":12,"key":"Block Potion"},{"floor":20,"key":"GamblersBrew"},{"floor":23,"key":"Strength Potion"},{"floor":28,"key":"PowerPotion"},{"floor":37,"key":"LiquidBronze"},{"floor":48,"key":"FearPotion"}],"is_trial":false,"path_per_floor":["M","M","$","?","M","R","E","R","T","R","?","E","T","?","R","B",null,"M","M","M","M","$","E","R","M","T","?","M","M","R","$","R","B",null,"M","?","M","$","M","E","?","$","T","M","R","E","R","M","R","B",null],"character_chosen":"THE_SILENT","items_purchased":["Backstab","DollysMirror","Noxious Fumes+1","Caltrops+1","Pen Nib"],"campfire_rested":5,"item_purchase_floors":[3,22,38,42,42],"current_hp_per_floor":[77,76,76,76,76,76,45,45,45,45,45,28,28,28,51,13,77,77,71,50,45,45,34,57,49,49,49,44,44,44,44,67,56,77,77,77,77,77,77,66,77,77,77,75,75,41,64,52,75,57],"gold":75,"neow_bonus":"TEN_PERCENT_HP_BONUS","is_prod":false,"is_daily":false,"chose_seed":false,"campfire_upgraded":5,"win_rate":0,"timestamp":1563604854,"path_taken":["M","M","$","?","M","R","E","R","T","R","?","E","?","?","R","BOSS","M","M","?","M","?","E","R","M","T","?","?","M","R","?","R","BOSS","M","?","M","$","?","E","?","$","T","M","R","E","R","M","R","BOSS"],"build_version":"2019-07-17","purchased_purges":2,"victory":true,"max_hp_per_floor":[77,77,77,77,77,77,77,77,77,77,77,77,77,77,77,77,77,77,77,77,77,77,77,77,77,77,77,77,77,77,77,77,77,77,77,77,77,77,77,77,77,77,77,77,77,77,77,77,77,77],"card_choices":[{"not_picked":["Escape Plan","Outmaneuver"],"picked":"Sucker Punch","floor":1},{"not_picked":["Dagger Throw","Expertise"],"picked":"Slice","floor":2},{"not_picked":["Sucker Punch","Calculated Gamble","Poisoned Stab"],"picked":"SKIP","floor":5},{"not_picked":["Escape Plan","Quick Slash"],"picked":"Terror","floor":7},{"not_picked":["Slice","Prepared"],"picked":"Die Die Die","floor":12},{"not_picked":["Storm of Steel","Corpse Explosion"],"picked":"After Image+1","floor":16},{"not_picked":[],"picked":"Sucker Punch+1","floor":18},{"not_picked":[],"picked":"Distraction+1","floor":19},{"not_picked":["Finisher"],"picked":"SKIP","floor":20},{"not_picked":["Outmaneuver"],"picked":"SKIP","floor":21},{"not_picked":[],"picked":"Prepared","floor":23},{"not_picked":[],"picked":"Backflip","floor":25},{"not_picked":[],"picked":"Dagger Throw","floor":28},{"not_picked":["Underhanded Strike"],"picked":"SKIP","floor":29},{"not_picked":[],"picked":"Phantasmal Killer","floor":33},{"not_picked":[],"picked":"Footwork+1","floor":34},{"not_picked":[],"picked":"Backflip+1","floor":34},{"not_picked":[],"picked":"Deflect","floor":34},{"not_picked":[],"picked":"PiercingWail","floor":34},{"not_picked":["Calculated Gamble+1"],"picked":"SKIP","floor":35},{"not_picked":[],"picked":"Footwork+1","floor":37},{"not_picked":["Tactician"],"picked":"SKIP","floor":39},{"not_picked":["Concentrate"],"picked":"SKIP","floor":40},{"not_picked":[],"picked":"Flying Knee","floor":44},{"not_picked":[],"picked":"Finisher+1","floor":46},{"not_picked":["Underhanded Strike"],"picked":"SKIP","floor":48}],"player_experience":331321,"relics_obtained":[{"floor":7,"key":"Bottled Flame"},{"floor":9,"key":"Mummified Hand"},{"floor":12,"key":"Orichalcum"},{"floor":13,"key":"Frozen Egg 2"},{"floor":23,"key":"Shuriken"},{"floor":26,"key":"Anchor"},{"floor":40,"key":"Omamori"},{"floor":43,"key":"Sundial"},{"floor":46,"key":"Smiling Mask"}],"event_choices":[{"damage_healed":0,"gold_gain":0,"player_choice":"Grow","damage_taken":0,"max_hp_gain":0,"max_hp_loss":0,"event_name":"Living Wall","floor":4,"gold_loss":0,"cards_upgraded":["Neutralize"]},{"damage_healed":0,"gold_gain":60,"player_choice":"Gained Gold","damage_taken":0,"max_hp_gain":0,"max_hp_loss":0,"event_name":"Golden Wing","floor":11,"gold_loss":0},{"damage_healed":0,"gold_gain":0,"player_choice":"1 cards matched","damage_taken":0,"max_hp_gain":0,"max_hp_loss":0,"event_name":"Match and Keep!","floor":14,"gold_loss":0,"cards_obtained":["Deep Breath"]},{"cards_removed":["Defend_G"],"damage_healed":0,"gold_gain":0,"player_choice":"Upgrade and Remove","damage_taken":0,"max_hp_gain":0,"max_hp_loss":0,"event_name":"Designer","floor":27,"gold_loss":90,"cards_upgraded":["Strike_G"]},{"damage_healed":0,"gold_gain":0,"player_choice":"Upgraded","damage_taken":0,"max_hp_gain":0,"max_hp_loss":0,"event_name":"Upgrade Shrine","floor":36,"gold_loss":0,"cards_upgraded":["Phantasmal Killer"]},{"damage_healed":19,"gold_gain":0,"player_choice":"Writhe","damage_taken":0,"max_hp_gain":0,"max_hp_loss":0,"event_name":"Winding Halls","floor":41,"gold_loss":0,"cards_obtained":["Writhe"]}],"is_beta":false,"boss_relics":[{"not_picked":["Runic Dome","Snecko Eye"],"picked":"Busted Crown"},{"not_picked":["White Beast Statue","Empty Cage"],"picked":"Orrery"}],"items_purged_floors":[3,22],"is_endless":false,"potions_floor_spawned":[1,12,20,23,28,29,37,39,48],"ascension_level":4}