{"gold_per_floor":[114,39,54,69,84,114,114,29,54,129,129,144,201,231,231,331,331,346,49,64,64,64,64,79,109,159,189,204,204,170,185,185,285,285,300,300,300,126,141,141,156,156,156,171,171,186,201,216,216,216],"floor_reached":50,"playtime":3013,"items_purged":["Metallicize","Shame"],"score":569,"play_id":"c227c314-2e9a-4614-9999-709542e86fc7","local_time":"20190805005420","daily_mods":["Specialized","Green Cards","Lethality"],"is_ascension_mode":false,"campfire_choices":[{"data":"1","floor":7,"key":"LIFT"},{"data":"2","floor":11,"key":"LIFT"},{"data":"Well Laid Plans","floor":15,"key":"SMITH"},{"data":"Sucker Punch","floor":23,"key":"SMITH"},{"data":"Metallicize","floor":29,"key":"SMITH"},{"data":"Metallicize","floor":32,"key":"SMITH"},{"data":"3","floor":40,"key":"LIFT"},{"data":"Injury","floor":42,"key":"PURGE"},{"floor":45,"key":"REST"},{"data":"Madness","floor":49,"key":"PURGE"}],"neow_cost":"","seed_source_timestamp":0,"circlet_count":0,"master_deck":["Defend_R+1","Defend_R","Defend_R+1","Defend_R","Bash","Metallicize+1","Metallicize+1","Metallicize","Metallicize","Shrug It Off","Carnage","Anger","Clothesline","Well Laid Plans+1","Cloak And Dagger","Backstab","All Out Attack","Metallicize+1","Bullet Time","Pain","Sucker Punch+1","Reaper","Rupture+1","Bite","Bite","Bite","Bite","Bite","Deflect+1","Clothesline+1","Quick Slash+1","Infinite Blades+1","Footwork+1","Barricade+1","Noxious Fumes+1","Madness","Outmaneuver","Clothesline+1","Parasite","Armaments+1","Shrug It Off+1","Skewer+1","Prepared+1"],"special_seed":18113,"relics":["Burning Blood","Girya","Red Skull","Frozen Egg 2","Blue Candle","Calling Bell","War Paint","Sundial","Peace Pipe","Bag of Marbles","Meat on the Bone","Oddly Smooth Stone","Anchor","Fusion Hammer","Bronze Scales","Thread and Needle"],"potions_floor_usage":[3,5,16,25,28,33,44,48],"damage_taken":[{"damage":1,"enemies":"Small Slimes","floor":1,"turns":4},{"damage":5,"enemies":"2 Louse","floor":3,"turns":4},{"damage":3,"enemies":"Jaw Worm","floor":4,"turns":4},{"damage":5,"enemies":"2 Fungi Beasts","floor":5,"turns":4},{"damage":17,"enemies":"Gremlin Nob","floor":6,"turns":4},{"damage":3,"enemies":"Gremlin Gang","floor":12,"turns":4},{"damage":13,"enemies":"Lagavulin Event","floor":13,"turns":6},{"damage":22,"enemies":"Lagavulin","floor":14,"turns":5},{"damage":21,"enemies":"The Guardian","floor":16,"turns":9},{"damage":25,"enemies":"Shell Parasite","floor":18,"turns":5},{"damage":13,"enemies":"Spheric Guardian","floor":20,"turns":4},{"damage":3,"enemies":"Snecko","floor":24,"turns":2},{"damage":48,"enemies":"Book of Stabbing","floor":25,"turns":5},{"damage":16,"enemies":"Gremlin Leader","floor":27,"turns":7},{"damage":3,"enemies":"Centurion and Healer","floor":28,"turns":4},{"damage":20,"enemies":"Sentry and Sphere","floor":31,"turns":5},{"damage":43,"enemies":"Automaton","floor":33,"turns":9},{"damage":13,"enemies":"Orb Walker","floor":35,"turns":3},{"damage":6,"enemies":"3 Darklings","floor":39,"turns":3},{"damage":7,"enemies":"Transient","floor":41,"turns":5},{"damage":25,"enemies":"Writhing Mass","floor":44,"turns":4},{"damage":13,"enemies":"3 Darklings","floor":46,"turns":4},{"damage":11,"enemies":"Spire Growth","floor":47,"turns":4},{"damage":2,"enemies":"Sphere and 2 Shapes","floor":48,"turns":4},{"damage":74,"enemies":"Time Eater","floor":50,"turns":10}],"seed_played":"4943417397018078465","potions_obtained":[{"floor":1,"key":"SkillPotion"},{"floor":4,"key":"Weak Potion"},{"floor":13,"key":"Poison Potion"},{"floor":16,"key":"Strength Potion"},{"floor":20,"key":"GamblersBrew"},{"floor":24,"key":"EssenceOfSteel"},{"floor":25,"key":"GamblersBrew"},{"floor":41,"key":"Poison Potion"},{"floor":47,"key":"PowerPotion"}],"is_trial":false,"path_per_floor":["M","$","M","M","M","E","R","$","T","?","R","M","?","E","R","B",null,"M","$","M","?","?","R","M","E","T","E","M","R","$","M","R","B",null,"M","?","?","$","M","R","M","R","T","M","R","M","M","M","R","B"],"character_chosen":"IRONCLAD","items_purchased":["Well Laid Plans","Cloak And Dagger","Sucker Punch","Reaper","Footwork+1","Bronze Scales","Outmaneuver"],"campfire_rested":1,"item_purchase_floors":[8,8,19,19,30,38,38],"current_hp_per_floor":[80,80,80,80,80,69,69,69,69,58,58,61,54,38,38,23,80,61,61,54,54,54,54,56,27,27,37,56,56,56,44,44,45,56,49,42,42,42,42,42,56,56,56,37,53,48,51,56,56,0],"gold":216,"neow_bonus":"","is_prod":false,"is_daily":true,"chose_seed":false,"campfire_upgraded":4,"win_rate":0,"timestamp":1564980860,"path_taken":["M","$","M","M","M","E","R","$","T","?","R","M","?","E","R","BOSS","M","$","M","?","?","R","M","E","T","E","?","R","?","?","R","BOSS","M","?","?","$","M","R","M","R","T","?","R","M","M","M","R","BOSS"],"build_version":"2019-07-17","purchased_purges":2,"victory":false,"max_hp_per_floor":[80,80,80,80,80,80,80,80,80,80,80,80,80,80,80,80,80,80,80,80,56,56,56,56,56,56,56,56,56,56,56,56,56,56,56,56,56,56,56,56,56,56,56,56,56,56,56,56,56,56],"card_choices":[{"not_picked":["Masterful Stab","Outmaneuver"],"picked":"Shrug It Off","floor":1},{"not_picked":["Dodge and Roll","True Grit"],"picked":"Carnage","floor":3},{"not_picked":["Predator","Acrobatics"],"picked":"Anger","floor":4},{"not_picked":["Clash","Dropkick"],"picked":"Clothesline","floor":5},{"not_picked":["Havoc","Reflex","Clash"],"picked":"SKIP","floor":6},{"not_picked":["Cloak And Dagger","PiercingWail"],"picked":"Backstab","floor":12},{"not_picked":["Twin Strike","Bane"],"picked":"All Out Attack","floor":13},{"not_picked":["Burning Pact","Exhume"],"picked":"Metallicize+1","floor":14},{"not_picked":["Exhume","Berserk+1"],"picked":"Bullet Time","floor":16},{"not_picked":["Perfected Strike","Uppercut","Headbutt"],"picked":"SKIP","floor":18},{"not_picked":["Dropkick","Deadly Poison"],"picked":"Rupture+1","floor":20},{"not_picked":["Dagger Spray","Clash"],"picked":"Deflect+1","floor":24},{"not_picked":["Crippling Poison","Body Slam"],"picked":"Clothesline+1","floor":25},{"not_picked":["Infinite Blades+1","Power Through"],"picked":"Quick Slash+1","floor":27},{"not_picked":["Hemokinesis+1","Rage"],"picked":"Infinite Blades+1","floor":28},{"not_picked":["Whirlwind","Deflect","Reflex"],"picked":"SKIP","floor":31},{"not_picked":["Glass Knife","Brutality+1"],"picked":"Barricade+1","floor":33},{"not_picked":["Pummel+1","Body Slam"],"picked":"Noxious Fumes+1","floor":35},{"not_picked":["Skewer","Reckless Charge"],"picked":"Clothesline+1","floor":39},{"not_picked":["Finisher+1","Perfected Strike","Bane+1"],"picked":"SKIP","floor":41},{"not_picked":["Dodge and Roll+1","Deadly Poison+1"],"picked":"Armaments+1","floor":44},{"not_picked":["Eviscerate","Flex"],"picked":"Shrug It Off+1","floor":46},{"not_picked":["Heel Hook","Slice"],"picked":"Skewer+1","floor":47},{"not_picked":["Perfected Strike","Bane"],"picked":"Prepared+1","floor":48}],"player_experience":350927,"relics_obtained":[{"floor":6,"key":"Girya"},{"floor":9,"key":"Red Skull"},{"floor":13,"key":"Frozen Egg 2"},{"floor":14,"key":"Blue Candle"},{"floor":17,"key":"War Paint"},{"floor":17,"key":"Sundial"},{"floor":17,"key":"Peace Pipe"},{"floor":25,"key":"Meat on the Bone"},{"floor":26,"key":"Oddly Smooth Stone"},{"floor":27,"key":"Anchor"},{"floor":43,"key":"Thread and Needle"}],"event_choices":[{"damage_healed":0,"gold_gain":75,"player_choice":"Gather Gold","damage_taken":11,"max_hp_gain":0,"max_hp_loss":0,"event_name":"World of Goop","floor":10,"gold_loss":0},{"damage_healed":0,"gold_gain":30,"player_choice":"Searched \u00272\u0027 times","damage_taken":0,"max_hp_gain":0,"max_hp_loss":0,"event_name":"Dead Adventurer","floor":13,"gold_loss":0},{"damage_healed":0,"gold_gain":0,"player_choice":"Became a vampire","damage_taken":0,"max_hp_gain":0,"max_hp_loss":24,"event_name":"Vampires","floor":21,"gold_loss":0,"cards_obtained":["Bite","Bite","Bite","Bite","Bite"]},{"damage_healed":0,"gold_gain":0,"player_choice":"Gave Potion","damage_taken":0,"relics_obtained":["Bag of Marbles"],"max_hp_gain":0,"max_hp_loss":0,"event_name":"WeMeetAgain","floor":22,"gold_loss":0},{"damage_healed":0,"gold_gain":0,"player_choice":"Embrace Madness","damage_taken":7,"max_hp_gain":0,"max_hp_loss":0,"event_name":"Winding Halls","floor":36,"gold_loss":0,"cards_obtained":["Madness","Madness"]},{"damage_healed":0,"gold_gain":0,"player_choice":"0 cards matched","damage_taken":0,"max_hp_gain":0,"max_hp_loss":0,"event_name":"Match and Keep!","floor":37,"gold_loss":0,"cards_obtained":[]}],"is_beta":false,"boss_relics":[{"not_picked":["Runic Cube","Black Blood"],"picked":"Calling Bell"},{"not_picked":["Snecko Eye","Sozu"],"picked":"Fusion Hammer"}],"items_purged_floors":[2,19],"is_endless":false,"potions_floor_spawned":[1,4,13,16,20,24,25,41,47],"killed_by":"Time Eater","ascension_level":0}