{"gold_per_floor":[118,118,19,39,39,72,72,85,85,85,95,113,123,150,150,254,254,268,193,1,21,38,38],"floor_reached":23,"playtime":1997,"items_purged":["Strike_B"],"score":203,"play_id":"e879ccc0-eac2-4ca1-b736-6b0aef4c674e","local_time":"20190322172143","is_ascension_mode":false,"campfire_choices":[{"data":"Dualcast","floor":7,"key":"SMITH"},{"data":"Zap","floor":10,"key":"SMITH"},{"data":"Redo","floor":15,"key":"SMITH"}],"neow_cost":"NONE","seed_source_timestamp":413958927324600,"circlet_count":0,"master_deck":["Strike_B+1","Strike_B+1","Strike_B","Defend_B","Defend_B","Defend_B","Zap+1","Dualcast+1","Echo Form","Cold Snap","Sweeping Beam","Rebound","Redo+1","Beam Cell","Lockon","Seek+1","Conserve Battery+1","Streamline","Self Repair","Streamline+1"],"relics":["Cracked Core","Bottled Tornado","Meat on the Bone","Question Card","Velvet Choker","War Paint"],"potions_floor_usage":[14,16,16,23],"damage_taken":[{"damage":6,"enemies":"Jaw Worm","floor":1,"turns":3},{"damage":8,"enemies":"Small Slimes","floor":4,"turns":3},{"damage":13,"enemies":"Lagavulin","floor":6,"turns":5},{"damage":1,"enemies":"Cultist","floor":8,"turns":4},{"damage":5,"enemies":"Blue Slaver","floor":11,"turns":2},{"damage":10,"enemies":"Large Slime","floor":12,"turns":4},{"damage":16,"enemies":"Exordium Wildlife","floor":13,"turns":3},{"damage":2,"enemies":"3 Sentries","floor":14,"turns":6},{"damage":40,"enemies":"Hexaghost","floor":16,"turns":12},{"damage":3,"enemies":"Chosen","floor":18,"turns":5},{"damage":0,"enemies":"3 Byrds","floor":21,"turns":4},{"damage":14,"enemies":"Centurion and Healer","floor":22,"turns":6},{"damage":73,"enemies":"Slavers","floor":23,"turns":5}],"seed_played":"-1759281892469226506","potions_obtained":[{"floor":1,"key":"SkillPotion"},{"floor":5,"key":"Strength Potion"},{"floor":5,"key":"FearPotion"},{"floor":21,"key":"Weak Potion"}],"is_trial":false,"path_per_floor":["M","?","$","M","?","E","R","M","T","R","M","M","M","E","R","B",null,"M","?","$","M","M","E"],"character_chosen":"DEFECT","items_purchased":["Sweeping Beam","War Paint","Streamline"],"campfire_rested":0,"item_purchase_floors":[3,20,20],"current_hp_per_floor":[69,54,54,46,46,33,33,32,32,32,39,41,37,47,47,19,75,72,72,72,72,72,0],"gold":38,"neow_bonus":"ONE_RANDOM_RARE_CARD","is_prod":false,"is_daily":false,"chose_seed":false,"campfire_upgraded":3,"win_rate":0.0,"timestamp":1553289703,"path_taken":["M","?","$","M","?","E","R","M","T","R","M","M","?","E","R","BOSS","M","?","$","M","M","E"],"build_version":"2019-01-23","purchased_purges":1,"victory":false,"max_hp_per_floor":[75,75,75,75,75,75,75,75,75,75,75,75,75,75,75,75,75,75,75,75,75,75,75],"card_choices":[{"not_picked":["Chaos","Barrage"],"picked":"Cold Snap","floor":1},{"not_picked":["Sweeping Beam","Steam Power"],"picked":"Rebound","floor":4},{"not_picked":["Cold Snap","Beam Cell"],"picked":"Redo","floor":6},{"not_picked":["Lockon","Storm","Barrage"],"picked":"SKIP","floor":8},{"not_picked":["Aggregate","Sweeping Beam"],"picked":"Beam Cell","floor":11},{"not_picked":["Rebound","Sweeping Beam"],"picked":"Lockon","floor":12},{"not_picked":["Skim","Stack","Redo"],"picked":"SKIP","floor":13},{"not_picked":["Chaos","Echo Form","Hello World"],"picked":"SKIP","floor":14},{"not_picked":["Multi-Cast","Creative AI","Reboot"],"picked":"Seek","floor":16},{"not_picked":["Compile Driver","Steam Power","Streamline"],"picked":"Conserve Battery","floor":18},{"not_picked":["Storm+1","Redo","Hello World"],"picked":"Self Repair","floor":21},{"not_picked":["Reinforced Body+1","Reprogram","Leap"],"picked":"Streamline+1","floor":22}],"player_experience":155258,"relics_obtained":[{"floor":6,"key":"Bottled Tornado"},{"floor":9,"key":"Meat on the Bone"},{"floor":14,"key":"Question Card"}],"event_choices":[{"damage_healed":0,"gold_gain":0,"player_choice":"Entered Light","damage_taken":15,"max_hp_gain":0,"max_hp_loss":0,"event_name":"Shining Light","floor":2,"gold_loss":0,"cards_upgraded":["Strike_B","Strike_B"]},{"damage_healed":0,"gold_gain":0,"player_choice":"Got Potions","damage_taken":0,"max_hp_gain":0,"max_hp_loss":0,"event_name":"Lab","floor":5,"gold_loss":0},{"cards_removed":["Defend_B"],"damage_healed":0,"gold_gain":0,"player_choice":"Gave Gold","damage_taken":0,"max_hp_gain":0,"max_hp_loss":0,"event_name":"Beggar","floor":19,"gold_loss":75}],"is_beta":false,"boss_relics":[{"not_picked":["Fusion Hammer","Astrolabe"],"picked":"Velvet Choker"}],"items_purged_floors":[3],"is_endless":false,"potions_floor_spawned":[1,6,12,21],"killed_by":"Slavers","ascension_level":0}