{"gold_per_floor":[110,36,36,36,56,56,66,66,66,99,110,110,110,37,37,137,137,150,150,165,90,101,101,101,119,119,119,119],"floor_reached":28,"playtime":1985,"items_purged":["Gash"],"score":216,"play_id":"572c7f40-7756-4d8a-b2cc-439a9d6356f9","local_time":"20190322141302","is_ascension_mode":false,"campfire_choices":[{"data":"Capacitor","floor":8,"key":"SMITH"},{"floor":15,"key":"REST"},{"data":"Machine Learning","floor":23,"key":"SMITH"},{"floor":27,"key":"REST"}],"neow_cost":"NONE","seed_source_timestamp":402649392946500,"circlet_count":0,"master_deck":["Strike_B","Strike_B+1","Defend_B+1","Defend_B","Defend_B","Defend_B","Zap","Dualcast","Streamline+1","Capacitor+1","Scrape+1","Coolheaded","Machine Learning+1","Glacier","BootSequence","Biased Cognition","Chill+1","Barrage","Stack+1","Redo"],"relics":["Cracked Core","NeowsBlessing","FossilizedHelix","Lantern","Matryoshka","Snecko Eye","Whetstone","Shuriken"],"potions_floor_usage":[],"damage_taken":[{"damage":0,"enemies":"Cultist","floor":1,"turns":1},{"damage":0,"enemies":"Small Slimes","floor":5,"turns":1},{"damage":0,"enemies":"2 Louse","floor":7,"turns":1},{"damage":40,"enemies":"Gremlin Nob","floor":10,"turns":5},{"damage":3,"enemies":"Lots of Slimes","floor":11,"turns":4},{"damage":12,"enemies":"Hexaghost","floor":16,"turns":11},{"damage":0,"enemies":"Spheric Guardian","floor":18,"turns":6},{"damage":0,"enemies":"2 Thieves","floor":20,"turns":4},{"damage":0,"enemies":"Snake Plant","floor":22,"turns":5},{"damage":0,"enemies":"Sentry and Sphere","floor":25,"turns":6},{"damage":81,"enemies":"Gremlin Leader","floor":28,"turns":8}],"seed_played":"-1223144498371897315","potions_obtained":[{"floor":16,"key":"Poison Potion"},{"floor":22,"key":"GamblersBrew"}],"is_trial":false,"path_per_floor":["M","$","?","?","M","?","M","R","T","E","M","?","T","$","R","B",null,"M","?","M","$","M","R","?","M","T","R","E"],"character_chosen":"DEFECT","items_purchased":["Capacitor","BootSequence"],"campfire_rested":2,"item_purchase_floors":[2,14],"current_hp_per_floor":[75,75,75,60,60,60,60,60,60,20,17,17,17,17,39,27,75,75,75,75,75,75,75,61,61,61,80,0],"gold":119,"neow_bonus":"THREE_ENEMY_KILL","is_prod":false,"is_daily":false,"chose_seed":false,"campfire_upgraded":2,"win_rate":0.0,"timestamp":1553278382,"path_taken":["M","$","?","?","M","?","M","R","T","E","?","?","?","?","R","BOSS","M","?","M","?","?","R","?","M","T","R","E"],"build_version":"2019-01-23","purchased_purges":1,"victory":false,"max_hp_per_floor":[75,75,75,75,75,75,75,75,75,75,75,75,75,75,75,75,75,75,75,75,75,75,75,80,80,80,80,80],"card_choices":[{"not_picked":["Melter","Steam"],"picked":"Streamline","floor":1},{"not_picked":["Compile Driver","Go for the Eyes"],"picked":"Gash","floor":5},{"not_picked":["Sweeping Beam","Hologram"],"picked":"Coolheaded","floor":7},{"not_picked":["Stack","Multi-Cast"],"picked":"Machine Learning","floor":10},{"not_picked":["Steam","Streamline"],"picked":"Glacier","floor":11},{"not_picked":["Machine Learning","Amplify"],"picked":"Biased Cognition","floor":16},{"not_picked":["Sweeping Beam","Stack"],"picked":"Chill+1","floor":18},{"not_picked":["Force Field","Melter"],"picked":"Barrage","floor":20},{"not_picked":["Ball Lightning","Redo"],"picked":"Stack+1","floor":22},{"not_picked":["Reprogram","Hologram"],"picked":"Redo","floor":25}],"player_experience":146362,"relics_obtained":[{"floor":9,"key":"FossilizedHelix"},{"floor":10,"key":"Lantern"},{"floor":13,"key":"Matryoshka"},{"floor":26,"key":"Whetstone"},{"floor":26,"key":"Shuriken"}],"event_choices":[{"damage_healed":0,"gold_gain":0,"player_choice":"Leave","damage_taken":0,"max_hp_gain":0,"max_hp_loss":0,"event_name":"The Cleric","floor":3,"gold_loss":0},{"damage_healed":0,"gold_gain":0,"player_choice":"Entered Light","damage_taken":15,"max_hp_gain":0,"max_hp_loss":0,"event_name":"Shining Light","floor":4,"gold_loss":0,"cards_upgraded":["Defend_B","Streamline"]},{"damage_healed":0,"gold_gain":0,"cards_transformed":["Strike_B"],"player_choice":"Transformed","damage_taken":0,"max_hp_gain":0,"max_hp_loss":0,"event_name":"Transmorgrifier","floor":6,"gold_loss":0,"cards_obtained":["Scrape"]},{"cards_removed":["Strike_B"],"damage_healed":0,"gold_gain":0,"player_choice":"Forget","damage_taken":0,"max_hp_gain":0,"max_hp_loss":0,"event_name":"Living Wall","floor":12,"gold_loss":0},{"damage_healed":0,"gold_gain":0,"player_choice":"Ignored","damage_taken":0,"max_hp_gain":0,"max_hp_loss":0,"event_name":"NoteForYourself","floor":19,"gold_loss":0},{"damage_healed":0,"gold_gain":0,"player_choice":"Shed Blood","damage_taken":19,"max_hp_gain":5,"max_hp_loss":0,"event_name":"Forgotten Altar","floor":24,"gold_loss":0}],"is_beta":false,"boss_relics":[{"not_picked":["Sozu","Orrery"],"picked":"Snecko Eye"}],"items_purged_floors":[21],"is_endless":false,"potions_floor_spawned":[16,22],"killed_by":"Gremlin Leader","ascension_level":0}