{"gold_per_floor":[112,112,123,12,22,22,38,38,109,109,142,142,142,177,177,297,297,317,317,50,4,23,23,38,58,58,77,77,97,97,97,97,220,220,239,239,263,263,288,288,31,31,31,31,47,47,47,65,65,65],"floor_reached":51,"playtime":3895,"items_purged":["Normality","Defend_R","Strike_R"],"score":630,"play_id":"4914002d-acef-4301-b1d0-c27f0607700d","local_time":"20190811143935","is_ascension_mode":false,"campfire_choices":[{"data":"Whirlwind","floor":6,"key":"SMITH"},{"data":"Inflame","floor":10,"key":"SMITH"},{"floor":13,"key":"REST"},{"data":"Armaments","floor":15,"key":"SMITH"},{"data":"Armaments","floor":23,"key":"SMITH"},{"data":"Demon Form","floor":28,"key":"SMITH"},{"data":"Offering","floor":32,"key":"SMITH"},{"data":"Inflame","floor":40,"key":"SMITH"},{"data":"Shrug It Off","floor":42,"key":"SMITH"},{"data":"Iron Wave","floor":44,"key":"SMITH"},{"data":"Iron Wave","floor":46,"key":"SMITH"},{"data":"Rage","floor":49,"key":"SMITH"}],"neow_cost":"CURSE","seed_source_timestamp":824224859933941,"circlet_count":0,"master_deck":["Strike_R","Strike_R","Strike_R","Defend_R","Defend_R","Defend_R","Bash","Offering+1","Spot Weakness+1","Iron Wave+1","Whirlwind+1","Rage+1","Inflame+1","Armaments+1","Armaments+1","Demon Form+1","Anger","Evolve","Swift Strike","Iron Wave+1","Burning Pact","Shrug It Off+1","Armaments+1","Bloodletting+1","Inflame+1","Shrug It Off+1","Inflame+1","Power Through+1","Discovery+1","Heavy Blade+1"],"relics":["Burning Blood","Kunai","Centennial Puzzle","Golden Idol","Charon\u0027s Ashes","Eternal Feather","Toxic Egg 2","Pantograph","Mark of Pain","Self Forming Clay"],"potions_floor_usage":[14,50,50,50],"damage_taken":[{"damage":12,"enemies":"Jaw Worm","floor":1,"turns":3},{"damage":6,"enemies":"Cultist","floor":3,"turns":4},{"damage":6,"enemies":"Small Slimes","floor":5,"turns":2},{"damage":24,"enemies":"Exordium Thugs","floor":7,"turns":4},{"damage":6,"enemies":"Gremlin Nob","floor":11,"turns":3},{"damage":24,"enemies":"Lagavulin","floor":14,"turns":5},{"damage":9,"enemies":"Slime Boss","floor":16,"turns":7},{"damage":22,"enemies":"Spheric Guardian","floor":18,"turns":4},{"damage":4,"enemies":"3 Byrds","floor":22,"turns":3},{"damage":20,"enemies":"Shelled Parasite and Fungi","floor":24,"turns":5},{"damage":20,"enemies":"Centurion and Healer","floor":25,"turns":8},{"damage":6,"enemies":"Sentry and Sphere","floor":27,"turns":4},{"damage":18,"enemies":"Chosen and Byrds","floor":29,"turns":6},{"damage":76,"enemies":"Collector","floor":33,"turns":10},{"damage":3,"enemies":"3 Shapes","floor":35,"turns":8},{"damage":19,"enemies":"3 Darklings","floor":37,"turns":3},{"damage":32,"enemies":"Jaw Worm Horde","floor":39,"turns":2},{"damage":10,"enemies":"4 Shapes","floor":45,"turns":5},{"damage":31,"enemies":"3 Darklings","floor":48,"turns":5},{"damage":42,"enemies":"Donu and Deca","floor":50,"turns":7}],"seed_played":"-3120832507917170393","potions_obtained":[{"floor":1,"key":"EssenceOfSteel"},{"floor":3,"key":"Fruit Juice"},{"floor":7,"key":"Fire Potion"},{"floor":14,"key":"Block Potion"}],"is_trial":false,"path_per_floor":["M","?","M","$","M","R","M","?","T","R","E","?","R","E","R","B",null,"M","?","$","$","M","R","M","M","T","M","R","M","?","T","R","B",null,"M","?","M","?","M","R","$","R","T","R","M","R","$","M","R","B",null],"character_chosen":"IRONCLAD","items_purchased":["Whirlwind","Evolve","Swift Strike","Iron Wave","Power Through+1","Discovery+1"],"campfire_rested":1,"item_purchase_floors":[4,20,20,21,41,41],"current_hp_per_floor":[74,74,74,74,74,74,56,61,61,61,61,40,65,52,52,49,90,74,90,90,90,90,90,76,62,62,62,77,65,65,65,80,20,90,90,90,77,77,51,66,66,81,81,90,86,90,90,65,83,54],"gold":65,"neow_bonus":"THREE_RARE_CARDS","is_prod":false,"is_daily":false,"chose_seed":false,"campfire_upgraded":11,"win_rate":0,"timestamp":1565527175,"path_taken":["M","?","M","?","?","R","M","?","T","R","E","?","R","E","R","BOSS","M","?","?","$","M","R","M","M","T","M","R","M","?","?","R","BOSS","M","?","M","?","?","R","$","R","T","R","M","R","?","?","R","BOSS"],"build_version":"2019-07-17","purchased_purges":3,"victory":true,"max_hp_per_floor":[80,80,80,80,80,80,80,85,85,85,85,85,85,90,90,90,90,90,90,90,90,90,90,90,90,90,90,90,90,90,90,90,90,90,90,90,90,90,90,90,90,90,90,90,90,90,90,90,90,90],"card_choices":[{"not_picked":["Immolate","Brutality"],"picked":"Offering","floor":0},{"not_picked":["Pommel Strike","Second Wind"],"picked":"Spot Weakness","floor":1},{"not_picked":["Rupture","Heavy Blade"],"picked":"Iron Wave","floor":3},{"not_picked":["Body Slam","True Grit"],"picked":"Rage","floor":5},{"not_picked":["Sword Boomerang","Thunderclap"],"picked":"Inflame","floor":7},{"not_picked":["Shockwave","Exhume"],"picked":"Armaments","floor":11},{"not_picked":["Thunderclap","Fire Breathing"],"picked":"Armaments","floor":14},{"not_picked":["Bludgeon","Exhume"],"picked":"Demon Form","floor":16},{"not_picked":["Armaments","Intimidate"],"picked":"Anger","floor":18},{"not_picked":["Reckless Charge","Flex"],"picked":"Burning Pact","floor":22},{"not_picked":["Clash+1","Clothesline"],"picked":"Shrug It Off","floor":24},{"not_picked":["Headbutt","Dual Wield","Uppercut"],"picked":"SKIP","floor":25},{"not_picked":["Warcry+1","Anger"],"picked":"Armaments+1","floor":27},{"not_picked":["Immolate","Armaments+1","Clash"],"picked":"SKIP","floor":29},{"not_picked":["Armaments+1","Twin Strike"],"picked":"Inflame","floor":35},{"not_picked":["Armaments+1","Twin Strike+1"],"picked":"Shrug It Off+1","floor":37},{"not_picked":["Flex+1","Anger"],"picked":"Inflame+1","floor":39},{"not_picked":["Wild Strike","Clothesline","Sever Soul"],"picked":"SKIP","floor":45},{"not_picked":["Perfected Strike+1","Sever Soul+1"],"picked":"Heavy Blade+1","floor":48}],"player_experience":249615,"relics_obtained":[{"floor":9,"key":"Kunai"},{"floor":11,"key":"Centennial Puzzle"},{"floor":14,"key":"Charon\u0027s Ashes"},{"floor":26,"key":"Toxic Egg 2"},{"floor":31,"key":"Pantograph"},{"floor":43,"key":"Self Forming Clay"}],"event_choices":[{"damage_healed":0,"gold_gain":0,"player_choice":"Upgraded","damage_taken":0,"max_hp_gain":0,"max_hp_loss":0,"event_name":"Upgrade Shrine","floor":2,"gold_loss":0,"cards_upgraded":["Spot Weakness"]},{"damage_healed":0,"gold_gain":0,"player_choice":"Donut","damage_taken":0,"max_hp_gain":5,"max_hp_loss":0,"event_name":"Big Fish","floor":8,"gold_loss":0},{"damage_healed":0,"gold_gain":0,"player_choice":"Take Damage","damage_taken":21,"relics_obtained":["Golden Idol"],"max_hp_gain":0,"max_hp_loss":0,"event_name":"Golden Idol","floor":12,"gold_loss":0},{"damage_healed":16,"gold_gain":0,"player_choice":"Full Heal","damage_taken":0,"max_hp_gain":0,"max_hp_loss":0,"event_name":"Wheel of Change","floor":19,"gold_loss":0},{"damage_healed":0,"gold_gain":0,"player_choice":"Read","damage_taken":0,"max_hp_gain":0,"max_hp_loss":0,"event_name":"The Library","floor":30,"gold_loss":0,"cards_obtained":["Bloodletting"]},{"cards_removed":["Strike_R"],"damage_healed":0,"gold_gain":0,"player_choice":"Removed Attack","damage_taken":0,"max_hp_gain":0,"max_hp_loss":0,"event_name":"Falling","floor":36,"gold_loss":0},{"damage_healed":0,"gold_gain":0,"player_choice":"Ignored","damage_taken":0,"max_hp_gain":0,"max_hp_loss":0,"event_name":"Tomb of Lord Red Mask","floor":38,"gold_loss":0}],"is_beta":false,"boss_relics":[{"not_picked":["Lizard Tail","Velvet Choker"],"picked":"Eternal Feather"},{"not_picked":["Tiny House","Fusion Hammer"],"picked":"Mark of Pain"}],"items_purged_floors":[4,20,41],"is_endless":false,"potions_floor_spawned":[1,3,7,14,18,24,29,37,39],"ascension_level":0}