{"gold_per_floor":[115,43,59,77,91,91,120,120,120,120,137,137,156,167,167,167],"floor_reached":16,"playtime":5071,"items_purged":[],"score":104,"play_id":"d03fe9c9-916a-4ba1-aaa4-d426c625ba2e","local_time":"20190713135636","is_ascension_mode":false,"campfire_choices":[{"data":"Neutralize","floor":6,"key":"SMITH"},{"floor":8,"key":"REST"},{"floor":15,"key":"REST"}],"neow_cost":"NONE","seed_source_timestamp":213853031440545,"circlet_count":0,"master_deck":["Strike_G","Strike_G","Strike_G","Strike_G","Strike_G","Defend_G","Defend_G","Defend_G","Defend_G","Defend_G","Survivor","Neutralize+1","Heel Hook","Deadly Poison","Crippling Poison","Bane","Masterful Stab","Heel Hook","Acrobatics","Malaise"],"relics":["Ring of the Snake","Singing Bowl","Matryoshka","Oddly Smooth Stone"],"potions_floor_usage":[],"damage_taken":[{"damage":0,"enemies":"Cultist","floor":1,"turns":5},{"damage":0,"enemies":"Small Slimes","floor":3,"turns":6},{"damage":0,"enemies":"2 Louse","floor":4,"turns":4},{"damage":12,"enemies":"Gremlin Gang","floor":5,"turns":8},{"damage":28,"enemies":"Gremlin Nob","floor":7,"turns":5},{"damage":9,"enemies":"Blue Slaver","floor":11,"turns":4},{"damage":9,"enemies":"3 Louse","floor":13,"turns":4},{"damage":3,"enemies":"2 Fungi Beasts","floor":14,"turns":3},{"damage":73,"enemies":"Slime Boss","floor":16,"turns":12}],"seed_played":"7201564570619098079","potions_obtained":[{"floor":1,"key":"Weak Potion"},{"floor":7,"key":"SpeedPotion"},{"floor":14,"key":"Energy Potion"}],"is_trial":false,"path_per_floor":["M","$","M","M","M","R","E","R","T","$","M","?","M","M","R","B"],"character_chosen":"THE_SILENT","items_purchased":["LiquidBronze"],"campfire_rested":2,"item_purchase_floors":[2],"current_hp_per_floor":[77,77,77,77,65,65,37,60,60,60,51,51,42,39,62,0],"gold":167,"neow_bonus":"TEN_PERCENT_HP_BONUS","is_prod":false,"is_daily":false,"chose_seed":false,"campfire_upgraded":1,"win_rate":0,"timestamp":1563040596,"path_taken":["M","$","?","?","M","R","E","R","T","$","M","?","M","M","R","BOSS"],"build_version":"2019-07-05","purchased_purges":0,"victory":false,"max_hp_per_floor":[77,77,77,77,77,77,77,77,77,77,77,77,77,77,77,77],"card_choices":[{"not_picked":["Flechettes","Underhanded Strike"],"picked":"Heel Hook","floor":1},{"not_picked":["Riddle With Holes","Deflect"],"picked":"Deadly Poison","floor":3},{"not_picked":["Cloak And Dagger","Endless Agony"],"picked":"Crippling Poison","floor":4},{"not_picked":["Expertise","All Out Attack"],"picked":"Bane","floor":5},{"not_picked":["Terror","Riddle With Holes"],"picked":"Masterful Stab","floor":7},{"not_picked":["Concentrate","Predator"],"picked":"Heel Hook","floor":11},{"not_picked":["Dodge and Roll","Accuracy"],"picked":"Acrobatics","floor":13},{"not_picked":["Quick Slash","Accuracy"],"picked":"Malaise","floor":14}],"player_experience":2455971,"relics_obtained":[{"floor":7,"key":"Singing Bowl"},{"floor":9,"key":"Matryoshka"}],"event_choices":[{"damage_healed":0,"gold_gain":0,"player_choice":"Gave Potion","damage_taken":0,"relics_obtained":["Oddly Smooth Stone"],"max_hp_gain":0,"max_hp_loss":0,"event_name":"WeMeetAgain","floor":12,"gold_loss":0}],"is_beta":false,"boss_relics":[],"items_purged_floors":[],"is_endless":false,"potions_floor_spawned":[1,7,11,14],"killed_by":"Slime Boss","ascension_level":0}