{"gold_per_floor":[114,124,299,299,299,334,334,348,348,378,400,440,452,483,495,507],"floor_reached":16,"playtime":1015,"items_purged":[],"score":144,"play_id":"38936a3f-b174-472a-bd9e-e1c8abcd7589","local_time":"20190810173747","is_ascension_mode":true,"campfire_choices":[{"floor":7,"key":"REST"},{"floor":13,"key":"REST"},{"data":"Pain","floor":15,"key":"PURGE"}],"neow_cost":"NONE","seed_source_timestamp":2144694590920300,"circlet_count":0,"master_deck":["Strike_G","Strike_G","Strike_G","Strike_G","Strike_G","Defend_G","Defend_G","Defend_G","Defend_G","Defend_G","Survivor","Neutralize","Well Laid Plans","Bouncing Flask","Doubt","Regret","Adrenaline","Accuracy","After Image","Backflip"],"relics":["Fusion Hammer","Shuriken","WarpedTongs","Matryoshka","Orichalcum","Unceasing Top","MawBank","Peace Pipe"],"potions_floor_usage":[12,12],"damage_taken":[{"damage":0,"enemies":"Small Slimes","floor":1,"turns":3},{"damage":1,"enemies":"Cultist","floor":2,"turns":5},{"damage":23,"enemies":"Lagavulin","floor":6,"turns":8},{"damage":5,"enemies":"Jaw Worm","floor":8,"turns":3},{"damage":26,"enemies":"Gremlin Nob","floor":10,"turns":5},{"damage":11,"enemies":"Blue Slaver","floor":11,"turns":5},{"damage":18,"enemies":"3 Sentries","floor":12,"turns":6},{"damage":7,"enemies":"2 Fungi Beasts","floor":14,"turns":4},{"damage":32,"enemies":"The Guardian","floor":16,"turns":2}],"seed_played":"-3940676544445776070","potions_obtained":[{"floor":6,"key":"PowerPotion"},{"floor":10,"key":"FearPotion"},{"floor":14,"key":"Explosive Potion"}],"is_trial":false,"path_per_floor":["M","M","?","?","?","E","R","M","T","E","M","E","R","M","R","B"],"character_chosen":"THE_SILENT","items_purchased":[],"campfire_rested":2,"item_purchase_floors":[],"current_hp_per_floor":[70,69,69,69,69,46,67,62,62,36,25,7,28,21,21,0],"gold":507,"neow_bonus":"BOSS_RELIC","is_prod":false,"is_daily":false,"chose_seed":false,"campfire_upgraded":0,"win_rate":0,"timestamp":1565447867,"path_taken":["M","M","?","?","?","E","R","?","T","E","M","E","R","M","R","BOSS"],"build_version":"2019-07-17","purchased_purges":0,"victory":false,"max_hp_per_floor":[70,70,70,70,70,70,70,70,70,70,70,70,70,70,70,70],"card_choices":[{"not_picked":["Outmaneuver","Bane"],"picked":"Well Laid Plans","floor":1},{"not_picked":["Blade Dance","Prepared"],"picked":"Bouncing Flask","floor":2},{"not_picked":["Deflect","Slice"],"picked":"Adrenaline","floor":6},{"not_picked":["Flying Knee","Deadly Poison","Quick Slash"],"picked":"SKIP","floor":8},{"not_picked":["Underhanded Strike","Outmaneuver"],"picked":"Accuracy","floor":10},{"not_picked":["Dodge and Roll","Slice","Dagger Spray"],"picked":"SKIP","floor":11},{"not_picked":["Dodge and Roll","Poisoned Stab"],"picked":"After Image","floor":12},{"not_picked":["Poisoned Stab","Acrobatics"],"picked":"Backflip","floor":14}],"player_experience":128077,"relics_obtained":[{"floor":6,"key":"Matryoshka"},{"floor":9,"key":"Orichalcum"},{"floor":9,"key":"Unceasing Top"},{"floor":10,"key":"MawBank"},{"floor":12,"key":"Peace Pipe"}],"event_choices":[{"damage_healed":0,"gold_gain":175,"player_choice":"AGREE","damage_taken":0,"max_hp_gain":0,"max_hp_loss":0,"event_name":"Liars Game","floor":3,"gold_loss":0,"cards_obtained":["Doubt"]},{"damage_healed":0,"gold_gain":0,"player_choice":"Box","damage_taken":0,"relics_obtained":["Shuriken"],"max_hp_gain":0,"max_hp_loss":0,"event_name":"Big Fish","floor":4,"gold_loss":0,"cards_obtained":["Regret"]},{"damage_healed":0,"gold_gain":0,"player_choice":"Rummage","damage_taken":0,"relics_obtained":["WarpedTongs"],"max_hp_gain":0,"max_hp_loss":0,"event_name":"Accursed Blacksmith","floor":5,"gold_loss":0,"cards_obtained":["Pain"]}],"is_beta":false,"boss_relics":[],"items_purged_floors":[],"is_endless":false,"potions_floor_spawned":[6,10,14],"killed_by":"The Guardian","ascension_level":4}