{"gold_per_floor":[17,32,32,50,60,90,90,165,165,165,11,11,23,40,40,138,138,154,8,24,44,44,44,61,61,61,61,61,61,14,24,24,121,121,141,141,490,500,515,515,305,305,331,331,341,341,372,382,382,382,382,382,96,129,129],"floor_reached":56,"playtime":3733,"items_purged":["Self Repair"],"score":1127,"play_id":"509718e5-57b5-43ef-87e8-05732a841d74","local_time":"20190805015713","is_ascension_mode":false,"campfire_choices":[{"data":"Zap","floor":7,"key":"SMITH"},{"floor":12,"key":"REST"},{"data":"Go for the Eyes","floor":15,"key":"SMITH"},{"data":"Sweeping Beam","floor":23,"key":"SMITH"},{"data":"Loop","floor":25,"key":"SMITH"},{"floor":27,"key":"RECALL"},{"data":"Glacier","floor":32,"key":"SMITH"},{"data":"Biased Cognition","floor":40,"key":"SMITH"},{"data":"Stack","floor":44,"key":"SMITH"},{"data":"Echo Form","floor":46,"key":"SMITH"},{"floor":49,"key":"REST"},{"data":"Machine Learning","floor":52,"key":"SMITH"}],"neow_cost":"NO_GOLD","seed_source_timestamp":272033284342100,"circlet_count":0,"master_deck":["Strike_B","Strike_B","Strike_B","Strike_B+1","Defend_B","Defend_B+1","Defend_B+1","Defend_B+1","Zap+1","Dualcast","Genetic Algorithm","Go for the Eyes+1","Auto Shields+1","Cold Snap","Loop+1","Sunder+1","Leap","Machine Learning+1","Core Surge","Conserve Battery","Sweeping Beam+1","Seek","Undo+1","FTL","Defragment+1","Ball Lightning","Defragment+1","Ball Lightning+1","Glacier+1","Beam Cell","Echo Form+1","Go for the Eyes+1","Conserve Battery","Compile Driver+1","Static Discharge+1","Aggregate+1","Sweeping Beam+1","Biased Cognition+1","Stack+1","Jack Of All Trades","Hello World+1","FTL","Buffer","Glacier+1"],"relics":["Cracked Core","Prayer Wheel","Cables","Meat on the Bone","Velvet Choker","Art of War","Lizard Tail","Old Coin","Runic Capacitor","War Paint","Blue Candle","Whetstone","Vajra"],"potions_floor_usage":[33,37,38,48,55],"damage_taken":[{"damage":1,"enemies":"2 Louse","floor":1,"turns":3},{"damage":1,"enemies":"Cultist","floor":2,"turns":3},{"damage":0,"enemies":"Jaw Worm","floor":4,"turns":3},{"damage":5,"enemies":"2 Fungi Beasts","floor":5,"turns":4},{"damage":32,"enemies":"3 Sentries","floor":6,"turns":7},{"damage":0,"enemies":"Blue Slaver","floor":13,"turns":4},{"damage":1,"enemies":"Looter","floor":14,"turns":4},{"damage":14,"enemies":"Hexaghost","floor":16,"turns":15},{"damage":10,"enemies":"3 Byrds","floor":18,"turns":5},{"damage":0,"enemies":"Chosen","floor":20,"turns":6},{"damage":0,"enemies":"Snecko","floor":21,"turns":5},{"damage":0,"enemies":"Sentry and Sphere","floor":24,"turns":6},{"damage":0,"enemies":"Centurion and Healer","floor":31,"turns":7},{"damage":7,"enemies":"Collector","floor":33,"turns":10},{"damage":14,"enemies":"Orb Walker","floor":35,"turns":3},{"damage":0,"enemies":"2 Orb Walkers","floor":37,"turns":8},{"damage":1,"enemies":"3 Shapes","floor":38,"turns":4},{"damage":38,"enemies":"Jaw Worm Horde","floor":39,"turns":5},{"damage":20,"enemies":"Sphere and 2 Shapes","floor":45,"turns":5},{"damage":18,"enemies":"Nemesis","floor":47,"turns":7},{"damage":23,"enemies":"Writhing Mass","floor":48,"turns":6},{"damage":38,"enemies":"Awakened One","floor":50,"turns":14},{"damage":19,"enemies":"Shield and Spear","floor":54,"turns":8},{"damage":116,"enemies":"The Heart","floor":55,"turns":6}],"seed_played":"-3483144542297783707","potions_obtained":[{"floor":1,"key":"LiquidBronze"},{"floor":3,"key":"FocusPotion"},{"floor":3,"key":"FearPotion"},{"floor":33,"key":"SteroidPotion"},{"floor":37,"key":"Poison Potion"},{"floor":38,"key":"Poison Potion"},{"floor":54,"key":"SkillPotion"}],"is_trial":false,"path_per_floor":["M","M","?","M","M","E","R","?","T","?","$","R","M","M","R","B",null,"M","$","M","M","?","R","M","R","T","R","?","?","$","M","R","B",null,"M","?","?","M","M","R","$","?","T","R","M","R","E","M","R","B",null,"R","$","E","B",null],"character_chosen":"DEFECT","items_purchased":["Core Surge","Art of War","Beam Cell","Runic Capacitor","Whetstone","Buffer"],"campfire_rested":2,"item_purchase_floors":[11,19,30,41,53,53],"current_hp_per_floor":[74,73,73,73,68,36,36,25,25,10,10,32,44,43,43,48,75,72,72,75,75,75,75,75,75,75,75,75,75,75,75,75,68,75,68,68,68,74,55,55,55,55,55,55,61,61,50,46,68,49,75,75,75,56,16],"gold":129,"neow_bonus":"ONE_RARE_RELIC","is_prod":false,"is_daily":false,"chose_seed":false,"campfire_upgraded":9,"win_rate":0,"timestamp":1564984633,"path_taken":["M","M","?","?","M","E","R","?","T","?","?","R","M","M","R","BOSS","M","$","M","M","?","R","?","R","T","R","?","?","$","M","R","BOSS","M","?","?","M","M","R","$","?","T","R","?","R","E","M","R","BOSS","R","$","E","BOSS"],"build_version":"2019-07-17","purchased_purges":1,"victory":true,"max_hp_per_floor":[75,75,75,75,75,75,75,75,75,75,75,75,75,75,75,75,75,75,75,75,75,75,75,75,75,75,75,75,75,75,75,75,75,75,75,75,75,75,75,75,75,75,75,75,75,75,75,75,75,75,75,75,75,75,75],"card_choices":[{"not_picked":["Hologram","Barrage"],"picked":"Genetic Algorithm","floor":1},{"not_picked":["Redo","Ball Lightning"],"picked":"Go for the Eyes","floor":1},{"not_picked":["Tempest","Barrage"],"picked":"Auto Shields","floor":2},{"not_picked":["Barrage","Steam","Skim"],"picked":"SKIP","floor":2},{"not_picked":["Skim","Stack"],"picked":"Cold Snap","floor":4},{"not_picked":["Auto Shields","Stack"],"picked":"Loop","floor":4},{"not_picked":["Beam Cell","Leap"],"picked":"Sunder","floor":5},{"not_picked":["Scrape","Redo"],"picked":"Leap","floor":5},{"not_picked":["Barrage","Hologram"],"picked":"Machine Learning","floor":6},{"not_picked":["Beam Cell","Steam Power"],"picked":"Conserve Battery","floor":13},{"not_picked":["Darkness","Leap"],"picked":"Sweeping Beam","floor":13},{"not_picked":["Coolheaded","Redo"],"picked":"Self Repair","floor":14},{"not_picked":["Steam Power","Rebound","Melter"],"picked":"SKIP","floor":14},{"not_picked":["Machine Learning","Fission"],"picked":"Seek","floor":16},{"not_picked":["Gash","Storm","Hello World"],"picked":"SKIP","floor":18},{"not_picked":["Cold Snap","Reprogram","Sunder"],"picked":"SKIP","floor":18},{"not_picked":["BootSequence","Rebound"],"picked":"Undo+1","floor":20},{"not_picked":["Gash","Streamline"],"picked":"FTL","floor":20},{"not_picked":["Beam Cell","Scrape+1"],"picked":"Defragment+1","floor":21},{"not_picked":["Compile Driver","Steam Power"],"picked":"Ball Lightning","floor":21},{"not_picked":["Cold Snap","Biased Cognition"],"picked":"Ball Lightning+1","floor":24},{"not_picked":["Sunder+1","Leap","Reprogram"],"picked":"SKIP","floor":24},{"not_picked":["Cold Snap","Leap","Undo"],"picked":"SKIP","floor":31},{"not_picked":["Recycle+1","Genetic Algorithm","Barrage"],"picked":"SKIP","floor":31},{"not_picked":["Amplify","Buffer"],"picked":"Echo Form","floor":33},{"not_picked":["Rebound+1","Force Field"],"picked":"Go for the Eyes+1","floor":35},{"not_picked":["Gash","Force Field+1"],"picked":"Conserve Battery","floor":35},{"not_picked":["Cold Snap","Sweeping Beam+1"],"picked":"Compile Driver+1","floor":37},{"not_picked":["White Noise","Sweeping Beam"],"picked":"Static Discharge+1","floor":38},{"not_picked":["Streamline","Reinforced Body"],"picked":"Aggregate+1","floor":38},{"not_picked":["Rebound","BootSequence"],"picked":"Sweeping Beam+1","floor":39},{"not_picked":["Gash+1","Sweeping Beam"],"picked":"Biased Cognition","floor":39},{"not_picked":["Conserve Battery","Go for the Eyes"],"picked":"Hello World+1","floor":45},{"not_picked":["Rebound+1","Tempest"],"picked":"FTL","floor":45},{"not_picked":["Compile Driver","Hologram","Scrape+1"],"picked":"SKIP","floor":47},{"not_picked":["Turbo+1","Barrage","Go for the Eyes"],"picked":"SKIP","floor":48},{"not_picked":["Stack+1","Compile Driver+1","Auto Shields"],"picked":"SKIP","floor":48},{"not_picked":["Rebound+1","Coolheaded"],"picked":"Glacier+1","floor":54}],"player_experience":353940,"relics_obtained":[{"floor":6,"key":"Cables"},{"floor":9,"key":"Meat on the Bone"},{"floor":37,"key":"Old Coin"},{"floor":43,"key":"War Paint"},{"floor":47,"key":"Blue Candle"},{"floor":54,"key":"Vajra"}],"event_choices":[{"damage_healed":0,"gold_gain":0,"player_choice":"Got Potions","damage_taken":0,"max_hp_gain":0,"max_hp_loss":0,"event_name":"Lab","floor":3,"gold_loss":0},{"damage_healed":0,"gold_gain":75,"player_choice":"Gather Gold","damage_taken":11,"max_hp_gain":0,"max_hp_loss":0,"event_name":"World of Goop","floor":8,"gold_loss":0},{"damage_healed":0,"gold_gain":0,"player_choice":"Entered Light","damage_taken":15,"max_hp_gain":0,"max_hp_loss":0,"event_name":"Shining Light","floor":10,"gold_loss":0,"cards_upgraded":["Auto Shields","Defend_B"]},{"damage_healed":0,"gold_gain":0,"player_choice":"Copied","damage_taken":0,"max_hp_gain":0,"max_hp_loss":0,"event_name":"Duplicator","floor":22,"gold_loss":0,"cards_obtained":["Defragment"]},{"damage_healed":0,"gold_gain":0,"player_choice":"Read","damage_taken":0,"max_hp_gain":0,"max_hp_loss":0,"event_name":"The Library","floor":28,"gold_loss":0,"cards_obtained":["Glacier"]},{"damage_healed":0,"gold_gain":0,"player_choice":"Ignored","damage_taken":0,"max_hp_gain":0,"max_hp_loss":0,"event_name":"Ghosts","floor":29,"gold_loss":0},{"damage_healed":0,"gold_gain":0,"player_choice":"Ignored","damage_taken":0,"max_hp_gain":0,"max_hp_loss":0,"event_name":"Tomb of Lord Red Mask","floor":36,"gold_loss":0},{"damage_healed":0,"gold_gain":0,"player_choice":"Fight","damage_taken":0,"max_hp_gain":0,"max_hp_loss":0,"event_name":"Mysterious Sphere","floor":37,"gold_loss":0},{"damage_healed":0,"gold_gain":0,"player_choice":"2 cards matched","damage_taken":0,"max_hp_gain":0,"max_hp_loss":0,"event_name":"Match and Keep!","floor":42,"gold_loss":0,"cards_obtained":["Stack","Jack Of All Trades"]}],"is_beta":false,"boss_relics":[{"not_picked":["Philosopher\u0027s Stone","Black Star"],"picked":"Velvet Choker"},{"not_picked":["Orrery","Pandora\u0027s Box"],"picked":"Lizard Tail"}],"items_purged_floors":[53],"is_endless":false,"potions_floor_spawned":[1,13,14,16,18,31,33,37,38,39,54],"ascension_level":0}