{"gold_per_floor":[115,132,132,57,132,132,164,164,189,90,90,103,103,115,115,218,218,228,228,239,95,95,95,114,114,114,53,53,67,67,86,86,86],"floor_reached":33,"playtime":2749,"items_purged":["Regret","Bash","Decay","Writhe"],"score":243,"play_id":"3c455a3e-123b-499c-b133-1d619f57bad4","local_time":"20190716232605","is_ascension_mode":false,"campfire_choices":[{"data":"True Grit","floor":6,"key":"SMITH"},{"data":"Uppercut","floor":8,"key":"SMITH"},{"floor":13,"key":"REST"},{"data":"Barricade","floor":15,"key":"SMITH"},{"data":"RitualDagger","floor":23,"key":"SMITH"},{"data":"Feel No Pain","floor":32,"key":"SMITH"}],"neow_cost":"NONE","seed_source_timestamp":301858529501500,"circlet_count":0,"master_deck":["Strike_R","Strike_R","Strike_R","Strike_R","Strike_R","Defend_R","Defend_R","Defend_R","Defend_R","Barricade+1","Uppercut+1","True Grit+1","Pommel Strike","Immolate","Dark Embrace","Shrug It Off","Feel No Pain+1","Dramatic Entrance","RitualDagger+1","True Grit","Body Slam+1"],"relics":["Burning Blood","Matryoshka","Smiling Mask","Red Skull","Lantern","Orichalcum","Sozu","Mango","Blue Candle","MawBank"],"potions_floor_usage":[14,33,33],"damage_taken":[{"damage":6,"enemies":"Cultist","floor":1,"turns":4},{"damage":10,"enemies":"2 Louse","floor":2,"turns":3},{"damage":42,"enemies":"3 Sentries","floor":7,"turns":13},{"damage":0,"enemies":"Small Slimes","floor":12,"turns":2},{"damage":1,"enemies":"Exordium Wildlife","floor":14,"turns":3},{"damage":11,"enemies":"The Guardian","floor":16,"turns":15},{"damage":11,"enemies":"Shell Parasite","floor":18,"turns":9},{"damage":17,"enemies":"3 Byrds","floor":20,"turns":7},{"damage":20,"enemies":"Centurion and Healer","floor":24,"turns":8},{"damage":6,"enemies":"Cultist and Chosen","floor":29,"turns":6},{"damage":13,"enemies":"3 Cultists","floor":31,"turns":6},{"damage":110,"enemies":"Automaton","floor":33,"turns":22}],"seed_played":"1959000089147183647","potions_obtained":[{"floor":7,"key":"Swift Potion"},{"floor":12,"key":"Ancient Potion"},{"floor":16,"key":"BloodPotion"}],"is_trial":false,"path_per_floor":["M","M","?","$","?","R","E","R","T","$","?","M","R","M","R","B",null,"M","?","M","$","?","R","M","?","T","$","?","M","?","M","R","B"],"character_chosen":"IRONCLAD","items_purchased":["Pommel Strike","Dramatic Entrance","True Grit"],"campfire_rested":1,"item_purchase_floors":[10,21,27],"current_hp_per_floor":[80,76,76,76,65,65,29,29,29,29,11,17,41,46,46,41,80,75,75,64,64,58,58,44,58,58,58,89,89,89,82,82,0],"gold":86,"neow_bonus":"ONE_RANDOM_RARE_CARD","is_prod":false,"is_daily":false,"chose_seed":false,"campfire_upgraded":5,"win_rate":0,"timestamp":1563333965,"path_taken":["M","?","?","$","?","R","E","R","T","$","?","?","R","M","R","BOSS","M","?","?","$","?","R","M","?","T","$","?","M","?","M","R","BOSS"],"build_version":"2019-07-05","purchased_purges":4,"victory":false,"max_hp_per_floor":[80,80,80,80,80,80,80,80,80,80,80,80,80,80,80,80,80,80,80,80,80,80,80,80,94,94,94,94,94,94,94,94,94],"card_choices":[{"not_picked":["Pommel Strike","Anger"],"picked":"Uppercut","floor":1},{"not_picked":["Hemokinesis","Body Slam"],"picked":"True Grit","floor":2},{"not_picked":["Anger","Rage","Sword Boomerang"],"picked":"SKIP","floor":7},{"not_picked":["Body Slam","Cleave","Clothesline"],"picked":"SKIP","floor":12},{"not_picked":["Warcry","Cleave"],"picked":"Immolate","floor":14},{"not_picked":["Offering","Juggernaut"],"picked":"Dark Embrace","floor":16},{"not_picked":["Clash","Body Slam"],"picked":"Shrug It Off","floor":18},{"not_picked":["Clash","Heavy Blade"],"picked":"Feel No Pain","floor":20},{"not_picked":["Iron Wave","Heavy Blade","Body Slam"],"picked":"SKIP","floor":29},{"not_picked":["Anger","Twin Strike+1"],"picked":"Body Slam+1","floor":31}],"player_experience":225970,"relics_obtained":[{"floor":7,"key":"Smiling Mask"},{"floor":9,"key":"Red Skull"},{"floor":9,"key":"Lantern"},{"floor":26,"key":"Blue Candle"},{"floor":26,"key":"MawBank"}],"event_choices":[{"damage_healed":0,"gold_gain":0,"player_choice":"Box","damage_taken":0,"relics_obtained":["Matryoshka"],"max_hp_gain":0,"max_hp_loss":0,"event_name":"Big Fish","floor":3,"gold_loss":0,"cards_obtained":["Regret"]},{"damage_healed":0,"gold_gain":75,"player_choice":"Gather Gold","damage_taken":11,"max_hp_gain":0,"max_hp_loss":0,"event_name":"World of Goop","floor":5,"gold_loss":0},{"damage_healed":0,"gold_gain":0,"player_choice":"Success","damage_taken":18,"relics_obtained":["Orichalcum"],"max_hp_gain":0,"max_hp_loss":0,"event_name":"Scrap Ooze","floor":11,"gold_loss":0},{"damage_healed":0,"gold_gain":0,"player_choice":"Cursed","damage_taken":0,"max_hp_gain":0,"max_hp_loss":0,"event_name":"Wheel of Change","floor":19,"gold_loss":0,"cards_obtained":["Decay"]},{"damage_healed":0,"gold_gain":0,"player_choice":"Joined the Cult","damage_taken":6,"max_hp_gain":0,"max_hp_loss":0,"event_name":"Nest","floor":22,"gold_loss":0,"cards_obtained":["RitualDagger"]},{"damage_healed":0,"gold_gain":0,"player_choice":"Opened","damage_taken":0,"relics_obtained":["Mango"],"max_hp_gain":0,"max_hp_loss":0,"event_name":"The Mausoleum","floor":25,"gold_loss":0,"cards_obtained":["Writhe"]},{"damage_healed":31,"gold_gain":0,"player_choice":"Heal","damage_taken":0,"max_hp_gain":0,"max_hp_loss":0,"event_name":"The Library","floor":28,"gold_loss":0},{"damage_healed":0,"gold_gain":0,"player_choice":"Ignored","damage_taken":0,"max_hp_gain":0,"max_hp_loss":0,"event_name":"Ghosts","floor":30,"gold_loss":0}],"is_beta":false,"boss_relics":[{"not_picked":["Runic Cube","Snecko Eye"],"picked":"Sozu"}],"items_purged_floors":[4,10,21,27],"is_endless":false,"potions_floor_spawned":[7,12,16,20,24,31],"killed_by":"Automaton","ascension_level":0}