{"gold_per_floor":[116,134,134,146,164,190,190,221,257,269,281,312,354,376,388,504,516,548,576,2,17,30,30,63,63,89,89,89,89,109,109,109,205,205,215,227,246,257,257,257,357,357,357,357,375,375,385,134,134,134],"floor_reached":50,"playtime":5740,"items_purged":["Defend_B","Defend_B"],"score":526,"play_id":"11ffdb8f-a579-4bfe-8489-c63d94454778","local_time":"20190812142219","is_ascension_mode":false,"campfire_choices":[{"data":"Biased Cognition","floor":7.0,"key":"SMITH"},{"data":"Defragment","floor":11.0,"key":"SMITH"},{"floor":15,"key":"REST"},{"data":"Fission","floor":23,"key":"SMITH"},{"data":"Coolheaded","floor":25,"key":"SMITH"},{"data":"Electrodynamics","floor":27,"key":"SMITH"},{"floor":32,"key":"REST"},{"data":"Biased Cognition","floor":40,"key":"SMITH"},{"data":"Skim","floor":42,"key":"SMITH"},{"data":"Reinforced Body","floor":44,"key":"SMITH"},{"data":"Darkness","floor":49,"key":"SMITH"}],"neow_cost":"NONE","seed_source_timestamp":0,"circlet_count":0,"master_deck":["Defend_B","Defend_B","Zap","Dualcast","Barrage","Cold Snap","Defragment+1","Skim+1","Biased Cognition+1","Barrage+1","Reprogram","Ball Lightning","Compile Driver","Cold Snap","Electrodynamics+1","Compile Driver","Self Repair+1","Fission+1","Enlightenment","Self Repair","Ball Lightning","Coolheaded+1","Sweeping Beam+1","Cold Snap","Reinforced Body+1","Storm","Bite","Bite","Bite","Bite","Bite","Biased Cognition+1","Genetic Algorithm+1","Compile Driver+1","Parasite","Go for the Eyes+1","Redo+1","Madness","Madness","Go for the Eyes","Madness","Good Instincts","Coolheaded+1","Storm","Darkness+1"],"special_seed":0,"relics":["Cracked Core","NeowsBlessing","Bronze Scales","MawBank","Whetstone","Sozu","Juzu Bracelet","Pen Nib","Nilry\u0027s Codex","Eternal Feather","Pear"],"potions_floor_usage":[14,37],"damage_taken":[{"damage":0.0,"enemies":"2 Louse","floor":1.0,"turns":1.0},{"damage":0.0,"enemies":"Small Slimes","floor":2.0,"turns":1.0},{"damage":0.0,"enemies":"Cultist","floor":4.0,"turns":1.0},{"damage":9.0,"enemies":"2 Fungi Beasts","floor":5.0,"turns":4.0},{"damage":8.0,"enemies":"3 Sentries","floor":6.0,"turns":10.0},{"damage":2.0,"enemies":"Lagavulin","floor":8.0,"turns":5.0},{"damage":9.0,"enemies":"Blue Slaver","floor":12.0,"turns":3.0},{"damage":0.0,"enemies":"Large Slime","floor":13.0,"turns":4.0},{"damage":0,"enemies":"Lots of Slimes","floor":14,"turns":1},{"damage":2,"enemies":"Slime Boss","floor":16,"turns":10},{"damage":4,"enemies":"Shell Parasite","floor":18,"turns":3},{"damage":8,"enemies":"3 Byrds","floor":19,"turns":2},{"damage":25,"enemies":"Snake Plant","floor":21,"turns":3},{"damage":0,"enemies":"Centurion and Healer","floor":22,"turns":4},{"damage":30,"enemies":"Book of Stabbing","floor":24,"turns":4},{"damage":10,"enemies":"Sentry and Sphere","floor":30,"turns":3},{"damage":43,"enemies":"Collector","floor":33,"turns":8},{"damage":13,"enemies":"Orb Walker","floor":35,"turns":3},{"damage":44,"enemies":"3 Darklings","floor":36,"turns":5},{"damage":15,"enemies":"Writhing Mass","floor":37,"turns":5},{"damage":14,"enemies":"Maw","floor":38,"turns":5},{"damage":24,"enemies":"Sphere and 2 Shapes","floor":45,"turns":5},{"damage":0,"enemies":"4 Shapes","floor":47,"turns":5},{"damage":121,"enemies":"Awakened One","floor":50,"turns":9}],"seed_played":"-4884538710697169936","potions_obtained":[{"floor":2.0,"key":"Dexterity Potion"},{"floor":5.0,"key":"Energy Potion"},{"floor":8.0,"key":"Explosive Potion"},{"floor":13,"key":"SpeedPotion"}],"is_trial":false,"path_per_floor":["M","M","?","M","M","E","R","E","T","?","R","M","M","M","R","B",null,"M","M","$","M","M","R","E","R","T","R","?","?","M","?","R","B",null,"M","M","M","M","?","R","?","R","T","R","M","?","M","$","R","B"],"character_chosen":"DEFECT","items_purchased":["Fission","Blood Vial","Enlightenment","Self Repair","Ball Lightning","Storm","Darkness"],"campfire_rested":2,"item_purchase_floors":[20,20,20,20,20,48,48],"current_hp_per_floor":[75,75,75,75,66,58,58,56,56,56,56,47,47,47,69,67,75,71,63,63,50,69,69,58,58,58,58,58,42,51,51,73,45,75,69,50,54,65,56,75,75,75,85,85,82,72,79,79,85,0],"gold":134,"neow_bonus":"THREE_ENEMY_KILL","is_prod":false,"is_daily":false,"chose_seed":false,"campfire_upgraded":9,"win_rate":0.0,"timestamp":1565634139,"path_taken":["M","M","?","M","M","E","R","E","T","?","R","M","M","M","R","BOSS","M","M","$","M","M","R","E","R","T","R","?","?","M","?","R","BOSS","M","M","M","M","?","R","?","R","T","R","M","?","M","$","R","BOSS"],"build_version":"2019-07-17","purchased_purges":2,"victory":false,"max_hp_per_floor":[75,75,75,75,75,75,75,75,75,75,75,75,75,75,75,75,75,75,75,75,75,75,75,75,75,75,75,75,75,75,75,75,75,75,75,75,75,75,75,75,75,75,85,85,85,85,85,85,85,85],"card_choices":[{"not_picked":["FTL","Go for the Eyes"],"picked":"Barrage","floor":1.0},{"not_picked":["Streamline","Sweeping Beam"],"picked":"Cold Snap","floor":2.0},{"not_picked":["FTL","Ball Lightning"],"picked":"Defragment","floor":4.0},{"not_picked":["Double Energy","Sweeping Beam"],"picked":"Skim","floor":5.0},{"not_picked":["Cold Snap","Buffer"],"picked":"Biased Cognition","floor":6.0},{"not_picked":["Sweeping Beam","Storm"],"picked":"Barrage","floor":8.0},{"not_picked":["Leap","Conserve Battery"],"picked":"Ball Lightning","floor":12.0},{"not_picked":["Redo","Leap"],"picked":"Compile Driver","floor":13},{"not_picked":["Steam","Chaos"],"picked":"Cold Snap","floor":14},{"not_picked":["Thunder Strike","Fission"],"picked":"Electrodynamics","floor":16},{"not_picked":["Beam Cell+1","Conserve Battery"],"picked":"Compile Driver","floor":18},{"not_picked":["Hello World","Steam Power"],"picked":"Self Repair+1","floor":19},{"not_picked":["Double Energy","Redo"],"picked":"Coolheaded","floor":21},{"not_picked":["BootSequence","Streamline+1"],"picked":"Sweeping Beam+1","floor":22},{"not_picked":["Leap+1","Multi-Cast"],"picked":"Cold Snap","floor":24},{"not_picked":["Hello World","Doom and Gloom+1"],"picked":"Storm","floor":30},{"not_picked":["Fission","All For One"],"picked":"Biased Cognition","floor":33},{"not_picked":["Stack+1","Capacitor"],"picked":"Genetic Algorithm+1","floor":35},{"not_picked":["Leap+1","Scrape+1"],"picked":"Compile Driver+1","floor":36},{"not_picked":["Streamline","Chaos+1"],"picked":"Go for the Eyes+1","floor":37},{"not_picked":["Beam Cell+1","Steam+1"],"picked":"Redo+1","floor":38},{"not_picked":["Sweeping Beam","Beam Cell+1"],"picked":"Go for the Eyes","floor":45},{"not_picked":["Magnetism","Violence"],"picked":"Madness","floor":46},{"not_picked":["Magnetism","Jack Of All Trades"],"picked":"Good Instincts","floor":46},{"not_picked":["Melter","Steam+1"],"picked":"Coolheaded+1","floor":47}],"player_experience":9103,"relics_obtained":[{"floor":6.0,"key":"Bronze Scales"},{"floor":8.0,"key":"MawBank"},{"floor":9.0,"key":"Whetstone"},{"floor":24,"key":"Juzu Bracelet"},{"floor":26,"key":"Pen Nib"},{"floor":29,"key":"Nilry\u0027s Codex"},{"floor":43,"key":"Pear"}],"event_choices":[{"cards_removed":["Strike_B"],"damage_healed":0.0,"max_hp_gain":0.0,"max_hp_loss":0.0,"gold_gain":0.0,"event_name":"Living Wall","player_choice":"Forget","floor":3.0,"gold_loss":0.0,"damage_taken":0.0},{"damage_healed":0.0,"max_hp_gain":0.0,"max_hp_loss":0.0,"gold_gain":0.0,"cards_transformed":["Strike_B"],"event_name":"Transmorgrifier","player_choice":"Transformed","floor":10.0,"gold_loss":0.0,"damage_taken":0.0,"cards_obtained":["Reprogram"]},{"damage_healed":0,"gold_gain":0,"player_choice":"Read","damage_taken":0,"max_hp_gain":0,"max_hp_loss":0,"event_name":"The Library","floor":28,"gold_loss":0,"cards_obtained":["Reinforced Body"]},{"damage_healed":0,"gold_gain":0,"player_choice":"Obtained Book","damage_taken":16,"max_hp_gain":0,"max_hp_loss":0,"event_name":"Cursed Tome","floor":29,"gold_loss":0},{"damage_healed":0,"gold_gain":0,"player_choice":"Became a vampire (Vial)","damage_taken":0,"max_hp_gain":0,"max_hp_loss":0,"event_name":"Vampires","floor":31,"relics_lost":["Blood Vial"],"gold_loss":0,"cards_obtained":["Bite","Bite","Bite","Bite","Bite"]},{"damage_healed":0,"gold_gain":0,"player_choice":"Embrace Madness","damage_taken":9,"max_hp_gain":0,"max_hp_loss":0,"event_name":"Winding Halls","floor":39,"gold_loss":0,"cards_obtained":["Madness","Madness"]},{"damage_healed":0,"gold_gain":100,"player_choice":"Pray","damage_taken":0,"max_hp_gain":0,"max_hp_loss":0,"event_name":"Golden Shrine","floor":41,"gold_loss":0},{"damage_healed":0,"gold_gain":0,"player_choice":"Memory 3","damage_taken":10,"max_hp_gain":0,"max_hp_loss":0,"event_name":"SensoryStone","floor":46,"gold_loss":0}],"is_beta":false,"boss_relics":[{"not_picked":["Ectoplasm","Snecko Eye"],"picked":"Sozu"},{"not_picked":["Inserter","Astrolabe"],"picked":"Eternal Feather"}],"items_purged_floors":[20,48],"is_endless":false,"potions_floor_spawned":[2,5,8,13,18,22,36,45,47],"killed_by":"Awakened One","ascension_level":0}