{"gold_per_floor":[119,50,61,136,148,148,173,173,173,193,225,245,245,43,43,146,146,161,260,294,209,232,263,263,289,289,289,317,317,349,375,387,499,511,550,562,590,105,117,174,174,188,233,264,486,540,572,591,591,591,591,591,126,155,155],"floor_reached":56,"playtime":8324,"items_purged":["Skewer","Parasite"],"score":1587,"play_id":"6e9375b4-b12b-4d4f-a3a8-cc37544653e9","local_time":"20190810001939","is_ascension_mode":true,"campfire_choices":[{"data":"Noxious Fumes","floor":6.0,"key":"SMITH"},{"data":"Die Die Die","floor":8.0,"key":"SMITH"},{"floor":13.0,"key":"REST"},{"data":"Footwork","floor":15.0,"key":"SMITH"},{"data":"Footwork","floor":24.0,"key":"SMITH"},{"floor":27.0,"key":"REST"},{"data":"Neutralize","floor":32.0,"key":"SMITH"},{"data":"Envenom","floor":41,"key":"SMITH"},{"floor":49,"key":"RECALL"},{"data":"Caltrops","floor":52,"key":"SMITH"}],"neow_cost":"TEN_PERCENT_HP_LOSS","seed_source_timestamp":0,"circlet_count":0,"master_deck":["Survivor","Neutralize+1","Cloak And Dagger","All Out Attack","Noxious Fumes+1","Acrobatics","Die Die Die+1","Footwork+1","Deflect","Adrenaline","Footwork+1","Heel Hook","Poisoned Stab","Slice","Escape Plan","Endless Agony","Cloak And Dagger","Dash","Expertise","Backstab","Well Laid Plans+1","Dodge and Roll","PiercingWail+1","Envenom+1","Dodge and Roll","Deflect+1","Backflip","Caltrops+1","PiercingWail","Outmaneuver+1","Noxious Fumes","Leg Sweep+1","Footwork+1","Impatience+1","Thinking Ahead+1"],"special_seed":0,"relics":["Ring of the Snake","Mango","Whetstone","Bottled Tornado","Happy Flower","ClockworkSouvenir","Pandora\u0027s Box","Red Mask","Dream Catcher","Regal Pillow","Bronze Scales","PreservedInsect","The Specimen","Juzu Bracelet","MawBank","Black Star","Membership Card","Snake Skull","Ninja Scroll","Torii","Tiny Chest","Singing Bowl","Sundial","Dead Branch","Prayer Wheel","Toxic Egg 2","Lantern","Art of War","Sling","Boot","Anchor"],"potions_floor_usage":[50,55,55],"damage_taken":[{"damage":7.0,"enemies":"Cultist","floor":1.0,"turns":6.0},{"damage":0.0,"enemies":"2 Louse","floor":3.0,"turns":2.0},{"damage":4.0,"enemies":"Small Slimes","floor":5.0,"turns":4.0},{"damage":15.0,"enemies":"Gremlin Nob","floor":7.0,"turns":4.0},{"damage":0.0,"enemies":"2 Fungi Beasts","floor":10.0,"turns":1.0},{"damage":17.0,"enemies":"3 Sentries","floor":11.0,"turns":5.0},{"damage":3.0,"enemies":"Large Slime","floor":12.0,"turns":4.0},{"damage":20.0,"enemies":"Slime Boss","floor":16.0,"turns":10.0},{"damage":11.0,"enemies":"Spheric Guardian","floor":18.0,"turns":5.0},{"damage":5.0,"enemies":"Masked Bandits","floor":20.0,"turns":4.0},{"damage":15.0,"enemies":"Gremlin Leader","floor":23.0,"turns":5.0},{"damage":11.0,"enemies":"Slavers","floor":25.0,"turns":5.0},{"damage":3.0,"enemies":"Gremlin Leader","floor":28.0,"turns":5.0},{"damage":0.0,"enemies":"Shell Parasite","floor":30.0,"turns":3.0},{"damage":3.0,"enemies":"Snake Plant","floor":31.0,"turns":4.0},{"damage":10.0,"enemies":"Automaton","floor":33.0,"turns":9.0},{"damage":0.0,"enemies":"3 Shapes","floor":35.0,"turns":3.0},{"damage":20,"enemies":"3 Darklings","floor":37,"turns":4},{"damage":4,"enemies":"4 Shapes","floor":39,"turns":3},{"damage":0,"enemies":"Giant Head","floor":40,"turns":7},{"damage":1,"enemies":"Spire Growth","floor":42,"turns":4},{"damage":10,"enemies":"Nemesis","floor":44,"turns":5},{"damage":21,"enemies":"2 Orb Walkers","floor":46,"turns":5},{"damage":0,"enemies":"Giant Head","floor":47,"turns":6},{"damage":9,"enemies":"Writhing Mass","floor":48,"turns":5},{"damage":1,"enemies":"Awakened One","floor":50,"turns":13},{"damage":0,"enemies":"Shield and Spear","floor":54,"turns":3},{"damage":10,"enemies":"The Heart","floor":55,"turns":8}],"seed_played":"-2819190074005464628","potions_obtained":[{"floor":1.0,"key":"EssenceOfSteel"},{"floor":3.0,"key":"AttackPotion"},{"floor":10.0,"key":"SkillPotion"},{"floor":16.0,"key":"SteroidPotion"},{"floor":18.0,"key":"Ancient Potion"},{"floor":28.0,"key":"GhostInAJar"},{"floor":40,"key":"SpeedPotion"},{"floor":48,"key":"GhostInAJar"}],"is_trial":false,"path_per_floor":["M","$","M","?","M","R","E","R","T","M","E","M","R","$","R","B",null,"M","?","?","?","T","E","R","E","T","R","E","?","M","M","R","B",null,"M","?","M","$","M","E","R","M","T","E","?","?","E","M","R","B",null,"R","$","E","B",null],"character_chosen":"THE_SILENT","items_purchased":["All Out Attack","ClockworkSouvenir","Membership Card","Snake Skull","Backflip","Caltrops","Ninja Scroll","PiercingWail","Lantern","Dexterity Potion","Art of War","Impatience+1","Thinking Ahead+1","Sling"],"campfire_rested":2,"item_purchase_floors":[2,14,38,38,38,38,38,38,53,53,53,53,53,53],"current_hp_per_floor":[70,70,70,59,55,55,40,40,40,40,23,20,43,43,43,23,77,66,66,61,61,61,46,46,35,35,73,70,70,70,67,67,57,77,77,77,57,57,53,53,53,52,52,42,42,21,23,16,16,15,81,81,78,80,70],"gold":155,"neow_bonus":"ONE_RARE_RELIC","is_prod":false,"is_daily":false,"chose_seed":false,"campfire_upgraded":7,"win_rate":0,"timestamp":1565385579,"path_taken":["M","?","M","?","M","R","E","R","T","M","E","M","R","$","R","BOSS","M","?","?","?","?","E","R","E","T","R","E","?","M","M","R","BOSS","M","?","M","$","M","E","R","M","T","E","?","?","E","M","R","BOSS","R","$","E","BOSS"],"build_version":"2019-07-17","purchased_purges":2,"victory":true,"max_hp_per_floor":[77,77,77,77,77,77,77,77,77,77,77,77,77,77,77,77,77,77,77,77,77,77,77,77,77,77,77,77,77,77,77,77,77,77,77,77,77,77,77,77,77,77,77,77,77,77,79,81,81,81,81,81,78,80,80],"card_choices":[{"not_picked":["Choke","Quick Slash"],"picked":"Cloak And Dagger","floor":1.0},{"not_picked":["Cloak And Dagger","Slice"],"picked":"Noxious Fumes","floor":3.0},{"not_picked":["Underhanded Strike","Eviscerate"],"picked":"Acrobatics","floor":5.0},{"not_picked":["Poisoned Stab","Slice"],"picked":"Die Die Die","floor":7.0},{"not_picked":["Cloak And Dagger","Quick Slash","Blade Dance"],"picked":"SKIP","floor":10.0},{"not_picked":["Outmaneuver","Distraction"],"picked":"Footwork","floor":11.0},{"not_picked":["Blade Dance","Underhanded Strike"],"picked":"Deflect","floor":12.0},{"not_picked":["Night Terror","Tools of the Trade"],"picked":"Adrenaline","floor":16.0},{"not_picked":["Sucker Punch","Underhanded Strike"],"picked":"Backstab","floor":18.0},{"not_picked":["Quick Slash","Dagger Throw","Blade Dance"],"picked":"SKIP","floor":23.0},{"not_picked":["Masterful Stab","Terror","Slice"],"picked":"SKIP","floor":25.0},{"not_picked":["Cloak And Dagger+1","Dagger Spray"],"picked":"Well Laid Plans+1","floor":27.0},{"not_picked":["Acrobatics","Blur"],"picked":"Dodge and Roll","floor":28.0},{"not_picked":["Choke","Poisoned Stab"],"picked":"PiercingWail+1","floor":30.0},{"not_picked":["Phantasmal Killer","Sucker Punch","Eviscerate"],"picked":"SKIP","floor":31.0},{"not_picked":["Storm of Steel","Adrenaline"],"picked":"Envenom","floor":33.0},{"not_picked":["Calculated Gamble+1","Reflex+1"],"picked":"Dodge and Roll","floor":35},{"not_picked":["Quick Slash+1","Terror"],"picked":"Deflect+1","floor":37},{"not_picked":["Skewer","Predator+1"],"picked":"Outmaneuver+1","floor":39},{"not_picked":["Slice","Bane","Prepared"],"picked":"SKIP","floor":40},{"not_picked":["Outmaneuver+1","Leg Sweep+1","Poisoned Stab"],"picked":"SKIP","floor":42},{"not_picked":["Cloak And Dagger","Terror"],"picked":"Noxious Fumes","floor":44},{"not_picked":["Sucker Punch","Skewer+1"],"picked":"Leg Sweep+1","floor":46},{"not_picked":["Prepared+1","After Image","Heel Hook+1"],"picked":"Singing Bowl","floor":47},{"not_picked":["PiercingWail+1","Footwork","Distraction+1"],"picked":"Singing Bowl","floor":48},{"not_picked":["Heel Hook+1","Eviscerate+1"],"picked":"Footwork+1","floor":48},{"not_picked":["Leg Sweep+1","Blur+1","Deflect+1"],"picked":"Singing Bowl","floor":54}],"player_experience":113171,"relics_obtained":[{"floor":7.0,"key":"Whetstone"},{"floor":9.0,"key":"Bottled Tornado"},{"floor":11.0,"key":"Happy Flower"},{"floor":20.0,"key":"Red Mask"},{"floor":22.0,"key":"Regal Pillow"},{"floor":23.0,"key":"Bronze Scales"},{"floor":25.0,"key":"PreservedInsect"},{"floor":26.0,"key":"The Specimen"},{"floor":28.0,"key":"Juzu Bracelet"},{"floor":40,"key":"Torii"},{"floor":40,"key":"Tiny Chest"},{"floor":44,"key":"Singing Bowl"},{"floor":44,"key":"Sundial"},{"floor":46,"key":"Dead Branch"},{"floor":47,"key":"Prayer Wheel"},{"floor":47,"key":"Toxic Egg 2"},{"floor":54,"key":"Boot"},{"floor":54,"key":"Anchor"}],"event_choices":[{"damage_healed":0.0,"max_hp_gain":0.0,"max_hp_loss":0.0,"gold_gain":75.0,"event_name":"World of Goop","player_choice":"Gather Gold","floor":4.0,"gold_loss":0.0,"damage_taken":11.0},{"damage_healed":0.0,"max_hp_gain":0.0,"max_hp_loss":0.0,"gold_gain":99.0,"event_name":"Nest","player_choice":"Stole From Cult","floor":19.0,"gold_loss":0.0,"damage_taken":0.0},{"damage_healed":0.0,"max_hp_gain":0.0,"max_hp_loss":0.0,"gold_gain":0.0,"event_name":"Masked Bandits","player_choice":"Fought Bandits","floor":20.0,"gold_loss":0.0,"damage_taken":0.0},{"damage_healed":0.0,"max_hp_gain":0.0,"max_hp_loss":0.0,"gold_gain":0.0,"event_name":"Addict","player_choice":"Obtained Relic","floor":21.0,"gold_loss":85.0,"damage_taken":0.0,"relics_obtained":["Dream Catcher"]},{"damage_healed":0.0,"max_hp_gain":0.0,"max_hp_loss":0.0,"gold_gain":0.0,"event_name":"The Mausoleum","player_choice":"Opened","floor":29.0,"gold_loss":0.0,"damage_taken":0.0,"relics_obtained":["MawBank"]},{"damage_healed":0,"gold_gain":0,"player_choice":"Bought 0 Potions","damage_taken":0,"max_hp_gain":0,"max_hp_loss":0,"event_name":"The Woman in Blue","floor":36,"gold_loss":0},{"damage_healed":0,"gold_gain":222,"player_choice":"Wore Mask","damage_taken":0,"max_hp_gain":0,"max_hp_loss":0,"event_name":"Tomb of Lord Red Mask","floor":45,"gold_loss":0},{"damage_healed":0,"gold_gain":0,"player_choice":"Fight","damage_taken":0,"max_hp_gain":0,"max_hp_loss":0,"event_name":"Mysterious Sphere","floor":46,"gold_loss":0}],"is_beta":false,"boss_relics":[{"not_picked":["Coffee Dripper","Snecko Eye"],"picked":"Pandora\u0027s Box"},{"not_picked":["Calling Bell","HoveringKite"],"picked":"Black Star"}],"items_purged_floors":[38,53],"is_endless":false,"potions_floor_spawned":[1,3,10,16,18,28,30,31,35,37,40,42,48],"ascension_level":3}