{"gold_per_floor":[114,132,145,44,44,44,63,63,63,63,82,82,95,120,120,222,222,240,252,252,283,36,36,67,67,67,100,100,100,111,126,126,229,229,245,245,345,345,345,359,392,392],"floor_reached":42,"playtime":7949,"items_purged":["Strike_R","Shame"],"score":514,"play_id":"143c4beb-464c-4be1-8868-0c2c657f478f","local_time":"20190804023850","is_ascension_mode":false,"campfire_choices":[{"data":"Havoc","floor":6.0,"key":"SMITH"},{"data":"Cleave","floor":8.0,"key":"SMITH"},{"data":"Bash","floor":10.0,"key":"SMITH"},{"data":"Heavy Blade","floor":12.0,"key":"SMITH"},{"floor":15.0,"key":"RECALL"},{"floor":23.0,"key":"REST"},{"floor":25.0,"key":"REST"},{"floor":32.0,"key":"REST"}],"neow_cost":"NONE","seed_source_timestamp":681476650398511,"circlet_count":0,"master_deck":["Strike_R","Strike_R","Strike_R+1","Strike_R+1","Defend_R","Defend_R+1","Defend_R","Defend_R","Bash+1","Thunderclap","Cleave+1","Heavy Blade+1","Spot Weakness+1","Intimidate","Feed","Clumsy","Dropkick","Feel No Pain+1","J.A.X.+1","Warcry+1","Heavy Blade+1","Inflame+1","True Grit+1","Warcry+1","Exhume+1","Secret Technique+1","Inflame"],"special_seed":0,"relics":["Black Blood","Mango","Calipers","Calling Bell","War Paint","Toxic Egg 2","Ginger","Red Mask","Orichalcum","Paper Frog","Potion Belt","Girya","Pocketwatch"],"potions_floor_usage":[42],"damage_taken":[{"damage":6.0,"enemies":"Cultist","floor":1.0,"turns":3.0},{"damage":0.0,"enemies":"Small Slimes","floor":2.0,"turns":3.0},{"damage":0.0,"enemies":"2 Louse","floor":3.0,"turns":2.0},{"damage":5.0,"enemies":"Looter","floor":7.0,"turns":2.0},{"damage":0.0,"enemies":"3 Louse","floor":11.0,"turns":1.0},{"damage":7.0,"enemies":"Blue Slaver","floor":13.0,"turns":2.0},{"damage":17.0,"enemies":"3 Sentries","floor":14.0,"turns":4.0},{"damage":34.0,"enemies":"Slime Boss","floor":16.0,"turns":9.0},{"damage":22.0,"enemies":"Spheric Guardian","floor":18.0,"turns":4.0},{"damage":26.0,"enemies":"3 Byrds","floor":19.0,"turns":4.0},{"damage":10.0,"enemies":"Masked Bandits","floor":21.0,"turns":3.0},{"damage":39.0,"enemies":"Gremlin Leader","floor":24.0,"turns":7.0},{"damage":25.0,"enemies":"Book of Stabbing","floor":27.0,"turns":4.0},{"damage":18.0,"enemies":"Snake Plant","floor":30.0,"turns":4.0},{"damage":3.0,"enemies":"Cultist and Chosen","floor":31.0,"turns":4.0},{"damage":75.0,"enemies":"Collector","floor":33.0,"turns":7.0},{"damage":7.0,"enemies":"Orb Walker","floor":35.0,"turns":3.0},{"damage":40.0,"enemies":"Mind Bloom Boss Battle","floor":37.0,"turns":7.0},{"damage":23.0,"enemies":"3 Darklings","floor":40.0,"turns":3.0},{"damage":62.0,"enemies":"Reptomancer","floor":41.0,"turns":7.0},{"damage":18,"enemies":"Transient","floor":42,"turns":4}],"seed_played":"1064303768556132369","potions_obtained":[{"floor":1.0,"key":"BloodPotion"},{"floor":11.0,"key":"SkillPotion"},{"floor":14.0,"key":"EssenceOfSteel"},{"floor":16.0,"key":"Explosive Potion"},{"floor":18.0,"key":"Weak Potion"},{"floor":21.0,"key":"Strength Potion"},{"floor":27.0,"key":"SpeedPotion"},{"floor":33.0,"key":"Poison Potion"},{"floor":40.0,"key":"Regen Potion"},{"floor":41.0,"key":"EssenceOfSteel"}],"is_trial":false,"path_per_floor":["M","M","M","$","?","R","M","R","T","R","M","R","M","E","R","B",null,"M","M","?","?","$","R","E","R","T","E","?","?","M","M","R","B",null,"M","?","?","?","?","M","E","M"],"character_chosen":"IRONCLAD","items_purchased":["Heavy Blade","Orichalcum"],"campfire_rested":3,"item_purchase_floors":[4,22],"current_hp_per_floor":[80,80,80,80,64,64,65,65,79,79,85,85,84,73,73,45,94,78,58,58,54,54,82,52,81,81,62,62,62,50,53,81,35,94,97,97,67,67,67,54,17,0],"gold":392,"neow_bonus":"THREE_CARDS","is_prod":false,"is_daily":false,"chose_seed":false,"campfire_upgraded":4,"win_rate":0,"timestamp":1564879130,"path_taken":["M","?","M","$","?","R","M","R","T","R","M","R","M","E","R","BOSS","M","M","?","?","$","R","E","R","T","E","?","?","M","M","R","BOSS","M","?","?","?","?","M","E","M"],"build_version":"2019-07-17","purchased_purges":2,"victory":false,"max_hp_per_floor":[80,80,80,80,80,80,80,80,94,94,94,94,94,94,94,94,94,94,94,94,94,94,94,97,97,97,97,97,94,94,94,94,94,94,97,97,97,97,97,97,97,97],"card_choices":[{"not_picked":["True Grit","Clash"],"picked":"Havoc","floor":0.0},{"not_picked":["Whirlwind","Iron Wave"],"picked":"Thunderclap","floor":1.0},{"not_picked":["Clash","Spot Weakness","Anger"],"picked":"SKIP","floor":2.0},{"not_picked":["Burning Pact","Entrench"],"picked":"Cleave","floor":3.0},{"not_picked":["Iron Wave","Barricade","Heavy Blade"],"picked":"SKIP","floor":7.0},{"not_picked":["Heavy Blade","Burning Pact"],"picked":"Spot Weakness","floor":11.0},{"not_picked":["Rage","Headbutt","Flame Barrier"],"picked":"SKIP","floor":13.0},{"not_picked":["Burning Pact","Flex"],"picked":"Intimidate","floor":14.0},{"not_picked":["Immolate","Juggernaut"],"picked":"Feed","floor":16.0},{"not_picked":["Ghostly Armor+1","Fire Breathing+1"],"picked":"Dropkick","floor":18.0},{"not_picked":["Reckless Charge","Anger"],"picked":"Feel No Pain+1","floor":19.0},{"not_picked":["Twin Strike","Carnage"],"picked":"Warcry+1","floor":21.0},{"not_picked":["Sword Boomerang","Body Slam+1"],"picked":"Heavy Blade+1","floor":24.0},{"not_picked":["Havoc+1","Spot Weakness+1"],"picked":"Inflame+1","floor":27.0},{"not_picked":["Sword Boomerang","Ghostly Armor+1","True Grit+1"],"picked":"SKIP","floor":30.0},{"not_picked":["Sword Boomerang","Ghostly Armor+1"],"picked":"True Grit+1","floor":30.0},{"not_picked":["Pommel Strike","Wild Strike"],"picked":"Warcry+1","floor":31.0},{"not_picked":["Demon Form","Double Tap+1"],"picked":"Exhume+1","floor":33.0},{"not_picked":["True Grit+1","Pommel Strike","Battle Trance+1"],"picked":"SKIP","floor":35.0},{"not_picked":["Mayhem","HandOfGreed"],"picked":"Secret Technique+1","floor":39.0},{"not_picked":["Flex+1","Body Slam+1","Cleave+1"],"picked":"SKIP","floor":40.0},{"not_picked":["Infernal Blade+1","Sentinel+1"],"picked":"Inflame","floor":41.0}],"player_experience":192661,"relics_obtained":[{"floor":9.0,"key":"Mango"},{"floor":14.0,"key":"Calipers"},{"floor":17.0,"key":"War Paint"},{"floor":17.0,"key":"Toxic Egg 2"},{"floor":17.0,"key":"Ginger"},{"floor":21.0,"key":"Red Mask"},{"floor":24.0,"key":"Paper Frog"},{"floor":27.0,"key":"Potion Belt"},{"floor":37.0,"key":"Girya"},{"floor":41.0,"key":"Pocketwatch"}],"event_choices":[{"damage_healed":0.0,"max_hp_gain":0.0,"max_hp_loss":0.0,"gold_gain":0.0,"event_name":"Shining Light","player_choice":"Entered Light","floor":5.0,"gold_loss":0.0,"damage_taken":16.0,"cards_upgraded":["Strike_R","Strike_R"]},{"damage_healed":0.0,"max_hp_gain":0.0,"max_hp_loss":0.0,"gold_gain":0.0,"event_name":"Drug Dealer","player_choice":"Obtain J.A.X.","floor":20.0,"gold_loss":0.0,"damage_taken":0.0,"cards_obtained":["J.A.X."]},{"damage_healed":0.0,"max_hp_gain":0.0,"max_hp_loss":0.0,"gold_gain":0.0,"event_name":"Masked Bandits","player_choice":"Fought Bandits","floor":21.0,"gold_loss":0.0,"damage_taken":0.0},{"damage_healed":0.0,"max_hp_gain":0.0,"max_hp_loss":0.0,"gold_gain":0.0,"event_name":"The Mausoleum","player_choice":"Ignored","floor":28.0,"gold_loss":0.0,"damage_taken":0.0},{"cards_removed":["Parasite"],"damage_healed":0.0,"max_hp_gain":0.0,"max_hp_loss":0.0,"gold_gain":0.0,"event_name":"Back to Basics","player_choice":"Elegance","floor":29.0,"gold_loss":0.0,"damage_taken":0.0},{"damage_healed":0.0,"max_hp_gain":0.0,"max_hp_loss":0.0,"gold_gain":0.0,"event_name":"Tomb of Lord Red Mask","player_choice":"Ignored","floor":36.0,"gold_loss":0.0,"damage_taken":0.0},{"damage_healed":0.0,"max_hp_gain":0.0,"max_hp_loss":0.0,"gold_gain":0.0,"event_name":"MindBloom","player_choice":"Fight","floor":37.0,"gold_loss":0.0,"damage_taken":0.0},{"cards_removed":["Havoc"],"damage_healed":0.0,"max_hp_gain":0.0,"max_hp_loss":0.0,"gold_gain":0.0,"event_name":"Falling","player_choice":"Removed Skill","floor":38.0,"gold_loss":0.0,"damage_taken":0.0},{"damage_healed":0.0,"max_hp_gain":0.0,"max_hp_loss":0.0,"gold_gain":0.0,"event_name":"SensoryStone","player_choice":"Memory 1","floor":39.0,"gold_loss":0.0,"damage_taken":0.0}],"is_beta":false,"boss_relics":[{"not_picked":["Empty Cage","Runic Dome"],"picked":"Calling Bell"},{"not_picked":["Lizard Tail","Snecko Eye"],"picked":"Black Blood"}],"items_purged_floors":[4,22],"is_endless":false,"potions_floor_spawned":[1,11,14,16,18,21,27,33,40,41],"killed_by":"Transient","ascension_level":0}