{"gold_per_floor":[116,66,42,42,42,77,102,102,125,125,161,25,58,83,83,202,202,218,188,206,24,43,43,66,66,66,13,13,57,88,114,126,264,276,307,419,108,108,133,133,58,73,100,100,133,133],"floor_reached":46,"playtime":3011,"items_purged":["Strike_B"],"score":557,"play_id":"0c0572c9-14a8-49bc-aab9-fd826c729b40","local_time":"20190718023946","is_ascension_mode":true,"campfire_choices":[{"data":"Zap","floor":8,"key":"SMITH"},{"floor":10,"key":"REST"},{"floor":15,"key":"REST"},{"floor":23,"key":"REST"},{"data":"Defragment","floor":25,"key":"SMITH"},{"data":"Consume","floor":28,"key":"SMITH"},{"floor":32,"key":"REST"},{"data":"Capacitor","floor":40,"key":"SMITH"},{"floor":44,"key":"REST"}],"neow_cost":"NONE","seed_source_timestamp":44893330602300,"circlet_count":0,"master_deck":["Strike_B","Strike_B+1","Defend_B","Defend_B","Zap+1","Dualcast","Beam Cell+1","Leap","Consume+1","Doom and Gloom","Forethought","Ball Lightning","Cold Snap","White Noise","Defragment+1","Capacitor+1","Double Energy+1","White Noise","Coolheaded","Leap+1","Electrodynamics","Redo+1","Defragment","Ball Lightning+1","Loop","Redo+1"],"relics":["FrozenCore","Golden Idol","Whetstone","Art of War","Symbiotic Virus","Blood Vial","Vajra","Bronze Scales","MawBank","Empty Cage","Letter Opener","Shuriken","Oddly Smooth Stone","Shovel"],"potions_floor_usage":[11,11,18,20,29,29,30,33,39],"damage_taken":[{"damage":4,"enemies":"2 Louse","floor":1,"turns":3},{"damage":21,"enemies":"Lagavulin","floor":6,"turns":8},{"damage":7,"enemies":"Jaw Worm","floor":7,"turns":2},{"damage":18,"enemies":"3 Sentries","floor":11,"turns":6},{"damage":13,"enemies":"Gremlin Nob","floor":13,"turns":3},{"damage":0,"enemies":"Small Slimes","floor":14,"turns":2},{"damage":20,"enemies":"The Guardian","floor":16,"turns":9},{"damage":15,"enemies":"2 Thieves","floor":18,"turns":4},{"damage":11,"enemies":"3 Byrds","floor":20,"turns":6},{"damage":31,"enemies":"Snake Plant","floor":22,"turns":4},{"damage":6,"enemies":"Snecko","floor":24,"turns":5},{"damage":5,"enemies":"Book of Stabbing","floor":29,"turns":5},{"damage":6,"enemies":"3 Cultists","floor":30,"turns":5},{"damage":12,"enemies":"Shelled Parasite and Fungi","floor":31,"turns":4},{"damage":38,"enemies":"Automaton","floor":33,"turns":13},{"damage":29,"enemies":"3 Darklings","floor":35,"turns":5},{"damage":11,"enemies":"3 Shapes","floor":39,"turns":2},{"damage":30,"enemies":"Sphere and 2 Shapes","floor":42,"turns":4},{"damage":26,"enemies":"Giant Head","floor":45,"turns":8},{"damage":28,"enemies":"Writhing Mass","floor":46,"turns":2}],"seed_played":"-7639780984764637496","potions_obtained":[{"floor":6,"key":"Fire Potion"},{"floor":7,"key":"Weak Potion"},{"floor":16,"key":"Explosive Potion"},{"floor":18,"key":"Energy Potion"},{"floor":19,"key":"FearPotion"},{"floor":19,"key":"Poison Potion"},{"floor":24,"key":"PowerPotion"},{"floor":29,"key":"Weak Potion"},{"floor":30,"key":"Explosive Potion"},{"floor":35,"key":"PowerPotion"},{"floor":45,"key":"Swift Potion"}],"is_trial":false,"path_per_floor":["M","?","$","?","?","E","M","R","T","R","E","$","E","M","R","B",null,"M","?","M","$","M","R","M","R","T","$","R","E","M","M","R","B",null,"M","?","$","?","M","R","$","M","T","R","E","M"],"character_chosen":"DEFECT","items_purchased":["Leap","Forethought","Ball Lightning","Capacitor","Vajra","Coolheaded","Letter Opener","Defragment"],"campfire_rested":5,"item_purchase_floors":[3,12,12,21,21,27,37,37],"current_hp_per_floor":[78,78,78,83,62,41,34,34,34,60,42,42,29,31,57,39,87,72,72,63,63,34,60,56,56,56,56,56,53,49,39,65,29,87,58,58,58,58,49,49,49,21,21,47,23,0],"gold":133,"neow_bonus":"TEN_PERCENT_HP_BONUS","is_prod":false,"is_daily":false,"chose_seed":false,"campfire_upgraded":4,"win_rate":0,"timestamp":1563431986,"path_taken":["M","?","$","?","?","E","M","R","T","R","E","?","E","M","R","BOSS","M","?","M","$","?","R","M","R","T","$","R","E","M","M","R","BOSS","M","?","?","?","?","R","?","M","T","R","E","?"],"build_version":"2019-07-05","purchased_purges":1,"victory":false,"max_hp_per_floor":[82,82,82,87,87,87,87,87,87,87,87,87,87,87,87,87,87,87,87,87,87,87,87,87,87,87,87,87,87,87,87,87,87,87,87,87,87,87,87,87,87,87,87,87,87,87],"card_choices":[{"not_picked":["Go for the Eyes","Blizzard"],"picked":"Beam Cell","floor":1},{"not_picked":["Force Field","Leap"],"picked":"Consume","floor":6},{"not_picked":["Turbo","Rip and Tear","Fission"],"picked":"SKIP","floor":7},{"not_picked":["Rip and Tear","Tempest"],"picked":"Doom and Gloom","floor":11},{"not_picked":["Tempest","Reprogram","Steam Power"],"picked":"SKIP","floor":13},{"not_picked":["Consume","Stack"],"picked":"Cold Snap","floor":14},{"not_picked":["Streamline+1","Ball Lightning"],"picked":"White Noise","floor":18},{"not_picked":["Streamline+1","Force Field"],"picked":"Defragment","floor":20},{"not_picked":["Rebound","Steam Power"],"picked":"Double Energy+1","floor":22},{"not_picked":["Gash","Recycle"],"picked":"White Noise","floor":24},{"not_picked":["Gash","Compile Driver","Multi-Cast"],"picked":"SKIP","floor":29},{"not_picked":["Gash","Aggregate"],"picked":"Leap+1","floor":30},{"not_picked":["Force Field+1","Gash","Chill"],"picked":"SKIP","floor":31},{"not_picked":["Fission","Buffer"],"picked":"Electrodynamics","floor":33},{"not_picked":["Steam Power","Ball Lightning+1"],"picked":"Redo+1","floor":35},{"not_picked":["Streamline","Hologram"],"picked":"Ball Lightning+1","floor":39},{"not_picked":["Beam Cell+1","Tempest+1"],"picked":"Loop","floor":42},{"not_picked":["Compile Driver","Reinforced Body"],"picked":"Redo+1","floor":45}],"player_experience":265723,"relics_obtained":[{"floor":6,"key":"Whetstone"},{"floor":9,"key":"Art of War"},{"floor":11,"key":"Symbiotic Virus"},{"floor":13,"key":"Blood Vial"},{"floor":26,"key":"Bronze Scales"},{"floor":29,"key":"MawBank"},{"floor":38,"key":"Shuriken"},{"floor":43,"key":"Oddly Smooth Stone"},{"floor":45,"key":"Shovel"}],"event_choices":[{"cards_removed":["Defend_B"],"damage_healed":0,"gold_gain":0,"player_choice":"Card Removal","damage_taken":0,"max_hp_gain":0,"max_hp_loss":0,"event_name":"The Cleric","floor":2,"gold_loss":50},{"damage_healed":0,"gold_gain":0,"player_choice":"Donut","damage_taken":0,"max_hp_gain":5,"max_hp_loss":0,"event_name":"Big Fish","floor":4,"gold_loss":0},{"damage_healed":0,"gold_gain":0,"player_choice":"Take Damage","damage_taken":21,"relics_obtained":["Golden Idol"],"max_hp_gain":0,"max_hp_loss":0,"event_name":"Golden Idol","floor":5,"gold_loss":0},{"damage_healed":0,"gold_gain":0,"player_choice":"Bought 2 Potions","damage_taken":0,"max_hp_gain":0,"max_hp_loss":0,"event_name":"The Woman in Blue","floor":19,"gold_loss":0},{"damage_healed":0,"gold_gain":100,"player_choice":"Pray","damage_taken":0,"max_hp_gain":0,"max_hp_loss":0,"event_name":"Golden Shrine","floor":36,"gold_loss":0},{"damage_healed":0,"gold_gain":0,"player_choice":"Relic","damage_taken":0,"max_hp_gain":0,"max_hp_loss":0,"event_name":"Wheel of Change","floor":38,"gold_loss":0}],"is_beta":false,"boss_relics":[{"not_picked":["Ectoplasm","Tiny House"],"picked":"FrozenCore"},{"not_picked":["Calling Bell","Runic Dome"],"picked":"Empty Cage"}],"items_purged_floors":[41],"is_endless":false,"potions_floor_spawned":[6,7,16,18,24,29,30,35,45],"killed_by":"Writhing Mass","ascension_level":3}