{"gold_per_floor":[214,232,67,78,78,78,111,111,111,91,91,105,117,149,149,224,224,239,274,289,214,224,224,255,267,320,351,351,351,362,362,362,439,439,454,676,361,1360,1360,1360,1370,1370,1397,1397,1408,668,688,698,698,698,698,698,145,145],"floor_reached":54,"playtime":20911,"items_purged":["Strike_G","Strike_G","Strike_G"],"score":1361,"play_id":"2dae7b13-0439-4285-b560-9f3c0744c21f","local_time":"20190717213510","is_ascension_mode":true,"campfire_choices":[{"data":"Deadly Poison","floor":6,"key":"SMITH"},{"floor":11,"key":"REST"},{"data":"Deadly Poison","floor":15,"key":"SMITH"},{"data":"Wraith Form v2","floor":23,"key":"SMITH"},{"data":"Well Laid Plans","floor":29,"key":"SMITH"},{"data":"Dash","floor":32,"key":"SMITH"},{"floor":40,"key":"RECALL"},{"data":"Wraith Form v2","floor":42,"key":"SMITH"},{"data":"Poisoned Stab","floor":44,"key":"SMITH"},{"data":"Backstab","floor":49,"key":"SMITH"},{"data":"Sadistic Nature","floor":52,"key":"SMITH"}],"neow_cost":"NONE","seed_source_timestamp":0,"circlet_count":0,"master_deck":["AscendersBane","Defend_G","Defend_G","Defend_G","Defend_G","Defend_G","Survivor","Neutralize+1","Endless Agony","Deadly Poison+1","Dash+1","Poisoned Stab+1","Deadly Poison+1","Well Laid Plans+1","Wraith Form v2+1","Backstab+1","Backflip+1","Terror+1","Cloak And Dagger+1","Wraith Form v2+1","PiercingWail+1","Bouncing Flask+1","Sadistic Nature+1","Backflip+1","Caltrops","Blur+1","Acrobatics+1"],"special_seed":0,"relics":["Ring of the Snake","Bird Faced Urn","Mercury Hourglass","Letter Opener","Busted Crown","Red Mask","Toxic Egg 2","Omamori","Bronze Scales","Mummified Hand","Orrery","PreservedInsect","FossilizedHelix","Ice Cream"],"potions_floor_usage":[7,14,14,16,24,24,27,33,50,50,50],"damage_taken":[{"damage":3,"enemies":"2 Louse","floor":1,"turns":3},{"damage":7,"enemies":"Small Slimes","floor":2,"turns":5},{"damage":0,"enemies":"Cultist","floor":4,"turns":4},{"damage":19,"enemies":"3 Sentries","floor":7,"turns":15},{"damage":0,"enemies":"2 Fungi Beasts","floor":12,"turns":2},{"damage":0,"enemies":"3 Louse","floor":13,"turns":3},{"damage":8,"enemies":"Lagavulin","floor":14,"turns":6},{"damage":25,"enemies":"The Guardian","floor":16,"turns":9},{"damage":0,"enemies":"Spheric Guardian","floor":18,"turns":5},{"damage":12,"enemies":"Masked Bandits","floor":19,"turns":5},{"damage":3,"enemies":"Shell Parasite","floor":20,"turns":5},{"damage":0,"enemies":"Chosen and Byrds","floor":22,"turns":9},{"damage":0,"enemies":"Gremlin Leader","floor":24,"turns":8},{"damage":11,"enemies":"Snake Plant","floor":25,"turns":4},{"damage":3,"enemies":"Slavers","floor":27,"turns":6},{"damage":0,"enemies":"Sentry and Sphere","floor":30,"turns":5},{"damage":29,"enemies":"Champ","floor":33,"turns":13},{"damage":1,"enemies":"Orb Walker","floor":35,"turns":3},{"damage":7,"enemies":"3 Darklings","floor":41,"turns":9},{"damage":2,"enemies":"4 Shapes","floor":45,"turns":4},{"damage":13,"enemies":"Jaw Worm Horde","floor":47,"turns":3},{"damage":0,"enemies":"Writhing Mass","floor":48,"turns":6},{"damage":10,"enemies":"Time Eater","floor":50,"turns":12},{"damage":76,"enemies":"Shield and Spear","floor":54,"turns":3}],"seed_played":"-4653800089162386595","potions_obtained":[{"floor":1,"key":"Dexterity Potion"},{"floor":2,"key":"EssenceOfSteel"},{"floor":10,"key":"EntropicBrew"},{"floor":14,"key":"Regen Potion"},{"floor":18,"key":"Energy Potion"},{"floor":24,"key":"Energy Potion"},{"floor":27,"key":"PowerPotion"},{"floor":35,"key":"GamblersBrew"},{"floor":45,"key":"EntropicBrew"}],"is_trial":false,"path_per_floor":["M","M","$","M","?","R","E","?","T","?","R","M","M","E","R","B",null,"M","?","M","?","M","R","E","M","T","E","T","R","M","?","R","B",null,"M","?","$","?","?","R","M","R","T","R","M","$","M","M","R","B",null,"R","$","E"],"character_chosen":"THE_SILENT","items_purchased":["Dash","PreservedInsect","Leg Sweep+1","FossilizedHelix","Bouncing Flask+1","Sadistic Nature","Ice Cream","Caltrops","Blur+1","Acrobatics+1"],"campfire_rested":1,"item_purchase_floors":[3,37,37,46,46,46,53,53,53,53],"current_hp_per_floor":[56,49,49,49,49,49,30,23,23,23,42,42,44,38,38,30,57,61,53,54,54,58,58,62,53,53,54,54,54,58,40,40,17,58,59,59,59,59,59,59,58,58,58,58,62,62,53,61,61,59,68,68,68,0],"gold":145,"neow_bonus":"HUNDRED_GOLD","is_prod":false,"is_daily":false,"chose_seed":false,"campfire_upgraded":9,"win_rate":0,"timestamp":1563413710,"path_taken":["M","M","$","M","?","R","E","?","T","?","R","?","M","E","R","BOSS","M","?","M","?","M","R","E","M","T","E","?","R","?","?","R","BOSS","M","?","$","?","?","R","M","R","T","R","?","$","M","M","R","BOSS","R","$","E"],"build_version":"2019-07-05","purchased_purges":3,"victory":false,"max_hp_per_floor":[66,66,66,66,66,66,66,66,66,66,66,66,66,66,66,66,66,66,66,66,66,66,66,66,66,66,66,66,66,66,71,71,71,71,71,71,71,71,71,71,71,71,71,71,71,71,71,71,71,71,71,71,71,71],"card_choices":[{"not_picked":["Dodge and Roll","Setup"],"picked":"Endless Agony","floor":1},{"not_picked":["Terror","Heel Hook"],"picked":"Deadly Poison","floor":2},{"not_picked":["Dodge and Roll","Quick Slash"],"picked":"Poisoned Stab","floor":4},{"not_picked":["Slice","Acrobatics"],"picked":"Deadly Poison","floor":7},{"not_picked":["Expertise","Deadly Poison"],"picked":"Well Laid Plans","floor":12},{"not_picked":["Prepared","Eviscerate","Bane"],"picked":"SKIP","floor":13},{"not_picked":["Slice","Backflip","All Out Attack"],"picked":"SKIP","floor":14},{"not_picked":["Die Die Die","A Thousand Cuts"],"picked":"Wraith Form v2","floor":16},{"not_picked":["Blade Dance"],"picked":"SKIP","floor":18},{"not_picked":["Endless Agony"],"picked":"SKIP","floor":20},{"not_picked":[],"picked":"Backstab","floor":22},{"not_picked":[],"picked":"Backflip","floor":24},{"not_picked":["Prepared+1"],"picked":"SKIP","floor":25},{"not_picked":[],"picked":"Terror+1","floor":27},{"not_picked":[],"picked":"Cloak And Dagger+1","floor":30},{"not_picked":[],"picked":"Wraith Form v2","floor":33},{"not_picked":[],"picked":"PiercingWail+1","floor":34},{"not_picked":["Prepared+1"],"picked":"SKIP","floor":35},{"not_picked":["Deflect+1"],"picked":"SKIP","floor":41},{"not_picked":["Deflect+1"],"picked":"SKIP","floor":41},{"not_picked":["Slice+1"],"picked":"SKIP","floor":45},{"not_picked":["Setup+1"],"picked":"SKIP","floor":47},{"not_picked":[],"picked":"Backflip+1","floor":48}],"player_experience":2469634,"relics_obtained":[{"floor":7,"key":"Bird Faced Urn"},{"floor":9,"key":"Mercury Hourglass"},{"floor":14,"key":"Letter Opener"},{"floor":19,"key":"Red Mask"},{"floor":24,"key":"Toxic Egg 2"},{"floor":26,"key":"Omamori"},{"floor":27,"key":"Bronze Scales"},{"floor":28,"key":"Mummified Hand"}],"event_choices":[{"damage_healed":0,"gold_gain":0,"player_choice":"Grow","damage_taken":0,"max_hp_gain":0,"max_hp_loss":0,"event_name":"Living Wall","floor":5,"gold_loss":0,"cards_upgraded":["Neutralize"]},{"cards_removed":["Strike_G"],"damage_healed":0,"gold_gain":0,"player_choice":"Card Removal","damage_taken":7,"max_hp_gain":0,"max_hp_loss":0,"event_name":"Golden Wing","floor":8,"gold_loss":0},{"damage_healed":0,"gold_gain":0,"player_choice":"Bought 1 Potion","damage_taken":0,"max_hp_gain":0,"max_hp_loss":0,"event_name":"The Woman in Blue","floor":10,"gold_loss":0},{"damage_healed":0,"gold_gain":0,"player_choice":"Fought Bandits","damage_taken":0,"max_hp_gain":0,"max_hp_loss":0,"event_name":"Masked Bandits","floor":19,"gold_loss":0},{"cards_removed":["Strike_G"],"damage_healed":0,"gold_gain":0,"player_choice":"Gave Gold","damage_taken":0,"max_hp_gain":0,"max_hp_loss":0,"event_name":"Beggar","floor":21,"gold_loss":75},{"damage_healed":0,"gold_gain":0,"player_choice":"Shed Blood","damage_taken":23,"max_hp_gain":5,"max_hp_loss":0,"event_name":"Forgotten Altar","floor":31,"gold_loss":0},{"damage_healed":0,"gold_gain":222,"player_choice":"Wore Mask","damage_taken":0,"max_hp_gain":0,"max_hp_loss":0,"event_name":"Tomb of Lord Red Mask","floor":36,"gold_loss":0},{"damage_healed":0,"gold_gain":999,"player_choice":"Gold","damage_taken":0,"max_hp_gain":0,"max_hp_loss":0,"event_name":"MindBloom","floor":38,"gold_loss":0,"cards_obtained":["Normality","Normality"]},{"cards_removed":["Leg Sweep"],"damage_healed":0,"gold_gain":0,"player_choice":"Removed Skill","damage_taken":0,"max_hp_gain":0,"max_hp_loss":0,"event_name":"Falling","floor":39,"gold_loss":0}],"is_beta":false,"boss_relics":[{"not_picked":["Runic Pyramid","Ring of the Serpent"],"picked":"Busted Crown"},{"not_picked":["Velvet Choker","Sozu"],"picked":"Orrery"}],"items_purged_floors":[3,37,46],"is_endless":false,"potions_floor_spawned":[1,2,13,14,18,20,24,27,35,45],"killed_by":"Shield and Spear","ascension_level":19}