{"gold_per_floor":[18,18,33,33,57,57,95,95,142,155,51,0,0,33,33,129,129,152,152,152,130,146,146,146,187,262,262,78,78,109,130,130,130],"floor_reached":33,"playtime":2103,"items_purged":["Strike_G","Strike_G"],"score":553,"play_id":"5f2d2eca-2420-4e4c-b59a-693e7faf50d4","local_time":"20190706024134","is_ascension_mode":true,"campfire_choices":[{"data":"Neutralize","floor":6,"key":"SMITH"},{"data":"Poisoned Stab","floor":8,"key":"SMITH"},{"floor":13,"key":"REST"},{"data":"Calculated Gamble","floor":15,"key":"SMITH"},{"data":"Calculated Gamble","floor":24,"key":"SMITH"},{"data":"Deadly Poison","floor":27,"key":"SMITH"},{"data":"Deadly Poison","floor":29,"key":"SMITH"},{"data":"Ghostly","floor":32,"key":"SMITH"}],"neow_cost":"NO_GOLD","seed_source_timestamp":104366438779205,"circlet_count":0,"master_deck":["AscendersBane","Strike_G","Strike_G","Strike_G","Defend_G","Defend_G+1","Defend_G","Defend_G","Defend_G","Survivor","Neutralize+1","Deadly Poison+1","Poisoned Stab+1","All Out Attack","PiercingWail","Venomology","PiercingWail","Calculated Gamble+1","Adrenaline","Calculated Gamble+1","Ghostly+1","Ghostly","Ghostly","Deadly Poison+1","Noxious Fumes+1","Deadly Poison+1","Dash","Catalyst"],"relics":["Ring of the Snake","Tingsha","Golden Idol","War Paint","Orichalcum","Ornamental Fan","Velvet Choker","Blue Candle","Kunai","Centennial Puzzle"],"potions_floor_usage":[14,16,25,31,31,33,33,33],"damage_taken":[{"damage":0,"enemies":"Small Slimes","floor":1,"turns":4},{"damage":0,"enemies":"Jaw Worm","floor":3,"turns":4},{"damage":0,"enemies":"Cultist","floor":5,"turns":3},{"damage":37,"enemies":"3 Sentries","floor":7,"turns":10},{"damage":1,"enemies":"Large Slime","floor":10,"turns":4},{"damage":2,"enemies":"Gremlin Nob","floor":14,"turns":3},{"damage":21,"enemies":"The Guardian","floor":16,"turns":11},{"damage":2,"enemies":"Spheric Guardian","floor":18,"turns":5},{"damage":1,"enemies":"2 Thieves","floor":21,"turns":4},{"damage":0,"enemies":"Centurion and Healer","floor":22,"turns":7},{"damage":6,"enemies":"Gremlin Leader","floor":25,"turns":8},{"damage":10,"enemies":"Slavers","floor":30,"turns":5},{"damage":0,"enemies":"Snecko","floor":31,"turns":3},{"damage":33,"enemies":"Champ","floor":33,"turns":8}],"seed_played":"1858968611136601074","potions_obtained":[{"floor":7,"key":"Energy Potion"},{"floor":10,"key":"GamblersBrew"},{"floor":14,"key":"GhostInAJar"},{"floor":31,"key":"Regen Potion"}],"is_trial":false,"path_per_floor":["M","?","M","?","M","R","E","R","T","M","$","?","R","E","R","B",null,"M","?","?","M","M","?","R","E","T","R","$","R","E","M","R","B"],"character_chosen":"THE_SILENT","items_purchased":["PiercingWail","Dash"],"campfire_rested":1,"item_purchase_floors":[11,28],"current_hp_per_floor":[59,59,59,64,64,64,27,27,27,26,26,26,45,43,43,22,54,52,32,32,31,31,25,25,19,19,19,19,19,9,9,9,0],"gold":130,"neow_bonus":"ONE_RARE_RELIC","is_prod":false,"is_daily":false,"chose_seed":false,"campfire_upgraded":7,"win_rate":0,"timestamp":1562395294,"path_taken":["M","?","M","?","M","R","E","R","T","?","$","?","R","E","R","BOSS","M","?","?","M","?","?","R","E","T","R","$","R","E","?","R","BOSS"],"build_version":"2019-07-05","purchased_purges":2,"victory":false,"max_hp_per_floor":[66,60,60,65,65,65,65,65,65,65,65,65,65,65,65,65,65,65,32,32,32,32,32,32,32,32,32,32,32,32,32,32,32],"card_choices":[{"not_picked":["Prepared","Deflect"],"picked":"Deadly Poison","floor":1},{"not_picked":["Sucker Punch","Dodge and Roll"],"picked":"Poisoned Stab","floor":3},{"not_picked":["Underhanded Strike","Riddle With Holes"],"picked":"All Out Attack","floor":5},{"not_picked":["Quick Slash","Predator"],"picked":"PiercingWail","floor":7},{"not_picked":["Infinite Blades","Cloak And Dagger"],"picked":"Venomology","floor":10},{"not_picked":["Deadly Poison","Quick Slash"],"picked":"Calculated Gamble","floor":14},{"not_picked":["After Image","Venomology"],"picked":"Adrenaline","floor":16},{"not_picked":["Sucker Punch","Backflip"],"picked":"Calculated Gamble","floor":18},{"not_picked":["PiercingWail","Riddle With Holes"],"picked":"Deadly Poison","floor":21},{"not_picked":["Quick Slash","Setup"],"picked":"Noxious Fumes+1","floor":22},{"not_picked":["Sucker Punch","Quick Slash"],"picked":"Deadly Poison","floor":25},{"not_picked":["Underhanded Strike","PiercingWail"],"picked":"Catalyst","floor":30},{"not_picked":["Slice","PiercingWail+1","Endless Agony"],"picked":"SKIP","floor":31}],"player_experience":2390422,"relics_obtained":[{"floor":7,"key":"War Paint"},{"floor":9,"key":"Orichalcum"},{"floor":14,"key":"Ornamental Fan"},{"floor":25,"key":"Blue Candle"},{"floor":26,"key":"Kunai"},{"floor":30,"key":"Centennial Puzzle"}],"event_choices":[{"damage_healed":0,"gold_gain":0,"player_choice":"Lose Max HP","damage_taken":0,"relics_obtained":["Golden Idol"],"max_hp_gain":0,"max_hp_loss":6,"event_name":"Golden Idol","floor":2,"gold_loss":0},{"damage_healed":0,"gold_gain":0,"player_choice":"Donut","damage_taken":0,"max_hp_gain":5,"max_hp_loss":0,"event_name":"Big Fish","floor":4,"gold_loss":0},{"damage_healed":0,"gold_gain":0,"player_choice":"Left Gold","damage_taken":0,"max_hp_gain":0,"max_hp_loss":0,"event_name":"World of Goop","floor":12,"gold_loss":51},{"damage_healed":0,"gold_gain":0,"player_choice":"Became a Ghost","damage_taken":0,"max_hp_gain":0,"max_hp_loss":33,"event_name":"Ghosts","floor":19,"gold_loss":0,"cards_obtained":["Ghostly","Ghostly","Ghostly"]},{"damage_healed":0,"gold_gain":0,"player_choice":"0 cards matched","damage_taken":0,"max_hp_gain":0,"max_hp_loss":0,"event_name":"Match and Keep!","floor":20,"gold_loss":0,"cards_obtained":[]},{"damage_healed":0,"gold_gain":0,"player_choice":"","damage_taken":6,"max_hp_gain":0,"max_hp_loss":0,"event_name":"Knowing Skull","floor":23,"potions_obtained":[],"gold_loss":0,"cards_obtained":[]}],"is_beta":false,"boss_relics":[{"not_picked":["Black Star","Philosopher\u0027s Stone"],"picked":"Velvet Choker"}],"items_purged_floors":[11,28],"is_endless":false,"potions_floor_spawned":[7,10,14,22,30,31],"killed_by":"Champ","ascension_level":18}