{"gold_per_floor":[109,127,138,138,151,151,165,165,165,209,6,40,40,40,40,168,168,184,84,103,123,146,181,181,181],"floor_reached":25,"playtime":2133,"items_purged":["Strike_R"],"score":258,"play_id":"1aa9181c-1511-4eae-9489-0fd65bedcadd","local_time":"20190719151325","is_ascension_mode":false,"campfire_choices":[{"data":"Havoc","floor":6,"key":"SMITH"},{"data":"Feed","floor":8,"key":"SMITH"},{"data":"Heavy Blade","floor":13,"key":"SMITH"},{"data":"Bash","floor":15,"key":"SMITH"},{"data":"Armaments","floor":24,"key":"SMITH"}],"neow_cost":"NONE","seed_source_timestamp":177392970579700,"circlet_count":0,"master_deck":["Strike_R","Strike_R","Strike_R","Strike_R","Defend_R","Defend_R","Defend_R","Defend_R","Bash+1","Heavy Blade+1","Havoc+1","Shrug It Off","Feed+1","Shrug It Off","Inflame","Dark Embrace","Armaments+1","True Grit","Feel No Pain","Feel No Pain"],"relics":["Burning Blood","Vajra","Golden Idol","Oddly Smooth Stone","Bronze Scales","Sling","Bottled Lightning","Bird Faced Urn","Black Star","Champion Belt","Red Skull"],"potions_floor_usage":[10,10,18,23,25],"damage_taken":[{"damage":6,"enemies":"Cultist","floor":1,"turns":4},{"damage":10,"enemies":"Jaw Worm","floor":2,"turns":5},{"damage":1,"enemies":"2 Louse","floor":3,"turns":3},{"damage":8,"enemies":"Lots of Slimes","floor":5,"turns":6},{"damage":0,"enemies":"Large Slime","floor":7,"turns":4},{"damage":20,"enemies":"Gremlin Nob","floor":10,"turns":4},{"damage":6,"enemies":"Lagavulin","floor":12,"turns":6},{"damage":35,"enemies":"The Guardian","floor":16,"turns":14},{"damage":34,"enemies":"Spheric Guardian","floor":18,"turns":9},{"damage":5,"enemies":"3 Byrds","floor":20,"turns":5},{"damage":22,"enemies":"Centurion and Healer","floor":21,"turns":8},{"damage":31,"enemies":"Snecko","floor":22,"turns":5},{"damage":33,"enemies":"Book of Stabbing","floor":23,"turns":9},{"damage":41,"enemies":"Slavers","floor":25,"turns":3}],"seed_played":"-7841781081057525858","potions_obtained":[{"floor":3,"key":"SteroidPotion"},{"floor":10,"key":"Fruit Juice"},{"floor":16,"key":"Regen Potion"},{"floor":21,"key":"SteroidPotion"},{"floor":23,"key":"Fire Potion"}],"is_trial":false,"path_per_floor":["M","M","M","?","M","R","M","R","T","E","$","E","R","T","R","B",null,"M","$","M","M","M","E","R","E"],"character_chosen":"IRONCLAD","items_purchased":["Sling","True Grit"],"campfire_rested":0,"item_purchase_floors":[11,19],"current_hp_per_floor":[80,76,80,60,58,58,64,64,64,55,55,55,55,55,55,32,89,72,72,79,73,54,33,33,0],"gold":181,"neow_bonus":"RANDOM_COMMON_RELIC","is_prod":false,"is_daily":false,"chose_seed":false,"campfire_upgraded":5,"win_rate":0,"timestamp":1563563605,"path_taken":["M","?","M","?","M","R","M","R","T","E","$","E","R","?","R","BOSS","M","$","M","?","?","E","R","E"],"build_version":"2019-07-17","purchased_purges":1,"victory":false,"max_hp_per_floor":[80,80,80,80,80,80,80,80,80,85,85,85,85,85,85,89,89,89,89,93,97,97,97,97,101],"card_choices":[{"not_picked":["True Grit","Wild Strike"],"picked":"Heavy Blade","floor":1},{"not_picked":["Anger","Clash"],"picked":"Havoc","floor":2},{"not_picked":["Havoc","Warcry"],"picked":"Shrug It Off","floor":3},{"not_picked":["Body Slam","Evolve","True Grit"],"picked":"SKIP","floor":5},{"not_picked":["Flex","Combust"],"picked":"Feed","floor":7},{"not_picked":["Bloodletting","Wild Strike"],"picked":"Shrug It Off","floor":10},{"not_picked":["Rupture","Body Slam"],"picked":"Inflame","floor":12},{"not_picked":["Offering","Barricade"],"picked":"Dark Embrace","floor":16},{"not_picked":["Thunderclap","Body Slam+1"],"picked":"Armaments","floor":18},{"not_picked":["Evolve","Battle Trance+1"],"picked":"Feel No Pain","floor":20},{"not_picked":["Iron Wave+1","Perfected Strike","Warcry"],"picked":"SKIP","floor":21},{"not_picked":["Pommel Strike","True Grit","Whirlwind"],"picked":"SKIP","floor":22},{"not_picked":["Cleave","Rage"],"picked":"Feel No Pain","floor":23}],"player_experience":322184,"relics_obtained":[{"floor":9,"key":"Oddly Smooth Stone"},{"floor":10,"key":"Bronze Scales"},{"floor":12,"key":"Bottled Lightning"},{"floor":14,"key":"Bird Faced Urn"},{"floor":23,"key":"Champion Belt"},{"floor":23,"key":"Red Skull"}],"event_choices":[{"damage_healed":0,"gold_gain":0,"player_choice":"Take Damage","damage_taken":20,"relics_obtained":["Golden Idol"],"max_hp_gain":0,"max_hp_loss":0,"event_name":"Golden Idol","floor":4,"gold_loss":0}],"is_beta":false,"boss_relics":[{"not_picked":["Runic Pyramid","Lizard Tail"],"picked":"Black Star"}],"items_purged_floors":[19],"is_endless":false,"potions_floor_spawned":[3,10,16,21,23],"killed_by":"Slavers","ascension_level":0}