{"gold_per_floor":[109,34,50,70,81,115,115,15,66,82,82,47,47,65,65,160,160,176,187,187,9,26,26,41,41,41,53,53,8,28,44,44,44],"floor_reached":33,"playtime":2392,"items_purged":["Defend_B","Strike_B","Strike_B"],"score":251,"play_id":"4c9cf335-6991-4580-911c-2cd4f6548933","local_time":"20190715193714","is_ascension_mode":false,"campfire_choices":[{"data":"Zap","floor":7,"key":"SMITH"},{"floor":15,"key":"REST"},{"floor":23,"key":"REST"},{"data":"Redo","floor":25,"key":"SMITH"},{"data":"Conserve Battery","floor":28,"key":"SMITH"},{"data":"Glacier","floor":32,"key":"SMITH"}],"neow_cost":"NONE","seed_source_timestamp":202084487524700,"circlet_count":0,"master_deck":["Strike_B","Strike_B","Defend_B+1","Defend_B","Defend_B","Zap+1","Dualcast+1","Glacier+1","Redo+1","Conserve Battery+1","Beam Cell+1","Barrage+1","FTL+1","White Noise","Biased Cognition","Go for the Eyes+1","Double Energy","Leap","Cold Snap+1","Streamline+1"],"relics":["Cracked Core","Molten Egg 2","Potion Belt","Busted Crown","Nloth\u0027s Gift","Pantograph"],"potions_floor_usage":[5,14,14,24,33,33],"damage_taken":[{"damage":0,"enemies":"Small Slimes","floor":1,"turns":4},{"damage":2,"enemies":"2 Louse","floor":3,"turns":2},{"damage":0,"enemies":"Cultist","floor":4,"turns":4},{"damage":3,"enemies":"Lots of Slimes","floor":5,"turns":2},{"damage":26,"enemies":"Lagavulin","floor":6,"turns":12},{"damage":5,"enemies":"Exordium Thugs","floor":10,"turns":3},{"damage":0,"enemies":"Gremlin Gang","floor":14,"turns":2},{"damage":19,"enemies":"Hexaghost","floor":16,"turns":10},{"damage":7,"enemies":"Spheric Guardian","floor":18,"turns":4},{"damage":12,"enemies":"2 Thieves","floor":19,"turns":4},{"damage":46,"enemies":"Cultist and Chosen","floor":22,"turns":10},{"damage":4,"enemies":"3 Cultists","floor":24,"turns":6},{"damage":10,"enemies":"Chosen and Byrds","floor":27,"turns":6},{"damage":0,"enemies":"Shelled Parasite and Fungi","floor":30,"turns":4},{"damage":1,"enemies":"Centurion and Healer","floor":31,"turns":5},{"damage":56,"enemies":"Collector","floor":33,"turns":7}],"seed_played":"-8219305675422214867","potions_obtained":[{"floor":4,"key":"Explosive Potion"},{"floor":6,"key":"PowerPotion"},{"floor":10,"key":"Fire Potion"},{"floor":14,"key":"Energy Potion"},{"floor":24,"key":"Fruit Juice"},{"floor":27,"key":"EssenceOfSteel"},{"floor":30,"key":"Swift Potion"}],"is_trial":false,"path_per_floor":["M","$","M","M","M","E","R","$","T","M","?","$","?","M","R","B",null,"M","M","?","$","M","R","M","R","T","M","R","$","M","M","R","B"],"character_chosen":"DEFECT","items_purchased":["FTL+1","Leap","Streamline+1"],"campfire_rested":2,"item_purchase_floors":[12,21,29],"current_hp_per_floor":[82,82,80,80,77,51,51,51,51,46,30,30,5,5,29,10,82,75,63,63,63,17,41,42,42,42,32,32,32,32,31,31,0],"gold":44,"neow_bonus":"TEN_PERCENT_HP_BONUS","is_prod":false,"is_daily":false,"chose_seed":false,"campfire_upgraded":4,"win_rate":0,"timestamp":1563233834,"path_taken":["M","$","M","M","M","E","R","$","T","M","?","$","?","M","R","BOSS","M","M","?","$","M","R","M","R","T","M","R","$","?","M","R","BOSS"],"build_version":"2019-07-05","purchased_purges":3,"victory":false,"max_hp_per_floor":[82,82,82,82,82,82,82,82,82,82,82,82,82,82,82,82,82,82,82,82,82,82,82,87,87,87,87,87,87,87,87,87,87],"card_choices":[{"not_picked":["Go for the Eyes","Heatsinks","Beam Cell"],"picked":"SKIP","floor":1},{"not_picked":["Tempest","Stack"],"picked":"Glacier","floor":3},{"not_picked":["Coolheaded","Gash"],"picked":"Redo","floor":4},{"not_picked":["Glacier","Streamline"],"picked":"Conserve Battery","floor":5},{"not_picked":["Chill","Rebound"],"picked":"Beam Cell","floor":6},{"not_picked":["Double Energy","Steam"],"picked":"Barrage+1","floor":10},{"not_picked":["Auto Shields","Heatsinks"],"picked":"White Noise","floor":14},{"not_picked":["Multi-Cast","Hyperbeam+1"],"picked":"Biased Cognition","floor":16},{"not_picked":[],"picked":"Go for the Eyes+1","floor":18},{"not_picked":[],"picked":"Double Energy","floor":19},{"not_picked":["Compile Driver+1"],"picked":"SKIP","floor":22},{"not_picked":[],"picked":"Cold Snap+1","floor":24},{"not_picked":["Turbo"],"picked":"SKIP","floor":27},{"not_picked":["Reprogram"],"picked":"SKIP","floor":30},{"not_picked":["Aggregate"],"picked":"SKIP","floor":31}],"player_experience":188844,"relics_obtained":[{"floor":6,"key":"Molten Egg 2"},{"floor":9,"key":"Omamori"},{"floor":26,"key":"Pantograph"}],"event_choices":[{"damage_healed":0,"gold_gain":0,"player_choice":"Entered Light","damage_taken":16,"max_hp_gain":0,"max_hp_loss":0,"event_name":"Shining Light","floor":11,"gold_loss":0,"cards_upgraded":["Dualcast","Defend_B"]},{"damage_healed":0,"gold_gain":0,"player_choice":"Success","damage_taken":25,"relics_obtained":["Potion Belt"],"max_hp_gain":0,"max_hp_loss":0,"event_name":"Scrap Ooze","floor":13,"gold_loss":0},{"damage_healed":0,"gold_gain":0,"player_choice":"Traded Relic","damage_taken":0,"relics_obtained":["Nloth\u0027s Gift"],"max_hp_gain":0,"max_hp_loss":0,"event_name":"N\u0027loth","floor":20,"relics_lost":["Omamori"],"gold_loss":0}],"is_beta":false,"boss_relics":[{"not_picked":["Lizard Tail","Philosopher\u0027s Stone"],"picked":"Busted Crown"}],"items_purged_floors":[2,8,21],"is_endless":false,"potions_floor_spawned":[4,6,10,14,24,27,30],"killed_by":"Collector","ascension_level":0}