{"gold_per_floor":[369,42,42,42,7,7,40,115,115,139,139,159,159,240,240,359,359,390,415,174,193,283,283,308,308,308,326,349,363,381,395,395,523,523,547,403],"floor_reached":36,"playtime":3367,"items_purged":["Defend_R","Writhe"],"score":416,"play_id":"e33fa182-617b-40a4-b267-41eb923566b2","local_time":"20190811105323","is_ascension_mode":false,"campfire_choices":[{"floor":6,"key":"REST"},{"floor":11,"key":"REST"},{"data":"Rampage","floor":13,"key":"SMITH"},{"floor":15,"key":"REST"},{"data":"1","floor":23,"key":"LIFT"},{"floor":32,"key":"REST"}],"neow_cost":"PERCENT_DAMAGE","seed_source_timestamp":811195938525795,"circlet_count":0,"master_deck":["Strike_R","Strike_R","Strike_R+1","Strike_R+1","Strike_R","Defend_R","Defend_R","Defend_R","Bash","Iron Wave","Rampage+1","Rage","Iron Wave","Rupture","True Grit","Inflame","Whirlwind","Regret","Pain","Inflame","Feel No Pain","Purity","Power Through","Bandage Up","True Grit","Defend_B","Flame Barrier+1","Rage+1","Spot Weakness+1","Heavy Blade","Armaments+1","Ghostly Armor+1","Juggernaut","Inflame+1","Limit Break+1"],"relics":["Burning Blood","Matryoshka","Golden Idol","Magic Flower","Dream Catcher","Self Forming Clay","Girya","Calling Bell","MawBank","Meat on the Bone","Mango","Lantern","Toxic Egg 2","Snecko Eye"],"potions_floor_usage":[7,28],"damage_taken":[{"damage":2,"enemies":"2 Louse","floor":1,"turns":4},{"damage":26,"enemies":"3 Sentries","floor":7,"turns":9},{"damage":0,"enemies":"Small Slimes","floor":10,"turns":3},{"damage":1,"enemies":"Jaw Worm","floor":12,"turns":3},{"damage":45,"enemies":"Lagavulin Event","floor":14,"turns":6},{"damage":38,"enemies":"The Guardian","floor":16,"turns":11},{"damage":35,"enemies":"Spheric Guardian","floor":18,"turns":6},{"damage":7,"enemies":"Chosen","floor":19,"turns":5},{"damage":22,"enemies":"Centurion and Healer","floor":21,"turns":5},{"damage":25,"enemies":"Snake Plant","floor":24,"turns":7},{"damage":40,"enemies":"Shelled Parasite and Fungi","floor":27,"turns":8},{"damage":36,"enemies":"Sentry and Sphere","floor":28,"turns":11},{"damage":25,"enemies":"Centurion and Healer","floor":29,"turns":10},{"damage":30,"enemies":"Snake Plant","floor":30,"turns":6},{"damage":28,"enemies":"Snecko","floor":31,"turns":6},{"damage":74,"enemies":"Champ","floor":33,"turns":13},{"damage":38,"enemies":"3 Darklings","floor":35,"turns":5}],"seed_played":"-1769549596491684074","potions_obtained":[{"floor":1,"key":"Fire Potion"},{"floor":7,"key":"Weak Potion"},{"floor":10,"key":"Ancient Potion"},{"floor":19,"key":"GamblersBrew"},{"floor":30,"key":"Regen Potion"},{"floor":33,"key":"Fire Potion"}],"is_trial":false,"path_per_floor":["M","$","?","?","$","R","E","?","T","M","R","M","R","?","R","B",null,"M","M","$","M","?","R","M","?","T","M","M","M","M","M","R","B",null,"M","$"],"character_chosen":"IRONCLAD","items_purchased":["Matryoshka","Rampage","Feel No Pain","Purity","Limit Break+1"],"campfire_rested":4,"item_purchase_floors":[2,5,20,20,36],"current_hp_per_floor":[60,60,40,24,24,48,28,17,17,26,50,58,58,22,46,17,94,68,70,70,57,30,30,38,38,38,31,28,36,39,44,72,31,94,71,71],"gold":403,"neow_bonus":"TWO_FIFTY_GOLD","is_prod":false,"is_daily":false,"chose_seed":false,"campfire_upgraded":1,"win_rate":0,"timestamp":1565513603,"path_taken":["M","$","?","?","$","R","E","?","T","?","R","M","R","?","R","BOSS","M","M","$","M","?","R","?","?","T","M","M","M","M","?","R","BOSS","M","$"],"build_version":"2019-07-17","purchased_purges":2,"victory":false,"max_hp_per_floor":[80,80,80,80,80,80,80,80,80,80,80,80,80,80,80,80,94,94,94,94,94,94,94,94,94,94,94,94,94,94,94,94,94,94,94,94],"card_choices":[{"not_picked":["Bloodletting","Flex"],"picked":"Iron Wave","floor":1},{"not_picked":["Searing Blow","Heavy Blade"],"picked":"Rage","floor":7},{"not_picked":["Cleave","Wild Strike"],"picked":"Iron Wave","floor":10},{"not_picked":["Flame Barrier","Havoc"],"picked":"Rupture","floor":11},{"not_picked":["Flex","Sword Boomerang"],"picked":"True Grit","floor":12},{"not_picked":["Rampage","Fire Breathing"],"picked":"Inflame","floor":14},{"not_picked":["Pommel Strike","Perfected Strike"],"picked":"Whirlwind","floor":15},{"not_picked":["Fiend Fire","Reaper"],"picked":"Juggernaut","floor":16},{"not_picked":["Searing Blow","Headbutt+1","Warcry"],"picked":"SKIP","floor":18},{"not_picked":["Headbutt","Warcry"],"picked":"Inflame","floor":19},{"not_picked":["Havoc","Pommel Strike"],"picked":"Power Through","floor":21},{"not_picked":["Dual Wield","Headbutt+1"],"picked":"True Grit","floor":24},{"not_picked":["Cleave","Searing Blow"],"picked":"Flame Barrier+1","floor":27},{"not_picked":["Metallicize","Sword Boomerang"],"picked":"Rage+1","floor":28},{"not_picked":["Havoc+1","Bloodletting+1"],"picked":"Spot Weakness+1","floor":29},{"not_picked":["Whirlwind","Twin Strike"],"picked":"Heavy Blade","floor":30},{"not_picked":["Thunderclap","Headbutt"],"picked":"Armaments+1","floor":31},{"not_picked":["Wild Strike","Flex+1"],"picked":"Ghostly Armor+1","floor":32},{"not_picked":["Fiend Fire","Immolate"],"picked":"Juggernaut","floor":33},{"not_picked":["Sword Boomerang","Blood for Blood+1"],"picked":"Inflame+1","floor":35}],"player_experience":243886,"relics_obtained":[{"floor":7,"key":"Magic Flower"},{"floor":9,"key":"Dream Catcher"},{"floor":9,"key":"Self Forming Clay"},{"floor":14,"key":"Girya"},{"floor":17,"key":"MawBank"},{"floor":17,"key":"Meat on the Bone"},{"floor":17,"key":"Mango"},{"floor":26,"key":"Lantern"},{"floor":26,"key":"Toxic Egg 2"}],"event_choices":[{"damage_healed":0,"gold_gain":0,"player_choice":"Take Damage","damage_taken":20,"relics_obtained":["Golden Idol"],"max_hp_gain":0,"max_hp_loss":0,"event_name":"Golden Idol","floor":3,"gold_loss":0},{"damage_healed":0,"gold_gain":0,"player_choice":"Entered Light","damage_taken":16,"max_hp_gain":0,"max_hp_loss":0,"event_name":"Shining Light","floor":4,"gold_loss":0,"cards_upgraded":["Strike_R","Strike_R"]},{"damage_healed":0,"gold_gain":75,"player_choice":"Gather Gold","damage_taken":11,"max_hp_gain":0,"max_hp_loss":0,"event_name":"World of Goop","floor":8,"gold_loss":0},{"damage_healed":0,"gold_gain":0,"player_choice":"Searched \u00271\u0027 times","damage_taken":0,"max_hp_gain":0,"max_hp_loss":0,"event_name":"Dead Adventurer","floor":14,"gold_loss":0},{"damage_healed":0,"gold_gain":90,"player_choice":"GOLD CARD ","damage_taken":27,"max_hp_gain":0,"max_hp_loss":0,"event_name":"Knowing Skull","floor":22,"potions_obtained":[],"gold_loss":0,"cards_obtained":["Bandage Up"]},{"cards_removed":["Juggernaut"],"damage_healed":0,"gold_gain":0,"player_choice":"Took Card","damage_taken":0,"max_hp_gain":0,"max_hp_loss":0,"event_name":"NoteForYourself","floor":25,"gold_loss":0,"cards_obtained":["Defend_B"]}],"is_beta":false,"boss_relics":[{"not_picked":["Eternal Feather","Black Blood"],"picked":"Calling Bell"},{"not_picked":["Runic Dome","Black Star"],"picked":"Snecko Eye"}],"items_purged_floors":[2,20],"is_endless":false,"potions_floor_spawned":[1,7,10,19,21,24,30,33,35],"ascension_level":0}