{"gold_per_floor":[115,134,134,144,72,72,52,52,102,102,131,141,141,151,151,248,248,264,277,49,63,79,79,79,79,79,79,94,60,60,72,72,173,173,190,201,201,216,44,44,78,78,127,146,146,163,163,163,163,163],"floor_reached":51,"playtime":2535,"items_purged":["Strike_R","Strike_R"],"score":677,"play_id":"f29b889c-2ccc-4aba-a93e-44bef3341b64","local_time":"20190812111521","is_ascension_mode":false,"campfire_choices":[{"data":"Rampage","floor":6,"key":"SMITH"},{"data":"Carnage","floor":8,"key":"SMITH"},{"data":"Defend_R","floor":10,"key":"SMITH"},{"data":"Shrug It Off","floor":13,"key":"SMITH"},{"data":"Armaments","floor":15,"key":"SMITH"},{"data":"Entrench","floor":23,"key":"SMITH"},{"data":"Juggernaut","floor":25,"key":"SMITH"},{"data":"Metallicize","floor":27,"key":"SMITH"},{"data":"Spot Weakness","floor":32,"key":"SMITH"},{"floor":40,"key":"REST"},{"floor":42,"key":"REST"},{"data":"Entrench","floor":47,"key":"SMITH"},{"data":"Whirlwind","floor":49,"key":"SMITH"}],"neow_cost":"NONE","seed_source_timestamp":61190340852676,"circlet_count":0,"master_deck":["Strike_R","Strike_R","Strike_R","Defend_R+1","Defend_R","Defend_R+1","Defend_R+1","Bash","Carnage+1","Pommel Strike","Rampage+1","Shrug It Off+1","Cleave","Armaments+1","Juggernaut+1","Metallicize+1","Whirlwind+1","Entrench+1","Writhe","Anger+1","Spot Weakness+1","Juggernaut","Entrench+1","Pommel Strike+1","Metallicize","Clothesline+1","Uppercut+1"],"relics":["Burning Blood","Regal Pillow","Bag of Marbles","Centennial Puzzle","Anchor","Busted Crown","Strawberry","Molten Egg 2","Question Card","Sozu","Oddly Smooth Stone","War Paint"],"potions_floor_usage":[16,16,21,33,33],"damage_taken":[{"damage":11,"enemies":"Jaw Worm","floor":1,"turns":4},{"damage":1,"enemies":"Cultist","floor":2,"turns":3},{"damage":0,"enemies":"Small Slimes","floor":4,"turns":3},{"damage":20,"enemies":"Lagavulin","floor":11,"turns":4},{"damage":4,"enemies":"Blue Slaver","floor":12,"turns":3},{"damage":0,"enemies":"Looter","floor":14,"turns":2},{"damage":38,"enemies":"Hexaghost","floor":16,"turns":9},{"damage":3,"enemies":"Shell Parasite","floor":18,"turns":6},{"damage":17,"enemies":"Spheric Guardian","floor":19,"turns":4},{"damage":12,"enemies":"Cultist and Chosen","floor":21,"turns":6},{"damage":4,"enemies":"3 Cultists","floor":22,"turns":4},{"damage":5,"enemies":"Centurion and Healer","floor":28,"turns":6},{"damage":18,"enemies":"Snecko","floor":31,"turns":5},{"damage":14,"enemies":"Champ","floor":33,"turns":9},{"damage":8,"enemies":"Orb Walker","floor":35,"turns":3},{"damage":27,"enemies":"3 Darklings","floor":36,"turns":3},{"damage":16,"enemies":"Jaw Worm Horde","floor":38,"turns":6},{"damage":84,"enemies":"Reptomancer","floor":41,"turns":6},{"damage":13,"enemies":"Sphere and 2 Shapes","floor":44,"turns":4},{"damage":7,"enemies":"4 Shapes","floor":46,"turns":5},{"damage":38,"enemies":"Time Eater","floor":50,"turns":13}],"seed_played":"-214345044380690404","potions_obtained":[{"floor":2,"key":"Regen Potion"},{"floor":4,"key":"Regen Potion"},{"floor":7,"key":"FearPotion"},{"floor":12,"key":"SteroidPotion"},{"floor":19,"key":"SteroidPotion"},{"floor":21,"key":"EssenceOfSteel"}],"is_trial":false,"path_per_floor":["M","M","?","M","$","R","?","R","T","R","E","M","R","M","R","B",null,"M","M","$","M","M","R","?","R","T","R","M","$","?","M","R","B",null,"M","M","?","M","$","R","E","R","T","M","?","M","R","?","R","B",null],"character_chosen":"IRONCLAD","items_purchased":["Rampage","Strawberry","Spot Weakness","Metallicize"],"campfire_rested":2,"item_purchase_floors":[5,20,29,39],"current_hp_per_floor":[75,80,77,80,80,80,80,80,80,80,66,68,68,74,74,42,80,80,69,76,79,81,81,81,81,81,81,82,82,82,70,70,62,87,85,64,64,54,54,87,9,50,50,43,76,75,75,75,75,43],"gold":163,"neow_bonus":"RANDOM_COMMON_RELIC","is_prod":false,"is_daily":false,"chose_seed":false,"campfire_upgraded":11,"win_rate":0.0,"timestamp":1565622921,"path_taken":["M","M","?","M","$","R","?","R","T","R","E","M","R","M","R","BOSS","M","M","$","?","?","R","?","R","T","R","M","$","?","M","R","BOSS","M","M","?","M","$","R","E","R","T","M","?","M","R","?","R","BOSS"],"build_version":"2019-07-17","purchased_purges":2,"victory":true,"max_hp_per_floor":[80,80,80,80,80,80,80,80,80,80,80,80,80,80,80,80,80,80,80,87,87,87,87,87,87,87,87,87,87,87,87,87,87,87,87,87,87,87,87,87,87,87,87,87,76,76,76,76,76,76],"card_choices":[{"not_picked":["Thunderclap","Anger"],"picked":"Carnage","floor":1},{"not_picked":["Anger","Twin Strike"],"picked":"Pommel Strike","floor":2},{"not_picked":["Carnage","Heavy Blade","Burning Pact"],"picked":"SKIP","floor":4},{"not_picked":["Flame Barrier","Clash"],"picked":"Shrug It Off","floor":11},{"not_picked":["Twin Strike","Battle Trance"],"picked":"Cleave","floor":12},{"not_picked":["Shrug It Off","Combust"],"picked":"Armaments","floor":14},{"not_picked":["Bludgeon","Fiend Fire"],"picked":"Juggernaut","floor":16},{"not_picked":["Thunderclap"],"picked":"SKIP","floor":18},{"not_picked":[],"picked":"Metallicize","floor":19},{"not_picked":[],"picked":"Whirlwind","floor":21},{"not_picked":[],"picked":"Entrench","floor":22},{"not_picked":["Intimidate"],"picked":"Anger+1","floor":28},{"not_picked":["Anger+1","Sword Boomerang+1"],"picked":"SKIP","floor":31},{"not_picked":["Offering"],"picked":"Juggernaut","floor":33},{"not_picked":["Combust+1"],"picked":"Entrench","floor":35},{"not_picked":["Clash+1"],"picked":"Pommel Strike+1","floor":36},{"not_picked":["Thunderclap+1","Warcry+1"],"picked":"SKIP","floor":38},{"not_picked":["Rage+1","Perfected Strike+1"],"picked":"SKIP","floor":41},{"not_picked":["Spot Weakness+1"],"picked":"Clothesline+1","floor":44},{"not_picked":["Combust"],"picked":"Uppercut+1","floor":46}],"player_experience":11348,"relics_obtained":[{"floor":9,"key":"Centennial Puzzle"},{"floor":11,"key":"Anchor"},{"floor":26,"key":"Question Card"},{"floor":41,"key":"Oddly Smooth Stone"},{"floor":43,"key":"War Paint"}],"event_choices":[{"damage_healed":0,"gold_gain":0,"player_choice":"Success","damage_taken":3,"relics_obtained":["Bag of Marbles"],"max_hp_gain":0,"max_hp_loss":0,"event_name":"Scrap Ooze","floor":3,"gold_loss":0},{"damage_healed":0,"gold_gain":0,"player_choice":"Bought 1 Potion","damage_taken":0,"max_hp_gain":0,"max_hp_loss":0,"event_name":"The Woman in Blue","floor":7,"gold_loss":0},{"damage_healed":0,"gold_gain":0,"player_choice":"Opened","damage_taken":0,"relics_obtained":["Molten Egg 2"],"max_hp_gain":0,"max_hp_loss":0,"event_name":"The Mausoleum","floor":24,"gold_loss":0,"cards_obtained":["Writhe"]},{"damage_healed":0,"gold_gain":0,"player_choice":"Ignored","damage_taken":0,"max_hp_gain":0,"max_hp_loss":0,"event_name":"Tomb of Lord Red Mask","floor":37,"gold_loss":0},{"damage_healed":76,"gold_gain":0,"player_choice":"Heal","damage_taken":0,"max_hp_gain":0,"max_hp_loss":11,"event_name":"The Moai Head","floor":45,"gold_loss":0},{"damage_healed":0,"gold_gain":0,"player_choice":"Memory 1","damage_taken":0,"max_hp_gain":0,"max_hp_loss":0,"event_name":"SensoryStone","floor":48,"gold_loss":0}],"is_beta":false,"boss_relics":[{"not_picked":["Empty Cage","Ectoplasm"],"picked":"Busted Crown"},{"not_picked":["Coffee Dripper","Eternal Feather"],"picked":"Sozu"}],"items_purged_floors":[20,39],"is_endless":false,"potions_floor_spawned":[2,4,11,12,19,21,36,44],"ascension_level":0}