{"gold_per_floor":[118,88,105,122,142,168,168,186,259,534,286,320,339,367,367,469,469,489,506,216,216,234,267,267,285,285,297,315,348,348,366,366,467,467,483,496,496,61,61,91,91,122,174,203,220,220,245,263,263,263,263,263,115,142,142],"floor_reached":56,"playtime":6802,"items_purged":["Regret","Strike_B","Strike_B"],"score":1478,"play_id":"3cec7a72-b8f3-4704-8cca-d62ff8b838d3","local_time":"20190812233705","is_ascension_mode":true,"campfire_choices":[{"data":"Go for the Eyes","floor":7.0,"key":"SMITH"},{"data":"Genetic Algorithm","floor":15.0,"key":"SMITH"},{"data":"Echo Form","floor":24,"key":"SMITH"},{"data":"Fusion","floor":30,"key":"SMITH"},{"data":"Bandage Up","floor":32,"key":"SMITH"},{"floor":41,"key":"RECALL"},{"data":"Reboot","floor":49,"key":"SMITH"},{"data":"Capacitor","floor":52,"key":"SMITH"}],"neow_cost":"PERCENT_DAMAGE","seed_source_timestamp":78668591385700,"circlet_count":0,"master_deck":["Defend_B+1","Defend_B+1","Zap","Dualcast","Chill","Beam Cell","Streamline","Static Discharge","Go for the Eyes+1","Electrodynamics","Leap","Capacitor+1","Cold Snap","Bandage Up+1","All For One","Genetic Algorithm+1","Echo Form+1","Steam","Fusion+1","Gash","Gash+1","Gash","Redo+1","Loop+1","Reboot+1","BootSequence+1"],"special_seed":0,"relics":["Cracked Core","Incense Burner","Letter Opener","Torii","Strawberry","Runic Pyramid","Lantern","Bag of Preparation","Singing Bowl","Centennial Puzzle","Coffee Dripper","Bird Faced Urn","PreservedInsect","Dodecahedron","Darkstone Periapt","War Paint","Boot"],"potions_floor_usage":[22,42,44,50,50,55,55,55],"damage_taken":[{"damage":2.0,"enemies":"Jaw Worm","floor":1.0,"turns":3.0},{"damage":0.0,"enemies":"Cultist","floor":3.0,"turns":3.0},{"damage":3.0,"enemies":"Small Slimes","floor":4.0,"turns":3.0},{"damage":0.0,"enemies":"Exordium Thugs","floor":5.0,"turns":4.0},{"damage":8.0,"enemies":"3 Sentries","floor":6.0,"turns":3.0},{"damage":11.0,"enemies":"Blue Slaver","floor":8.0,"turns":2.0},{"damage":12.0,"enemies":"Lagavulin","floor":12.0,"turns":7.0},{"damage":2.0,"enemies":"Looter","floor":13.0,"turns":3.0},{"damage":15.0,"enemies":"Gremlin Nob","floor":14.0,"turns":4.0},{"damage":5.0,"enemies":"Hexaghost","floor":16.0,"turns":9.0},{"damage":11.0,"enemies":"Shell Parasite","floor":18.0,"turns":5.0},{"damage":1.0,"enemies":"3 Byrds","floor":19.0,"turns":4.0},{"damage":1,"enemies":"Snecko","floor":22,"turns":6},{"damage":15,"enemies":"Book of Stabbing","floor":23,"turns":6},{"damage":0,"enemies":"Sentry and Sphere","floor":25,"turns":4},{"damage":1,"enemies":"Shelled Parasite and Fungi","floor":27,"turns":6},{"damage":0,"enemies":"Chosen and Byrds","floor":28,"turns":6},{"damage":18,"enemies":"Slavers","floor":29,"turns":5},{"damage":12,"enemies":"Sentry and Sphere","floor":31,"turns":5},{"damage":1,"enemies":"Automaton","floor":33,"turns":9},{"damage":0,"enemies":"3 Shapes","floor":35,"turns":2},{"damage":0,"enemies":"Orb Walker","floor":36,"turns":4},{"damage":0,"enemies":"Giant Head","floor":40,"turns":7},{"damage":1,"enemies":"Reptomancer","floor":42,"turns":6},{"damage":0,"enemies":"Nemesis","floor":44,"turns":5},{"damage":28,"enemies":"3 Darklings","floor":45,"turns":5},{"damage":0,"enemies":"4 Shapes","floor":48,"turns":7},{"damage":11,"enemies":"Donu and Deca","floor":50,"turns":8},{"damage":55,"enemies":"Shield and Spear","floor":54,"turns":7},{"damage":77,"enemies":"The Heart","floor":55,"turns":9}],"seed_played":"-8264994952888282210","potions_obtained":[{"floor":2.0,"key":"Ancient Potion"},{"floor":2.0,"key":"Block Potion"},{"floor":3.0,"key":"Regen Potion"},{"floor":6.0,"key":"FearPotion"},{"floor":8.0,"key":"Regen Potion"},{"floor":12.0,"key":"GamblersBrew"},{"floor":14.0,"key":"Weak Potion"},{"floor":18.0,"key":"FearPotion"},{"floor":27,"key":"Poison Potion"},{"floor":28,"key":"Poison Potion"},{"floor":33,"key":"AttackPotion"},{"floor":42,"key":"Poison Potion"},{"floor":44,"key":"Poison Potion"}],"is_trial":false,"path_per_floor":["M","?","M","M","M","E","R","M","T","?","$","E","M","E","R","B",null,"M","M","$","?","M","E","R","M","T","M","M","E","R","M","R","B",null,"M","M","?","$","?","E","R","E","T","E","M","?","T","M","R","B",null,"R","$","E","B",null],"character_chosen":"DEFECT","items_purchased":["Capacitor","Cold Snap","Bandage Up","Lantern","Fusion","Bird Faced Urn","LiquidBronze","GamblersBrew"],"campfire_rested":0,"item_purchase_floors":[11,11,11,20,20,38,53,53],"current_hp_per_floor":[52,52,52,49,49,50,50,39,39,39,39,46,48,44,44,43,82,79,82,82,82,82,75,75,82,82,84,86,76,76,74,74,81,90,92,92,92,92,92,94,94,96,96,96,90,90,90,98,98,98,98,98,98,63,2],"gold":142,"neow_bonus":"TRANSFORM_TWO_CARDS","is_prod":false,"is_daily":false,"chose_seed":false,"campfire_upgraded":7,"win_rate":0,"timestamp":1565642225,"path_taken":["M","?","?","M","M","E","R","M","T","?","$","E","M","E","R","BOSS","M","M","$","?","M","E","R","M","T","M","M","E","R","M","R","BOSS","M","M","?","$","?","E","R","E","T","E","?","?","?","M","R","BOSS","R","$","E","BOSS"],"build_version":"2019-07-17","purchased_purges":3,"victory":true,"max_hp_per_floor":[75,75,75,75,75,75,75,75,75,75,75,75,75,82,82,82,82,82,82,82,82,82,82,82,82,82,84,86,86,86,88,88,90,90,92,92,92,92,92,94,94,96,96,96,96,96,96,98,98,98,98,98,98,100,100],"card_choices":[{"not_picked":["Steam","Conserve Battery"],"picked":"Streamline","floor":1.0},{"not_picked":["Streamline","Undo"],"picked":"Static Discharge","floor":3.0},{"not_picked":["Conserve Battery","Heatsinks"],"picked":"Go for the Eyes","floor":4.0},{"not_picked":["Self Repair","Stack"],"picked":"Electrodynamics","floor":5.0},{"not_picked":["Conserve Battery","Turbo","Stack"],"picked":"SKIP","floor":6.0},{"not_picked":["Stack","Chaos"],"picked":"Leap","floor":8.0},{"not_picked":["Steam Power","Rebound"],"picked":"All For One","floor":12.0},{"not_picked":["Conserve Battery","Hologram"],"picked":"Genetic Algorithm","floor":13.0},{"not_picked":["Amplify","Turbo","Steam"],"picked":"SKIP","floor":14.0},{"not_picked":["Seek","Amplify"],"picked":"Echo Form","floor":16.0},{"not_picked":["Stack+1","Beam Cell"],"picked":"Steam","floor":18.0},{"not_picked":["Compile Driver","Cold Snap","Hologram"],"picked":"SKIP","floor":19.0},{"not_picked":["Capacitor","Auto Shields"],"picked":"Gash","floor":22},{"not_picked":["Stack","Thunder Strike"],"picked":"Gash+1","floor":23},{"not_picked":["Rebound","Hologram"],"picked":"Gash","floor":25},{"not_picked":["Rebound","Coolheaded","White Noise+1"],"picked":"Singing Bowl","floor":27},{"not_picked":["Leap","Cold Snap","Coolheaded"],"picked":"Singing Bowl","floor":28},{"not_picked":["Coolheaded","Doom and Gloom"],"picked":"Redo+1","floor":29},{"not_picked":["Conserve Battery","Gash","Ball Lightning"],"picked":"Singing Bowl","floor":31},{"not_picked":["Rainbow","Electrodynamics","Multi-Cast"],"picked":"Singing Bowl","floor":33},{"not_picked":["Compile Driver","Hologram","Scrape+1"],"picked":"Singing Bowl","floor":35},{"not_picked":["Hello World+1","Beam Cell+1"],"picked":"Loop+1","floor":36},{"not_picked":["Steam+1","Leap+1","Conserve Battery+1"],"picked":"Singing Bowl","floor":40},{"not_picked":["Amplify","Hologram+1","FTL"],"picked":"Singing Bowl","floor":42},{"not_picked":["Gash+1","Steam Power+1"],"picked":"Reboot","floor":44},{"not_picked":["Hologram","Turbo"],"picked":"BootSequence+1","floor":45},{"not_picked":["Turbo+1","Go for the Eyes+1","Gash+1"],"picked":"Singing Bowl","floor":48},{"not_picked":["Beam Cell","Chill","Core Surge"],"picked":"Singing Bowl","floor":54}],"player_experience":182878,"relics_obtained":[{"floor":6.0,"key":"Incense Burner"},{"floor":9.0,"key":"Letter Opener"},{"floor":12.0,"key":"Torii"},{"floor":14.0,"key":"Strawberry"},{"floor":23,"key":"Bag of Preparation"},{"floor":26,"key":"Singing Bowl"},{"floor":29,"key":"Centennial Puzzle"},{"floor":40,"key":"PreservedInsect"},{"floor":42,"key":"Dodecahedron"},{"floor":44,"key":"Darkstone Periapt"},{"floor":47,"key":"War Paint"},{"floor":54,"key":"Boot"}],"event_choices":[{"damage_healed":0.0,"max_hp_gain":0.0,"max_hp_loss":0.0,"gold_gain":0.0,"event_name":"The Woman in Blue","player_choice":"Bought 2 Potions","floor":2.0,"gold_loss":0.0,"damage_taken":0.0},{"damage_healed":0.0,"max_hp_gain":0.0,"max_hp_loss":0.0,"gold_gain":275.0,"event_name":"Golden Shrine","player_choice":"Desecrate","floor":10.0,"gold_loss":0.0,"damage_taken":0.0,"cards_obtained":["Regret"]},{"damage_healed":0.0,"max_hp_gain":0.0,"max_hp_loss":0.0,"gold_gain":0.0,"event_name":"Ghosts","player_choice":"Ignored","floor":21.0,"gold_loss":0.0,"damage_taken":0.0},{"cards_removed":["Strike_B"],"damage_healed":0,"gold_gain":0,"player_choice":"Removed Attack","damage_taken":0,"max_hp_gain":0,"max_hp_loss":0,"event_name":"Falling","floor":37,"gold_loss":0},{"cards_removed":["Defend_B"],"damage_healed":0,"gold_gain":0,"player_choice":"Offered Basic","damage_taken":0,"max_hp_gain":0,"max_hp_loss":0,"event_name":"Bonfire Elementals","floor":39,"gold_loss":0},{"damage_healed":0,"gold_gain":0,"player_choice":"Ignored","damage_taken":0,"max_hp_gain":0,"max_hp_loss":0,"event_name":"Tomb of Lord Red Mask","floor":46,"gold_loss":0}],"is_beta":false,"boss_relics":[{"not_picked":["FrozenCore","Black Star"],"picked":"Runic Pyramid"},{"not_picked":["Lizard Tail","Philosopher\u0027s Stone"],"picked":"Coffee Dripper"}],"items_purged_floors":[11,20,38],"is_endless":false,"potions_floor_spawned":[3,5,6,8,12,14,18,27,28,31,33,35,42,44],"ascension_level":3}