{"gold_per_floor":[112,38,38,38,56,56,89,89,89,89,39,98,98,108,108,212,212,230,242,41,41,41,41,75,75,75,75,93,111,111,111,111,206,206,218,218,236,55,67,67,102,102,148,148,0,0,18,34,34,34],"floor_reached":51,"playtime":5067,"items_purged":[],"score":724,"play_id":"474c09a9-d34e-4787-9dbd-ad8e56add7ad","local_time":"20190810204416","is_ascension_mode":false,"campfire_choices":[{"floor":6.0,"key":"REST"},{"floor":10.0,"key":"REST"},{"data":"Inflame","floor":13.0,"key":"SMITH"},{"floor":15.0,"key":"REST"},{"floor":23.0,"key":"REST"},{"data":"Whirlwind","floor":27.0,"key":"SMITH"},{"floor":30.0,"key":"REST"},{"data":"Heavy Blade","floor":32.0,"key":"SMITH"},{"floor":40.0,"key":"REST"},{"data":"Limit Break","floor":42,"key":"SMITH"},{"data":"Inflame","floor":44,"key":"SMITH"},{"floor":49,"key":"REST"}],"neow_cost":"PERCENT_DAMAGE","seed_source_timestamp":0,"circlet_count":0,"master_deck":["Strike_R+1","Strike_R+1","Strike_R+1","Strike_R+1","Bash+1","Bloodletting+1","Spot Weakness+1","Armaments+1","Combust","Corruption","Inflame+1","Inflame","Body Slam","Feed","Iron Wave+1","Whirlwind+1","Shrug It Off","Barricade","Shrug It Off+1","Metallicize","Heavy Blade+1","Limit Break+1","Rupture+1","The Bomb","Shrug It Off+1","Inflame+1","Pommel Strike+1","Dark Embrace","Flex+1","Shrug It Off+1"],"special_seed":0,"relics":["Black Blood","Self Forming Clay","Blood Vial","Tiny Chest","Sozu","Omamori","War Paint","Shuriken","Bottled Flame","Potion Belt","Bag of Preparation","Lantern","Ancient Tea Set","Red Mask"],"potions_floor_usage":[],"damage_taken":[{"damage":1.0,"enemies":"Cultist","floor":1.0,"turns":3.0},{"damage":14.0,"enemies":"Jaw Worm","floor":5.0,"turns":2.0},{"damage":32.0,"enemies":"3 Sentries","floor":7.0,"turns":5.0},{"damage":17.0,"enemies":"Gremlin Nob","floor":12.0,"turns":3.0},{"damage":5.0,"enemies":"2 Louse","floor":14.0,"turns":2.0},{"damage":20.0,"enemies":"Slime Boss","floor":16.0,"turns":8.0},{"damage":20.0,"enemies":"Shell Parasite","floor":18.0,"turns":4.0},{"damage":23.0,"enemies":"2 Thieves","floor":19.0,"turns":4.0},{"damage":30.0,"enemies":"Gremlin Leader","floor":24.0,"turns":5.0},{"damage":27.0,"enemies":"Centurion and Healer","floor":28.0,"turns":4.0},{"damage":7.0,"enemies":"3 Cultists","floor":29.0,"turns":4.0},{"damage":60.0,"enemies":"Automaton","floor":33.0,"turns":8.0},{"damage":5.0,"enemies":"3 Shapes","floor":35.0,"turns":9.0},{"damage":14.0,"enemies":"3 Darklings","floor":37.0,"turns":6.0},{"damage":31.0,"enemies":"Jaw Worm Horde","floor":39.0,"turns":3.0},{"damage":11,"enemies":"Giant Head","floor":41,"turns":7},{"damage":31,"enemies":"Spire Growth","floor":47,"turns":4},{"damage":11,"enemies":"Sphere and 2 Shapes","floor":48,"turns":6},{"damage":84,"enemies":"Awakened One","floor":50,"turns":8}],"seed_played":"-6563017892386920812","potions_obtained":[{"floor":1.0,"key":"LiquidBronze"},{"floor":4.0,"key":"Dexterity Potion"},{"floor":4.0,"key":"Energy Potion"}],"is_trial":false,"path_per_floor":["M","$","?","?","M","R","E","?","T","R","?","E","R","M","R","B",null,"M","M","$","?","?","R","E","?","T","R","M","M","R","?","R","B",null,"M","?","M","$","M","R","E","R","T","R","$","?","M","M","R","B",null],"character_chosen":"IRONCLAD","items_purchased":["Combust","Shrug It Off","Omamori","Inflame","Potion Belt","Ancient Tea Set"],"campfire_rested":7,"item_purchase_floors":[2,20,20,38,38,45],"current_hp_per_floor":[61,61,45,45,37,61,35,28,28,52,52,43,43,46,70,58,80,66,51,51,51,51,75,56,56,56,56,37,41,66,66,66,17,89,92,92,88,88,69,92,91,91,91,91,91,91,71,75,95,21],"gold":34,"neow_bonus":"TRANSFORM_TWO_CARDS","is_prod":false,"is_daily":false,"chose_seed":false,"campfire_upgraded":5,"win_rate":0,"timestamp":1565462656,"path_taken":["M","$","?","?","?","R","E","?","T","R","?","E","R","M","R","BOSS","M","M","$","?","?","R","E","?","T","R","M","?","R","?","R","BOSS","M","?","M","$","M","R","E","R","T","R","$","?","M","M","R","BOSS"],"build_version":"2019-07-17","purchased_purges":0,"victory":true,"max_hp_per_floor":[80,80,80,80,80,80,80,80,80,80,80,80,80,80,80,80,80,80,80,80,80,80,80,83,83,83,83,83,86,86,86,86,89,89,92,92,92,92,92,92,92,92,92,92,92,92,92,95,95,95],"card_choices":[{"not_picked":["Heavy Blade","Havoc"],"picked":"Armaments","floor":1.0},{"not_picked":["Seeing Red","Bloodletting"],"picked":"Corruption","floor":5.0},{"not_picked":["Rampage","Pommel Strike"],"picked":"Inflame","floor":7.0},{"not_picked":["Thunderclap","Second Wind"],"picked":"Inflame","floor":12.0},{"not_picked":["Corruption","Ghostly Armor"],"picked":"Body Slam","floor":14.0},{"not_picked":["Double Tap","Dark Embrace"],"picked":"Feed","floor":16.0},{"not_picked":["Pummel","True Grit"],"picked":"Iron Wave+1","floor":18.0},{"not_picked":["Clash","Clothesline"],"picked":"Whirlwind","floor":19.0},{"not_picked":["Entrench","Pommel Strike"],"picked":"Shrug It Off+1","floor":24.0},{"not_picked":["Anger","Sever Soul"],"picked":"Metallicize","floor":28.0},{"not_picked":["Clothesline","Cleave+1"],"picked":"Heavy Blade","floor":29.0},{"not_picked":["Fiend Fire","Berserk"],"picked":"Limit Break","floor":33.0},{"not_picked":["Wild Strike+1","Havoc"],"picked":"Rupture+1","floor":35.0},{"not_picked":["Panacea","Purity"],"picked":"The Bomb","floor":36.0},{"not_picked":["Battle Trance","Armaments+1"],"picked":"Shrug It Off+1","floor":37.0},{"not_picked":["Headbutt","Battle Trance+1"],"picked":"Pommel Strike+1","floor":39.0},{"not_picked":["Rage","Pummel+1"],"picked":"Dark Embrace","floor":41},{"not_picked":["Heavy Blade+1","Disarm"],"picked":"Flex+1","floor":47},{"not_picked":["Reckless Charge+1","Perfected Strike+1"],"picked":"Shrug It Off+1","floor":48}],"player_experience":238819,"relics_obtained":[{"floor":7.0,"key":"Self Forming Clay"},{"floor":9.0,"key":"Blood Vial"},{"floor":12.0,"key":"Tiny Chest"},{"floor":24.0,"key":"Shuriken"},{"floor":26.0,"key":"Bottled Flame"},{"floor":41,"key":"Bag of Preparation"},{"floor":43,"key":"Lantern"}],"event_choices":[{"damage_healed":0.0,"max_hp_gain":0.0,"max_hp_loss":0.0,"gold_gain":0.0,"event_name":"Shining Light","player_choice":"Entered Light","floor":3.0,"gold_loss":0.0,"damage_taken":16.0,"cards_upgraded":["Armaments","Bash"]},{"damage_healed":0.0,"max_hp_gain":0.0,"max_hp_loss":0.0,"gold_gain":0.0,"event_name":"Lab","player_choice":"Got Potions","floor":4.0,"gold_loss":0.0,"damage_taken":0.0},{"cards_removed":["Defend_R"],"damage_healed":0.0,"max_hp_gain":0.0,"max_hp_loss":0.0,"gold_gain":0.0,"event_name":"Golden Wing","player_choice":"Card Removal","floor":8.0,"gold_loss":0.0,"damage_taken":7.0},{"cards_removed":["Defend_R"],"damage_healed":0.0,"max_hp_gain":0.0,"max_hp_loss":0.0,"gold_gain":0.0,"event_name":"The Cleric","player_choice":"Card Removal","floor":11.0,"gold_loss":50.0,"damage_taken":0.0},{"damage_healed":0.0,"max_hp_gain":0.0,"max_hp_loss":0.0,"gold_gain":0.0,"event_name":"The Library","player_choice":"Read","floor":21.0,"gold_loss":0.0,"damage_taken":0.0,"cards_obtained":["Barricade"]},{"damage_healed":0.0,"max_hp_gain":0.0,"max_hp_loss":0.0,"gold_gain":0.0,"event_name":"The Mausoleum","player_choice":"Opened","floor":22.0,"gold_loss":0.0,"damage_taken":0.0,"relics_obtained":["War Paint"],"cards_obtained":["Writhe"]},{"cards_removed":["Strike_R"],"damage_healed":0.0,"max_hp_gain":0.0,"max_hp_loss":0.0,"gold_gain":0.0,"event_name":"Wheel of Change","player_choice":"Card Removal","floor":25.0,"gold_loss":0.0,"damage_taken":0.0},{"damage_healed":0.0,"max_hp_gain":0.0,"max_hp_loss":0.0,"gold_gain":0.0,"event_name":"Back to Basics","player_choice":"Simplicity","floor":31.0,"gold_loss":0.0,"damage_taken":0.0,"cards_upgraded":["Strike_R","Strike_R","Strike_R","Strike_R"]},{"damage_healed":0.0,"max_hp_gain":0.0,"max_hp_loss":0.0,"gold_gain":0.0,"event_name":"SensoryStone","player_choice":"Memory 1","floor":36.0,"gold_loss":0.0,"damage_taken":0.0},{"damage_healed":0,"gold_gain":0,"player_choice":"Paid","damage_taken":0,"relics_obtained":["Red Mask"],"max_hp_gain":0,"max_hp_loss":0,"event_name":"Tomb of Lord Red Mask","floor":46,"gold_loss":0}],"is_beta":false,"boss_relics":[{"not_picked":["Snecko Eye","Runic Dome"],"picked":"Sozu"},{"not_picked":["White Beast Statue","Astrolabe"],"picked":"Black Blood"}],"items_purged_floors":[],"is_endless":false,"potions_floor_spawned":[1,14,18,41,48],"ascension_level":0}