{"gold_per_floor":[109,125,125,149,99,142,142,142,142,178,198,217,217,231,231,357,357,380,398,398,82,93,93,107,107,107,107,107,0,31,31,31,130,130,145,195,195,41,54,54,54,54,108,8,8,8,8,35,35,35],"floor_reached":51,"playtime":4307,"items_purged":["Strike_R","Perfected Strike"],"score":779,"play_id":"40d7a5b0-677d-40cf-8f4d-c72c81aec51a","local_time":"20190804220556","is_ascension_mode":true,"campfire_choices":[{"data":"Armaments","floor":7.0,"key":"SMITH"},{"data":"Bash","floor":13.0,"key":"SMITH"},{"floor":15.0,"key":"REST"},{"data":"Barricade","floor":23.0,"key":"SMITH"},{"data":"Metallicize","floor":25.0,"key":"SMITH"},{"data":"Metallicize","floor":28.0,"key":"SMITH"},{"floor":32.0,"key":"REST"},{"data":"Offering","floor":45,"key":"SMITH"},{"floor":47,"key":"REST"},{"data":"Pommel Strike","floor":49,"key":"SMITH"}],"neow_cost":"NONE","seed_source_timestamp":1639035027246100,"circlet_count":0,"master_deck":["Strike_R+1","Strike_R+1","Defend_R+1","Defend_R+1","Defend_R+1","Bash+1","Armaments+1","Combust+1","Metallicize+1","Metallicize+1","Pommel Strike+1","Flex","Barricade+1","Cleave+1","Good Instincts","Offering+1","Offering+1","Rage+1","Shrug It Off+1","Master of Strategy","Intimidate+1","Metallicize+1"],"special_seed":0,"relics":["Burning Blood","Bloody Idol","Letter Opener","Bottled Flame","Happy Flower","Empty Cage","Centennial Puzzle","Frozen Egg 2","Dream Catcher","Sozu","Nunchaku","Ancient Tea Set","Lantern","Pocketwatch"],"potions_floor_usage":[],"damage_taken":[{"damage":12.0,"enemies":"2 Louse","floor":1.0,"turns":3.0},{"damage":6.0,"enemies":"Jaw Worm","floor":2.0,"turns":6.0},{"damage":1.0,"enemies":"Cultist","floor":4.0,"turns":3.0},{"damage":22.0,"enemies":"Gremlin Nob","floor":6.0,"turns":4.0},{"damage":13.0,"enemies":"3 Sentries","floor":10.0,"turns":5.0},{"damage":11.0,"enemies":"Exordium Wildlife","floor":11.0,"turns":3.0},{"damage":8.0,"enemies":"Looter","floor":12.0,"turns":4.0},{"damage":18.0,"enemies":"Blue Slaver","floor":14.0,"turns":4.0},{"damage":37.0,"enemies":"Hexaghost","floor":16.0,"turns":8.0},{"damage":23.0,"enemies":"Shell Parasite","floor":18.0,"turns":10.0},{"damage":30.0,"enemies":"3 Byrds","floor":19.0,"turns":5.0},{"damage":31.0,"enemies":"Snake Plant","floor":22.0,"turns":7.0},{"damage":26.0,"enemies":"Snecko","floor":24.0,"turns":6.0},{"damage":32.0,"enemies":"Gremlin Leader","floor":30.0,"turns":7.0},{"damage":38.0,"enemies":"Champ","floor":33.0,"turns":17.0},{"damage":23.0,"enemies":"3 Darklings","floor":35.0,"turns":4.0},{"damage":32,"enemies":"2 Orb Walkers","floor":36,"turns":3},{"damage":2,"enemies":"3 Shapes","floor":39,"turns":7},{"damage":16,"enemies":"Reptomancer","floor":48,"turns":6},{"damage":58,"enemies":"Time Eater","floor":50,"turns":18}],"seed_played":"8817698534009113452","potions_obtained":[{"floor":2.0,"key":"SpeedPotion"},{"floor":4.0,"key":"Fire Potion"},{"floor":6.0,"key":"Weak Potion"},{"floor":12.0,"key":"LiquidBronze"},{"floor":19.0,"key":"BloodPotion"},{"floor":24.0,"key":"GamblersBrew"},{"floor":30.0,"key":"FearPotion"}],"is_trial":false,"path_per_floor":["M","M","?","M","?","E","R","?","T","E","M","M","R","M","R","B",null,"M","M","?","$","M","R","M","R","T","?","R","?","E","?","R","B",null,"M","?","?","$","M","?","?","$","T","$","R","$","R","E","R","B",null],"character_chosen":"IRONCLAD","items_purchased":["Centennial Puzzle","Good Instincts","Ancient Tea Set"],"campfire_rested":3,"item_purchase_floors":[21,21,38],"current_hp_per_floor":[82,82,60,65,65,49,49,49,49,42,37,35,35,23,49,18,88,71,47,47,47,49,49,34,34,34,34,34,34,13,42,68,41,88,76,55,55,55,64,64,64,64,69,69,69,69,88,83,83,31],"gold":35,"neow_bonus":"TEN_PERCENT_HP_BONUS","is_prod":false,"is_daily":false,"chose_seed":false,"campfire_upgraded":7,"win_rate":0,"timestamp":1564945556,"path_taken":["M","M","?","M","?","E","R","?","T","E","M","M","R","M","R","BOSS","M","M","?","$","M","R","M","R","T","?","R","?","E","?","R","BOSS","M","?","?","$","?","?","?","?","T","?","R","$","R","E","R","BOSS"],"build_version":"2019-07-17","purchased_purges":2,"victory":true,"max_hp_per_floor":[88,88,88,88,88,88,88,88,88,88,88,88,88,88,88,88,88,88,88,88,88,88,88,88,88,88,88,88,88,88,88,88,88,88,88,88,88,88,88,88,88,88,88,88,88,88,88,88,88,88],"card_choices":[{"not_picked":["Pommel Strike","Body Slam"],"picked":"Armaments","floor":1.0},{"not_picked":["Entrench","Warcry"],"picked":"Perfected Strike","floor":2.0},{"not_picked":["Rupture","True Grit"],"picked":"Combust","floor":4.0},{"not_picked":["True Grit","Anger"],"picked":"Dual Wield","floor":6.0},{"not_picked":["Thunderclap","Battle Trance"],"picked":"Metallicize","floor":10.0},{"not_picked":["Uppercut","Heavy Blade"],"picked":"Metallicize","floor":11.0},{"not_picked":["Body Slam","Thunderclap"],"picked":"Pommel Strike","floor":12.0},{"not_picked":["Searing Blow","Burning Pact"],"picked":"Flex","floor":14.0},{"not_picked":["Brutality","Exhume"],"picked":"Barricade","floor":16.0},{"not_picked":["Cleave","Fire Breathing+1","Pummel+1"],"picked":"SKIP","floor":18.0},{"not_picked":["Headbutt","Reckless Charge"],"picked":"Cleave+1","floor":19.0},{"not_picked":["Cleave","Clothesline","Hemokinesis"],"picked":"SKIP","floor":22.0},{"not_picked":["Cleave","Feel No Pain+1","Shockwave"],"picked":"SKIP","floor":24.0},{"not_picked":["Anger+1","Clothesline","Wild Strike"],"picked":"SKIP","floor":30.0},{"not_picked":["Burning Pact+1","Thunderclap"],"picked":"Offering","floor":32.0},{"not_picked":["Barricade+1","Berserk+1"],"picked":"Offering","floor":33.0},{"not_picked":["Intimidate","Second Wind+1"],"picked":"Rage+1","floor":35},{"not_picked":["Clothesline+1","Feel No Pain+1"],"picked":"Shrug It Off+1","floor":36},{"not_picked":["Sentinel","Wild Strike","Armaments"],"picked":"SKIP","floor":39},{"not_picked":["Jack Of All Trades","PanicButton"],"picked":"Master of Strategy","floor":40},{"not_picked":["Twin Strike","True Grit"],"picked":"Intimidate+1","floor":47},{"not_picked":["Disarm","Second Wind+1"],"picked":"Metallicize+1","floor":48}],"player_experience":60229,"relics_obtained":[{"floor":6.0,"key":"Letter Opener"},{"floor":9.0,"key":"Bottled Flame"},{"floor":10.0,"key":"Happy Flower"},{"floor":26.0,"key":"Frozen Egg 2"},{"floor":30.0,"key":"Dream Catcher"},{"floor":36,"key":"Nunchaku"},{"floor":43,"key":"Lantern"},{"floor":48,"key":"Pocketwatch"}],"event_choices":[{"damage_healed":0.0,"max_hp_gain":0.0,"max_hp_loss":0.0,"gold_gain":0.0,"event_name":"Golden Idol","player_choice":"Take Damage","floor":3.0,"gold_loss":0.0,"damage_taken":22.0,"relics_obtained":["Golden Idol"]},{"cards_removed":["Defend_R"],"damage_healed":0.0,"max_hp_gain":0.0,"max_hp_loss":0.0,"gold_gain":0.0,"event_name":"The Cleric","player_choice":"Card Removal","floor":5.0,"gold_loss":50.0,"damage_taken":0.0},{"damage_healed":0.0,"max_hp_gain":0.0,"max_hp_loss":0.0,"gold_gain":0.0,"event_name":"Accursed Blacksmith","player_choice":"Forge","floor":8.0,"gold_loss":0.0,"damage_taken":0.0,"cards_upgraded":["Combust"]},{"damage_healed":0.0,"max_hp_gain":0.0,"max_hp_loss":0.0,"gold_gain":0.0,"event_name":"Forgotten Altar","player_choice":"Gave Idol","floor":20.0,"relics_lost":["Golden Idol"],"gold_loss":0.0,"damage_taken":0.0,"relics_obtained":["Bloody Idol"]},{"damage_healed":0.0,"max_hp_gain":0.0,"max_hp_loss":0.0,"gold_gain":0.0,"event_name":"Back to Basics","player_choice":"Simplicity","floor":27.0,"gold_loss":0.0,"damage_taken":0.0,"cards_upgraded":["Strike_R","Strike_R","Strike_R","Defend_R","Defend_R","Defend_R"]},{"damage_healed":0.0,"max_hp_gain":0.0,"max_hp_loss":0.0,"gold_gain":0.0,"event_name":"Masked Bandits","player_choice":"Paid Fearfully","floor":29.0,"gold_loss":107.0,"damage_taken":0.0},{"damage_healed":29.0,"max_hp_gain":0.0,"max_hp_loss":0.0,"gold_gain":0.0,"event_name":"The Library","player_choice":"Heal","floor":31.0,"gold_loss":0.0,"damage_taken":0.0},{"damage_healed":0,"gold_gain":0,"player_choice":"Fight","damage_taken":0,"max_hp_gain":0,"max_hp_loss":0,"event_name":"Mysterious Sphere","floor":36,"gold_loss":0},{"damage_healed":0,"gold_gain":0,"player_choice":"Upgraded","damage_taken":0,"max_hp_gain":0,"max_hp_loss":0,"event_name":"Upgrade Shrine","floor":37,"gold_loss":0,"cards_upgraded":["Offering"]},{"damage_healed":0,"gold_gain":0,"player_choice":"Memory 1","damage_taken":0,"max_hp_gain":0,"max_hp_loss":0,"event_name":"SensoryStone","floor":40,"gold_loss":0},{"cards_removed":["Strike_R"],"damage_healed":0,"gold_gain":0,"player_choice":"Removed Attack","damage_taken":0,"max_hp_gain":0,"max_hp_loss":0,"event_name":"Falling","floor":41,"gold_loss":0}],"is_beta":false,"boss_relics":[{"not_picked":["Runic Pyramid","Philosopher\u0027s Stone"],"picked":"Empty Cage"},{"not_picked":["Astrolabe","Runic Cube"],"picked":"Sozu"}],"items_purged_floors":[21,44],"is_endless":false,"potions_floor_spawned":[2,4,6,12,19,24,30,35,39,48],"ascension_level":4}