{"gold_per_floor":[116,126,201,72,72,72,92,92,165,165,186,186,229,248,248,376,376,395,414,329,5,185,185,13,36,83,117,117,140,184,205,205,336,336,349,7,26,95,114,132,155,155,224,224,240,240,240,263,263,263,263,263,83,118,118],"floor_reached":56,"playtime":5492,"items_purged":["Strike_R","Strike_R","Strike_R","Strike_R"],"score":1212,"play_id":"597641e5-9a31-413a-a870-100b1061d1ec","local_time":"20190719190012","is_ascension_mode":false,"campfire_choices":[{"data":"Bash","floor":6,"key":"SMITH"},{"floor":12,"key":"REST"},{"data":"Disarm","floor":15,"key":"SMITH"},{"data":"True Grit","floor":23,"key":"SMITH"},{"data":"Shrug It Off","floor":28,"key":"SMITH"},{"data":"Flex","floor":32,"key":"SMITH"},{"data":"Armaments","floor":42,"key":"SMITH"},{"floor":44,"key":"RECALL"},{"data":"Shockwave","floor":46,"key":"SMITH"},{"data":"Demon Form","floor":49,"key":"SMITH"},{"data":"Limit Break","floor":52,"key":"SMITH"}],"neow_cost":"PERCENT_DAMAGE","seed_source_timestamp":924332251500,"circlet_count":0,"master_deck":["Strike_R+1","Defend_R","Defend_R+1","Defend_R","Defend_R","Bash+1","Disarm+1","Shrug It Off+1","Cleave","Pommel Strike","Dropkick+1","Carnage+1","Uppercut+1","Fiend Fire+1","True Grit+1","Flex+1","Demon Form+1","Limit Break+1","Reaper+1","Shrug It Off","Heavy Blade+1","Inflame+1","Ghostly Armor","Shockwave+1","Impervious","Body Slam+1","Armaments+1","Flex","Disarm+1","Offering","True Grit+1","Sentinel+1","Inflame+1","Swift Strike+1","Exhume","Metallicize","Clothesline+1","Body Slam+1"],"relics":["Burning Blood","Molten Egg 2","Golden Idol","Dead Branch","Runic Pyramid","Omamori","Membership Card","Art of War","Meat on the Bone","Coffee Dripper","Matryoshka","DollysMirror","Pocketwatch","Lantern","Question Card","Regal Pillow","Happy Flower","Paper Frog"],"potions_floor_usage":[11,31,37,50,55,55,55],"damage_taken":[{"damage":8,"enemies":"Jaw Worm","floor":1,"turns":5},{"damage":0,"enemies":"Small Slimes","floor":2,"turns":4},{"damage":0,"enemies":"2 Louse","floor":7,"turns":2},{"damage":0,"enemies":"Blue Slaver","floor":11,"turns":4},{"damage":24,"enemies":"Lagavulin","floor":13,"turns":10},{"damage":10,"enemies":"Lots of Slimes","floor":14,"turns":4},{"damage":2,"enemies":"The Guardian","floor":16,"turns":13},{"damage":18,"enemies":"2 Thieves","floor":18,"turns":3},{"damage":5,"enemies":"Chosen","floor":19,"turns":4},{"damage":16,"enemies":"Snecko","floor":25,"turns":4},{"damage":10,"enemies":"Book of Stabbing","floor":27,"turns":6},{"damage":1,"enemies":"3 Cultists","floor":29,"turns":5},{"damage":10,"enemies":"Gremlin Leader","floor":30,"turns":4},{"damage":10,"enemies":"Snake Plant","floor":31,"turns":4},{"damage":36,"enemies":"Automaton","floor":33,"turns":9},{"damage":0,"enemies":"3 Shapes","floor":35,"turns":5},{"damage":12,"enemies":"3 Darklings","floor":37,"turns":6},{"damage":18,"enemies":"2 Orb Walkers","floor":38,"turns":4},{"damage":8,"enemies":"Jaw Worm Horde","floor":39,"turns":3},{"damage":13,"enemies":"Spire Growth","floor":40,"turns":4},{"damage":0,"enemies":"Maw","floor":41,"turns":5},{"damage":0,"enemies":"Transient","floor":45,"turns":5},{"damage":32,"enemies":"Time Eater","floor":50,"turns":7},{"damage":33,"enemies":"Shield and Spear","floor":54,"turns":5},{"damage":64,"enemies":"The Heart","floor":55,"turns":7}],"seed_played":"-1092220489434195726","potions_obtained":[{"floor":7,"key":"Block Potion"},{"floor":11,"key":"Regen Potion"},{"floor":13,"key":"Swift Potion"},{"floor":18,"key":"LiquidBronze"},{"floor":30,"key":"PowerPotion"},{"floor":33,"key":"AttackPotion"},{"floor":37,"key":"PowerPotion"},{"floor":45,"key":"Energy Potion"},{"floor":54,"key":"Ancient Potion"}],"is_trial":false,"path_per_floor":["M","M","?","$","?","R","M","$","T","?","M","R","E","M","R","B",null,"M","M","?","$","?","R","$","M","T","E","R","M","E","M","R","B",null,"M","$","M","?","M","M","M","R","T","R","M","R","?","T","R","B",null,"R","$","E","B",null],"character_chosen":"IRONCLAD","items_purchased":["Cleave","Membership Card","Demon Form","Limit Break","Reaper+1","Shrug It Off","Matryoshka","Armaments","Flex","DollysMirror","Exhume","Metallicize","Clothesline+1"],"campfire_rested":1,"item_purchase_floors":[4,21,21,24,24,24,36,36,36,36,53,53,53],"current_hp_per_floor":[70,76,65,65,46,46,52,52,52,28,34,62,44,40,40,44,96,84,85,85,85,58,58,58,64,64,60,60,73,93,96,96,66,96,96,96,90,78,76,69,75,75,75,75,81,81,81,81,81,96,96,96,96,69,28],"gold":118,"neow_bonus":"TWENTY_PERCENT_HP_BONUS","is_prod":false,"is_daily":false,"chose_seed":false,"campfire_upgraded":9,"win_rate":0,"timestamp":1563577212,"path_taken":["M","M","?","$","?","R","?","$","T","?","M","R","E","M","R","BOSS","M","M","?","$","?","R","$","?","T","E","R","M","E","M","R","BOSS","M","$","M","?","M","M","M","R","T","R","M","R","?","?","R","BOSS","R","$","E","BOSS"],"build_version":"2019-07-17","purchased_purges":4,"victory":true,"max_hp_per_floor":[96,96,96,96,96,96,96,96,96,96,96,96,96,96,96,96,96,96,96,96,96,96,96,96,96,96,96,96,96,96,96,96,96,96,96,96,96,96,96,96,96,96,96,96,96,96,96,96,96,96,96,96,96,96,96],"card_choices":[{"not_picked":["Headbutt","Wild Strike"],"picked":"Disarm","floor":1},{"not_picked":["Sword Boomerang","Second Wind"],"picked":"Shrug It Off","floor":2},{"not_picked":["Second Wind","Hemokinesis"],"picked":"Pommel Strike","floor":7},{"not_picked":["Clash+1","True Grit"],"picked":"Dropkick+1","floor":11},{"not_picked":["Shrug It Off","Sever Soul+1"],"picked":"Carnage+1","floor":13},{"not_picked":["Brutality","Twin Strike+1"],"picked":"Uppercut+1","floor":14},{"not_picked":["Bludgeon+1","Barricade"],"picked":"Fiend Fire+1","floor":16},{"not_picked":["Headbutt+1","Thunderclap+1"],"picked":"True Grit","floor":18},{"not_picked":["Pummel+1","Anger+1"],"picked":"Flex","floor":19},{"not_picked":["Warcry","Pommel Strike+1"],"picked":"Heavy Blade+1","floor":25},{"not_picked":["Pommel Strike+1","Burning Pact"],"picked":"Inflame+1","floor":27},{"not_picked":["Dual Wield+1","Reaper+1","Rupture"],"picked":"SKIP","floor":29},{"not_picked":["Dual Wield","Perfected Strike+1"],"picked":"Ghostly Armor","floor":30},{"not_picked":["Infernal Blade","Anger+1"],"picked":"Shockwave","floor":31},{"not_picked":["Fiend Fire+1","Barricade"],"picked":"Impervious","floor":33},{"not_picked":["Battle Trance","Heavy Blade+1"],"picked":"Body Slam+1","floor":35},{"not_picked":["Twin Strike+1","Iron Wave+1"],"picked":"Offering","floor":37},{"not_picked":["Cleave+1","Clothesline+1"],"picked":"True Grit+1","floor":39},{"not_picked":["Power Through","Combust+1","Cleave+1"],"picked":"SKIP","floor":40},{"not_picked":["Inflame","True Grit+1"],"picked":"Sentinel+1","floor":41},{"not_picked":["True Grit","Heavy Blade+1","Sword Boomerang+1"],"picked":"Inflame+1","floor":45},{"not_picked":["Jack Of All Trades","Mind Blast+1","Madness"],"picked":"Swift Strike+1","floor":47},{"not_picked":["Wild Strike+1","Anger+1","Metallicize"],"picked":"Body Slam+1","floor":54}],"player_experience":324317,"relics_obtained":[{"floor":9,"key":"Molten Egg 2"},{"floor":13,"key":"Dead Branch"},{"floor":27,"key":"Art of War"},{"floor":30,"key":"Meat on the Bone"},{"floor":38,"key":"Pocketwatch"},{"floor":43,"key":"Lantern"},{"floor":43,"key":"Question Card"},{"floor":48,"key":"Regal Pillow"},{"floor":48,"key":"Happy Flower"},{"floor":54,"key":"Paper Frog"}],"event_choices":[{"damage_healed":0,"gold_gain":75,"player_choice":"Gather Gold","damage_taken":11,"max_hp_gain":0,"max_hp_loss":0,"event_name":"World of Goop","floor":3,"gold_loss":0},{"damage_healed":0,"gold_gain":0,"player_choice":"Entered Light","damage_taken":19,"max_hp_gain":0,"max_hp_loss":0,"event_name":"Shining Light","floor":5,"gold_loss":0,"cards_upgraded":["Defend_R","Strike_R"]},{"damage_healed":0,"gold_gain":0,"player_choice":"Take Damage","damage_taken":24,"relics_obtained":["Golden Idol"],"max_hp_gain":0,"max_hp_loss":0,"event_name":"Golden Idol","floor":10,"gold_loss":0},{"damage_healed":0,"gold_gain":0,"player_choice":"Obtained Relic","damage_taken":0,"relics_obtained":["Omamori"],"max_hp_gain":0,"max_hp_loss":0,"event_name":"Addict","floor":20,"gold_loss":85},{"damage_healed":0,"gold_gain":180,"player_choice":"GOLD GOLD ","damage_taken":27,"max_hp_gain":0,"max_hp_loss":0,"event_name":"Knowing Skull","floor":22,"potions_obtained":[],"gold_loss":0,"cards_obtained":[]},{"damage_healed":0,"gold_gain":0,"player_choice":"Fight","damage_taken":0,"max_hp_gain":0,"max_hp_loss":0,"event_name":"Mysterious Sphere","floor":38,"gold_loss":0},{"damage_healed":0,"gold_gain":0,"player_choice":"Memory 1","damage_taken":0,"max_hp_gain":0,"max_hp_loss":0,"event_name":"SensoryStone","floor":47,"gold_loss":0}],"is_beta":false,"boss_relics":[{"not_picked":["Tiny House","Black Blood"],"picked":"Runic Pyramid"},{"not_picked":["Pandora\u0027s Box","Velvet Choker"],"picked":"Coffee Dripper"}],"items_purged_floors":[4,21,36,53],"is_endless":false,"potions_floor_spawned":[7,11,13,18,30,33,35,37,45,54],"ascension_level":0}