{"gold_per_floor":[119,194,207,226,226,261,280,280,304,334,334,363,376,100,100,198,198,230,254,280,292,304,316,360,372,384,396,408,153,180,194,194,289,289,302,302,322,89,137,137,157,32,32,32,51,65,78,98,98,98,98,98,19,53,53],"floor_reached":55,"playtime":7677,"items_purged":["Strike_G","Decay","Madness"],"score":815,"play_id":"51238414-00a2-4947-8c48-3a2d297b3932","local_time":"20190807204605","is_ascension_mode":true,"campfire_choices":[{"floor":8.0,"key":"REST"},{"floor":11.0,"key":"REST"},{"data":"Envenom","floor":15.0,"key":"SMITH"},{"data":"Noxious Fumes","floor":23.0,"key":"SMITH"},{"floor":25.0,"key":"REST"},{"floor":27.0,"key":"REST"},{"floor":32.0,"key":"REST"},{"floor":40.0,"key":"REST"},{"floor":44.0,"key":"RECALL"},{"floor":49,"key":"REST"},{"floor":52,"key":"REST"}],"neow_cost":"PERCENT_DAMAGE","seed_source_timestamp":0,"circlet_count":0,"master_deck":["Strike_G+1","Strike_G+1","Strike_G+1","Defend_G+1","Defend_G+1","Defend_G+1","Defend_G+1","Defend_G+1","Survivor","Neutralize","PiercingWail","Prepared","Predator","Infinite Blades","Dagger Throw","Noxious Fumes+1","Envenom+1","Catalyst","Bouncing Flask","Bandage Up","Caltrops","Corpse Explosion","Prepared","Dagger Spray","All Out Attack","Acrobatics","PiercingWail","Tools of the Trade","Madness","Underhanded Strike+1","Noxious Fumes","Backstab+1","Catalyst+1","Parasite","Leg Sweep","Prepared+1"],"special_seed":0,"relics":["Ring of the Snake","Tingsha","Lantern","Omamori","Bag of Preparation","Vajra","Calling Bell","MawBank","Letter Opener","StoneCalendar","Oddly Smooth Stone","Nunchaku","Nilry\u0027s Codex","Ancient Tea Set","Happy Flower","Fusion Hammer","Bronze Scales","Unceasing Top","Bottled Tornado"],"potions_floor_usage":[48,50],"damage_taken":[{"damage":0.0,"enemies":"2 Louse","floor":1.0,"turns":3.0},{"damage":0.0,"enemies":"Jaw Worm","floor":3.0,"turns":5.0},{"damage":4.0,"enemies":"Cultist","floor":4.0,"turns":3.0},{"damage":27.0,"enemies":"Lagavulin","floor":6.0,"turns":7.0},{"damage":0.0,"enemies":"Exordium Wildlife","floor":7.0,"turns":3.0},{"damage":1.0,"enemies":"3 Sentries","floor":10.0,"turns":5.0},{"damage":14.0,"enemies":"Lagavulin","floor":12.0,"turns":7.0},{"damage":2.0,"enemies":"Large Slime","floor":13.0,"turns":5.0},{"damage":0.0,"enemies":"The Guardian","floor":16.0,"turns":7.0},{"damage":23.0,"enemies":"Shell Parasite","floor":18.0,"turns":5.0},{"damage":5.0,"enemies":"3 Byrds","floor":19.0,"turns":3.0},{"damage":5.0,"enemies":"Centurion and Healer","floor":20.0,"turns":5.0},{"damage":40.0,"enemies":"Book of Stabbing","floor":24.0,"turns":6.0},{"damage":18.0,"enemies":"Gremlin Leader","floor":30.0,"turns":5.0},{"damage":11.0,"enemies":"Snecko","floor":31.0,"turns":3.0},{"damage":19.0,"enemies":"Champ","floor":33.0,"turns":8.0},{"damage":0.0,"enemies":"3 Shapes","floor":35.0,"turns":2.0},{"damage":0.0,"enemies":"3 Darklings","floor":37.0,"turns":2.0},{"damage":53.0,"enemies":"2 Orb Walkers","floor":39.0,"turns":5.0},{"damage":0.0,"enemies":"4 Shapes","floor":41.0,"turns":2.0},{"damage":15.0,"enemies":"Maw","floor":45.0,"turns":5.0},{"damage":8,"enemies":"3 Darklings","floor":46,"turns":3},{"damage":0,"enemies":"4 Shapes","floor":47,"turns":1},{"damage":10,"enemies":"Writhing Mass","floor":48,"turns":5},{"damage":32,"enemies":"Time Eater","floor":50,"turns":9},{"damage":42,"enemies":"Shield and Spear","floor":54,"turns":3},{"damage":70,"enemies":"The Heart","floor":55,"turns":3}],"seed_played":"3530169606645893381","potions_obtained":[{"floor":6.0,"key":"Fire Potion"},{"floor":7.0,"key":"Swift Potion"},{"floor":12.0,"key":"EssenceOfSteel"},{"floor":13.0,"key":"GhostInAJar"},{"floor":16.0,"key":"SpeedPotion"},{"floor":19.0,"key":"SpeedPotion"},{"floor":30.0,"key":"SteroidPotion"},{"floor":31.0,"key":"GhostInAJar"},{"floor":33.0,"key":"PowerPotion"},{"floor":35.0,"key":"SpeedPotion"},{"floor":39.0,"key":"PowerPotion"},{"floor":41.0,"key":"AttackPotion"},{"floor":45,"key":"Dexterity Potion"}],"is_trial":false,"path_per_floor":["M","?","M","M","?","E","M","R","T","E","R","E","M","$","R","B",null,"M","M","M","?","?","R","E","R","T","R","?","$","E","M","R","B",null,"M","?","M","$","?","R","M","$","T","R","M","M","M","M","R","B",null,"R","$","E","B"],"character_chosen":"THE_SILENT","items_purchased":["Bouncing Flask","Bandage Up","Caltrops","Ancient Tea Set","Acrobatics","Noxious Fumes","Bronze Scales","Leg Sweep"],"campfire_rested":8,"item_purchase_floors":[14,14,14,29,29,38,38,53],"current_hp_per_floor":[49,38,38,34,34,7,7,28,28,27,48,34,32,32,32,36,70,51,46,45,45,45,45,9,30,30,51,35,35,21,10,31,16,70,70,61,65,65,16,37,37,37,37,37,26,22,22,16,37,9,70,70,70,32,0],"gold":53,"neow_bonus":"ONE_RARE_RELIC","is_prod":false,"is_daily":false,"chose_seed":false,"campfire_upgraded":2,"win_rate":0,"timestamp":1565199965,"path_taken":["M","?","M","M","?","E","?","R","T","E","R","E","M","$","R","BOSS","M","M","M","?","?","R","E","R","T","R","?","?","E","M","R","BOSS","M","?","M","$","?","R","M","$","T","R","M","M","M","M","R","BOSS","R","$","E","BOSS"],"build_version":"2019-07-17","purchased_purges":3,"victory":false,"max_hp_per_floor":[70,70,70,70,70,70,70,70,70,70,70,70,70,70,70,70,70,70,70,70,70,70,70,70,70,70,70,70,70,70,70,70,70,70,70,70,70,70,70,70,70,70,70,70,70,70,70,70,70,70,70,70,70,70,70],"card_choices":[{"not_picked":["Cloak And Dagger","Sucker Punch"],"picked":"Skewer","floor":1.0},{"not_picked":["Bane","Eviscerate"],"picked":"PiercingWail","floor":3.0},{"not_picked":["Predator","Sucker Punch"],"picked":"Prepared","floor":4.0},{"not_picked":["Acrobatics","Leg Sweep"],"picked":"Infinite Blades","floor":6.0},{"not_picked":["Quick Slash","Choke"],"picked":"Dagger Throw","floor":7.0},{"not_picked":["Bouncing Flask","Heel Hook"],"picked":"Noxious Fumes","floor":10.0},{"not_picked":["Poisoned Stab","Blur"],"picked":"Envenom","floor":12.0},{"not_picked":["Poisoned Stab","Quick Slash"],"picked":"Catalyst","floor":13.0},{"not_picked":["Venomology","Burst"],"picked":"Corpse Explosion","floor":16.0},{"not_picked":["Bane","Backflip+1"],"picked":"Prepared","floor":18.0},{"not_picked":["Blur","Underhanded Strike","Flying Knee"],"picked":"SKIP","floor":19.0},{"not_picked":["Bane","Flying Knee"],"picked":"Dagger Spray","floor":20.0},{"not_picked":["Malaise","Bouncing Flask","Dagger Spray"],"picked":"SKIP","floor":24.0},{"not_picked":["Poisoned Stab","Reflex"],"picked":"PiercingWail","floor":30.0},{"not_picked":["Predator","Cloak And Dagger","Deadly Poison"],"picked":"SKIP","floor":31.0},{"not_picked":["Venomology","Doppelganger"],"picked":"Tools of the Trade","floor":33.0},{"not_picked":["Cloak And Dagger+1","Outmaneuver","Backflip"],"picked":"SKIP","floor":35.0},{"not_picked":["Dodge and Roll","Masterful Stab+1"],"picked":"Underhanded Strike+1","floor":37.0},{"not_picked":["Burst","PiercingWail+1","Backflip+1"],"picked":"SKIP","floor":41.0},{"not_picked":["Predator","Blade Dance+1"],"picked":"Backstab+1","floor":45},{"not_picked":["PiercingWail","Dodge and Roll"],"picked":"Catalyst+1","floor":46},{"not_picked":["Deflect+1","Heel Hook+1","PiercingWail"],"picked":"SKIP","floor":47},{"not_picked":["Dodge and Roll","Unload","Riddle With Holes+1"],"picked":"SKIP","floor":48},{"not_picked":["Noxious Fumes+1","Flechettes+1"],"picked":"Prepared+1","floor":54}],"player_experience":79771,"relics_obtained":[{"floor":6.0,"key":"Lantern"},{"floor":9.0,"key":"Omamori"},{"floor":10.0,"key":"Bag of Preparation"},{"floor":12.0,"key":"Vajra"},{"floor":17.0,"key":"MawBank"},{"floor":17.0,"key":"Letter Opener"},{"floor":17.0,"key":"StoneCalendar"},{"floor":24.0,"key":"Oddly Smooth Stone"},{"floor":26.0,"key":"Nunchaku"},{"floor":28.0,"key":"Nilry\u0027s Codex"},{"floor":30.0,"key":"Happy Flower"},{"floor":39.0,"key":"Unceasing Top"},{"floor":54,"key":"Bottled Tornado"}],"event_choices":[{"damage_healed":0.0,"max_hp_gain":0.0,"max_hp_loss":0.0,"gold_gain":75.0,"event_name":"World of Goop","player_choice":"Gather Gold","floor":2.0,"gold_loss":0.0,"damage_taken":11.0},{"damage_healed":0.0,"max_hp_gain":0.0,"max_hp_loss":0.0,"gold_gain":0.0,"cards_transformed":["Strike_G"],"event_name":"Transmorgrifier","player_choice":"Transformed","floor":5.0,"gold_loss":0.0,"damage_taken":0.0,"cards_obtained":["Predator"]},{"damage_healed":0.0,"max_hp_gain":0.0,"max_hp_loss":0.0,"gold_gain":0.0,"event_name":"Back to Basics","player_choice":"Simplicity","floor":21.0,"gold_loss":0.0,"damage_taken":0.0,"cards_upgraded":["Strike_G","Strike_G","Strike_G","Defend_G","Defend_G","Defend_G","Defend_G","Defend_G"]},{"damage_healed":0.0,"max_hp_gain":0.0,"max_hp_loss":0.0,"gold_gain":0.0,"cards_transformed":["Normality","Skewer"],"event_name":"Drug Dealer","player_choice":"Became Test Subject","floor":22.0,"gold_loss":0.0,"damage_taken":0.0,"cards_obtained":["Decay","All Out Attack"]},{"damage_healed":0.0,"max_hp_gain":0.0,"max_hp_loss":0.0,"gold_gain":0.0,"event_name":"Cursed Tome","player_choice":"Obtained Book","floor":28.0,"gold_loss":0.0,"damage_taken":16.0},{"damage_healed":0.0,"max_hp_gain":0.0,"max_hp_loss":0.0,"gold_gain":0.0,"event_name":"Winding Halls","player_choice":"Embrace Madness","floor":36.0,"gold_loss":0.0,"damage_taken":9.0,"cards_obtained":["Madness","Madness"]},{"damage_healed":0.0,"max_hp_gain":0.0,"max_hp_loss":0.0,"gold_gain":0.0,"event_name":"Mysterious Sphere","player_choice":"Fight","floor":39.0,"gold_loss":0.0,"damage_taken":0.0}],"is_beta":false,"boss_relics":[{"not_picked":["HoveringKite","Coffee Dripper"],"picked":"Calling Bell"},{"not_picked":["Eternal Feather","Tiny House"],"picked":"Fusion Hammer"}],"items_purged_floors":[14,29,42],"is_endless":false,"potions_floor_spawned":[6,7,12,13,16,19,30,31,33,35,39,41,45],"killed_by":"The Heart","ascension_level":1}