{"gold_per_floor":[113,124,140,152,163,163,181,195,195,208,82,82,94,123,123,222,222,236,335,315,335,335,364,364,392,392,392,404,404,21,41,41,141,141,153,169,183,183],"floor_reached":38,"playtime":4874,"items_purged":["Strike_G","Defend_G"],"score":549,"play_id":"092342d6-a286-47b7-a0e5-7a079750d538","local_time":"20190812000738","is_ascension_mode":false,"campfire_choices":[{"data":"Blur","floor":6,"key":"SMITH"},{"data":"Crippling Poison","floor":12,"key":"SMITH"},{"data":"Calculated Gamble","floor":15,"key":"SMITH"},{"floor":24,"key":"REST"},{"floor":29,"key":"REST"},{"floor":32,"key":"REST"}],"neow_cost":"NONE","seed_source_timestamp":19926623897200,"circlet_count":0,"master_deck":["Strike_G","Strike_G","Strike_G","Strike_G","Defend_G","Defend_G","Defend_G","Defend_G","Survivor","Neutralize","Blur+1","Infinite Blades","Dodge and Roll","Noxious Fumes","Terror","Glass Knife","Deflect","Crippling Poison+1","Calculated Gamble+1","PiercingWail","After Image","Dodge and Roll","Leg Sweep","Expertise","Footwork","Noxious Fumes","Expertise","Glass Knife","Noxious Fumes","Dodge and Roll","Escape Plan","Noxious Fumes","Enlightenment","Acrobatics+1","Dodge and Roll","Burst","Deflect","Infinite Blades+1","Dodge and Roll"],"relics":["Ring of the Snake","NeowsBlessing","Dream Catcher","Eternal Feather","Question Card","Matryoshka","Anchor","Vajra","Nloth\u0027s Gift","Sozu"],"potions_floor_usage":[4,7,16,16,16,23,33,33,33,36],"damage_taken":[{"damage":0,"enemies":"Cultist","floor":1,"turns":1},{"damage":0,"enemies":"2 Louse","floor":2,"turns":1},{"damage":0,"enemies":"Small Slimes","floor":3,"turns":1},{"damage":0,"enemies":"Looter","floor":4,"turns":4},{"damage":0,"enemies":"Large Slime","floor":5,"turns":7},{"damage":9,"enemies":"Gremlin Gang","floor":7,"turns":7},{"damage":0,"enemies":"Blue Slaver","floor":8,"turns":6},{"damage":1,"enemies":"Large Slime","floor":10,"turns":7},{"damage":3,"enemies":"Lots of Slimes","floor":13,"turns":2},{"damage":1,"enemies":"Lagavulin","floor":14,"turns":7},{"damage":0,"enemies":"Hexaghost","floor":16,"turns":9},{"damage":9,"enemies":"Chosen","floor":18,"turns":7},{"damage":8,"enemies":"2 Thieves","floor":20,"turns":4},{"damage":7,"enemies":"Sentry and Sphere","floor":21,"turns":9},{"damage":26,"enemies":"Book of Stabbing","floor":23,"turns":11},{"damage":49,"enemies":"Slavers","floor":25,"turns":7},{"damage":10,"enemies":"Shelled Parasite and Fungi","floor":28,"turns":7},{"damage":0,"enemies":"Snake Plant","floor":31,"turns":5},{"damage":30,"enemies":"Automaton","floor":33,"turns":13},{"damage":43,"enemies":"3 Shapes","floor":35,"turns":4},{"damage":15,"enemies":"Orb Walker","floor":36,"turns":6},{"damage":11,"enemies":"Maw","floor":37,"turns":9},{"damage":25,"enemies":"Spire Growth","floor":38,"turns":3}],"seed_played":"-1466977395588024977","potions_obtained":[{"floor":1,"key":"AttackPotion"},{"floor":2,"key":"Regen Potion"},{"floor":4,"key":"Dexterity Potion"},{"floor":8,"key":"Strength Potion"},{"floor":13,"key":"Dexterity Potion"},{"floor":21,"key":"Fire Potion"},{"floor":28,"key":"PowerPotion"},{"floor":31,"key":"Ancient Potion"},{"floor":33,"key":"Regen Potion"}],"is_trial":false,"path_per_floor":["M","M","M","M","M","R","M","M","T","M","$","R","M","E","R","B",null,"M","?","M","M","?","E","R","E","T","?","M","R","$","M","R","B",null,"M","M","M","M"],"character_chosen":"THE_SILENT","items_purchased":["Poison Potion","Dexterity Potion","Escape Plan","Noxious Fumes","Enlightenment"],"campfire_rested":3,"item_purchase_floors":[11,30,30,30,30],"current_hp_per_floor":[70,70,70,70,70,70,61,61,71,70,70,70,67,66,66,80,80,71,71,63,56,56,30,69,20,20,20,10,52,52,52,80,50,80,37,36,25,0],"gold":183,"neow_bonus":"THREE_ENEMY_KILL","is_prod":false,"is_daily":false,"chose_seed":false,"campfire_upgraded":3,"win_rate":0.0,"timestamp":1565582858,"path_taken":["M","M","M","M","M","R","M","M","T","M","?","R","?","E","R","BOSS","M","?","M","M","?","E","R","E","T","?","M","R","$","M","R","BOSS","M","M","M","?"],"build_version":"2019-07-17","purchased_purges":2,"victory":false,"max_hp_per_floor":[70,70,70,70,70,70,70,70,80,80,80,80,80,80,80,80,80,80,80,80,80,80,80,80,80,80,80,80,80,80,80,80,80,80,80,80,80,80],"card_choices":[{"not_picked":["Quick Slash","Dagger Throw"],"picked":"Blur","floor":1},{"not_picked":["Dagger Spray","Masterful Stab"],"picked":"Infinite Blades","floor":2},{"not_picked":["Dagger Spray","Deflect"],"picked":"Dodge and Roll","floor":3},{"not_picked":["Acrobatics","PiercingWail"],"picked":"Noxious Fumes","floor":4},{"not_picked":["Flying Knee","Distraction"],"picked":"Terror","floor":5},{"not_picked":["Terror","Underhanded Strike"],"picked":"Glass Knife","floor":7},{"not_picked":["Dagger Spray","Quick Slash"],"picked":"Deflect","floor":8},{"not_picked":["Dagger Spray","Slice"],"picked":"Crippling Poison","floor":10},{"not_picked":["Sucker Punch","Dagger Throw"],"picked":"Calculated Gamble","floor":13},{"not_picked":["Unload","Glass Knife"],"picked":"PiercingWail","floor":14},{"not_picked":["Phantasmal Killer","Night Terror"],"picked":"After Image","floor":16},{"not_picked":["Deflect+1","Blade Dance"],"picked":"Dodge and Roll","floor":18},{"not_picked":["Outmaneuver","Deadly Poison"],"picked":"Leg Sweep","floor":20},{"not_picked":["PiercingWail","Deadly Poison"],"picked":"Expertise","floor":21},{"not_picked":["Heel Hook+1","Tactician"],"picked":"Noxious Fumes","floor":23},{"not_picked":["Sucker Punch","Outmaneuver","Deadly Poison"],"picked":"Expertise","floor":24},{"not_picked":["Underhanded Strike","Tactician+1","Blade Dance+1"],"picked":"Glass Knife","floor":25},{"not_picked":["Dagger Throw","Deadly Poison","Blade Dance+1"],"picked":"Noxious Fumes","floor":28},{"not_picked":["Infinite Blades","Flying Knee","Dagger Spray+1"],"picked":"Dodge and Roll","floor":29},{"not_picked":["Quick Slash","Deflect+1","Eviscerate"],"picked":"Acrobatics+1","floor":31},{"not_picked":["Calculated Gamble","Sucker Punch+1","Dagger Spray"],"picked":"Dodge and Roll","floor":32},{"not_picked":["A Thousand Cuts","Tools of the Trade","Wraith Form v2"],"picked":"Burst","floor":33},{"not_picked":["Tactician","Slice+1","Prepared"],"picked":"Deflect","floor":35},{"not_picked":["Deadly Poison+1","Eviscerate","Dagger Throw+1"],"picked":"Infinite Blades+1","floor":36},{"not_picked":["Dash+1","Backflip+1","Deflect+1"],"picked":"Dodge and Roll","floor":37}],"player_experience":4229,"relics_obtained":[{"floor":9,"key":"Pear"},{"floor":14,"key":"Dream Catcher"},{"floor":23,"key":"Question Card"},{"floor":25,"key":"Matryoshka"},{"floor":26,"key":"Anchor"},{"floor":26,"key":"Vajra"}],"event_choices":[{"damage_healed":0,"gold_gain":99,"player_choice":"Stole From Cult","damage_taken":0,"max_hp_gain":0,"max_hp_loss":0,"event_name":"Nest","floor":19,"gold_loss":0},{"damage_healed":0,"gold_gain":0,"player_choice":"Read","damage_taken":0,"max_hp_gain":0,"max_hp_loss":0,"event_name":"The Library","floor":22,"gold_loss":0,"cards_obtained":["Footwork"]},{"damage_healed":0,"gold_gain":0,"player_choice":"Traded Relic","damage_taken":0,"relics_obtained":["Nloth\u0027s Gift"],"max_hp_gain":0,"max_hp_loss":0,"event_name":"N\u0027loth","floor":27,"relics_lost":["Pear"],"gold_loss":0}],"is_beta":false,"boss_relics":[{"not_picked":["Tiny House","White Beast Statue"],"picked":"Eternal Feather"},{"not_picked":["Busted Crown","HoveringKite"],"picked":"Sozu"}],"items_purged_floors":[11,30],"is_endless":false,"potions_floor_spawned":[1,2,4,8,13,21,28,31,33,36],"killed_by":"Spire Growth","ascension_level":0}