{"gold_per_floor":[16,35,49,69,0,28,28,28,28,58,68,79,79,156,156,284,284,299,214,18,37,2,2,17,17,47,60,60,60,81,81,81,211,211,226,250,250,151,151,151,189,189,216,236,29,29,29,29,29,29],"floor_reached":51,"playtime":3451,"items_purged":["Deflect"],"score":683,"play_id":"efb12850-f12d-4a76-9334-5d8f2b67476e","local_time":"20190717212552","is_ascension_mode":false,"campfire_choices":[{"data":"Neutralize","floor":7,"key":"SMITH"},{"floor":15,"key":"REST"},{"data":"1","floor":23,"key":"LIFT"},{"data":"2","floor":25,"key":"LIFT"},{"floor":29,"key":"REST"},{"floor":32,"key":"REST"},{"data":"3","floor":40,"key":"LIFT"},{"data":"Adrenaline","floor":42,"key":"SMITH"},{"data":"Footwork","floor":46,"key":"SMITH"},{"data":"Leg Sweep","floor":47,"key":"SMITH"},{"data":"Caltrops","floor":49,"key":"SMITH"}],"neow_cost":"NO_GOLD","seed_source_timestamp":25608114383400,"circlet_count":0,"master_deck":["Strike_G","Strike_G","Strike_G","Strike_G","Defend_G","Defend_G","Defend_G","Defend_G","Survivor","Neutralize+1","Prepared","Caltrops+1","Predator","Backstab","Blur","Infinite Blades","Crippling Poison","Glass Knife","Acrobatics","Flying Knee","Sucker Punch+1","Well Laid Plans","Cloak And Dagger","Flying Knee+1","Good Instincts","Dagger Spray+1","Adrenaline+1","Underhanded Strike+1","Leg Sweep+1","Underhanded Strike+1","Bouncing Flask","Backflip+1","Footwork+1","Corpse Explosion"],"relics":["Ring of the Snake","Snake Skull","Shuriken","Girya","Golden Idol","Paper Crane","Snecko Eye","Matryoshka","Bronze Scales","Tiny Chest","Molten Egg 2","WingedGreaves","Eternal Feather","Ancient Tea Set","Juzu Bracelet","Vajra","Bag of Marbles"],"potions_floor_usage":[6,11,16,33,33,50,50],"damage_taken":[{"damage":1,"enemies":"Cultist","floor":1,"turns":4},{"damage":3,"enemies":"Small Slimes","floor":2,"turns":3},{"damage":3,"enemies":"Jaw Worm","floor":3,"turns":4},{"damage":0,"enemies":"Exordium Thugs","floor":4,"turns":4},{"damage":17,"enemies":"Lagavulin","floor":6,"turns":8},{"damage":20,"enemies":"Gremlin Nob","floor":10,"turns":5},{"damage":2,"enemies":"3 Louse","floor":11,"turns":6},{"damage":5,"enemies":"Gremlin Gang","floor":12,"turns":4},{"damage":4,"enemies":"Hexaghost","floor":16,"turns":9},{"damage":10,"enemies":"Shell Parasite","floor":18,"turns":8},{"damage":17,"enemies":"Spheric Guardian","floor":21,"turns":4},{"damage":5,"enemies":"Shelled Parasite and Fungi","floor":24,"turns":4},{"damage":0,"enemies":"Centurion and Healer","floor":27,"turns":4},{"damage":6,"enemies":"3 Cultists","floor":30,"turns":4},{"damage":33,"enemies":"Champ","floor":33,"turns":10},{"damage":14,"enemies":"Orb Walker","floor":35,"turns":4},{"damage":3,"enemies":"3 Shapes","floor":36,"turns":7},{"damage":37,"enemies":"Nemesis","floor":41,"turns":7},{"damage":0,"enemies":"Jaw Worm Horde","floor":44,"turns":2},{"damage":16,"enemies":"Donu and Deca","floor":50,"turns":5}],"seed_played":"6989256587568102740","potions_obtained":[{"floor":1,"key":"Fire Potion"},{"floor":4,"key":"Regen Potion"},{"floor":10,"key":"FearPotion"},{"floor":24,"key":"Dexterity Potion"},{"floor":30,"key":"SkillPotion"},{"floor":35,"key":"Fire Potion"},{"floor":41,"key":"GhostInAJar"}],"is_trial":false,"path_per_floor":["M","M","M","M","$","E","R","$","T","E","M","M","?","T","R","B",null,"M","?","$","M","$","R","M","R","T","M","?","R","M","?","R","B",null,"M","M","?","$","T","R","E","R","T","M","$","R","R","$","R","B",null],"character_chosen":"THE_SILENT","items_purchased":["Backstab","Bronze Scales","Flying Knee","Well Laid Plans","Underhanded Strike+1","Footwork","Corpse Explosion"],"campfire_rested":3,"item_purchase_floors":[5,20,20,22,38,45,45],"current_hp_per_floor":[69,66,63,63,63,46,46,46,46,26,39,34,17,17,38,34,70,60,60,60,43,43,43,38,38,38,38,24,45,39,39,60,27,70,56,53,53,53,53,70,33,51,51,51,51,69,70,70,70,54],"gold":29,"neow_bonus":"REMOVE_TWO","is_prod":false,"is_daily":false,"chose_seed":false,"campfire_upgraded":5,"win_rate":0,"timestamp":1563413152,"path_taken":["M","M","?","M","?","E","R","$","T","E","M","M","?","?","R","BOSS","M","?","$","M","?","R","M","R","T","M","?","R","?","?","R","BOSS","M","M","?","?","?","R","E","R","T","M","$","R","R","$","R","BOSS"],"build_version":"2019-07-05","purchased_purges":1,"victory":true,"max_hp_per_floor":[70,70,70,70,70,70,70,70,70,70,70,70,70,70,70,70,70,70,70,70,70,70,70,70,70,70,70,70,70,70,70,70,70,70,70,70,70,70,70,70,70,70,70,70,70,70,70,70,70,70],"card_choices":[{"not_picked":["Endless Agony","Eviscerate"],"picked":"Prepared","floor":1},{"not_picked":["Quick Slash","Blade Dance"],"picked":"Caltrops","floor":2},{"not_picked":["Acrobatics","All Out Attack"],"picked":"Predator","floor":3},{"not_picked":["Sucker Punch","Calculated Gamble"],"picked":"Deflect","floor":4},{"not_picked":["Venomology","Dagger Throw"],"picked":"Blur","floor":6},{"not_picked":["Backflip","Accuracy"],"picked":"Infinite Blades","floor":10},{"not_picked":["Cloak And Dagger","Dodge and Roll"],"picked":"Crippling Poison","floor":11},{"not_picked":["Tools of the Trade","Doppelganger"],"picked":"Glass Knife","floor":16},{"not_picked":["Deadly Poison","Flechettes+1"],"picked":"Acrobatics","floor":18},{"not_picked":["Escape Plan","Dagger Spray"],"picked":"Sucker Punch+1","floor":21},{"not_picked":["Terror","Acrobatics"],"picked":"Cloak And Dagger","floor":24},{"not_picked":["Calculated Gamble","Well Laid Plans"],"picked":"Flying Knee+1","floor":27},{"not_picked":["Bane+1","Underhanded Strike+1"],"picked":"Dagger Spray+1","floor":30},{"not_picked":["Venomology","Malaise"],"picked":"Adrenaline","floor":33},{"not_picked":["Flying Knee+1","Poisoned Stab+1"],"picked":"Underhanded Strike+1","floor":35},{"not_picked":["Prepared","Poisoned Stab+1"],"picked":"Leg Sweep","floor":36},{"not_picked":["Poisoned Stab+1","Masterful Stab+1"],"picked":"Bouncing Flask","floor":41},{"not_picked":["Flying Knee+1","Prepared"],"picked":"Backflip+1","floor":44}],"player_experience":248889,"relics_obtained":[{"floor":6,"key":"Snake Skull"},{"floor":9,"key":"Shuriken"},{"floor":10,"key":"Girya"},{"floor":14,"key":"Paper Crane"},{"floor":26,"key":"Tiny Chest"},{"floor":26,"key":"Molten Egg 2"},{"floor":39,"key":"Ancient Tea Set"},{"floor":39,"key":"Juzu Bracelet"},{"floor":41,"key":"Vajra"},{"floor":43,"key":"Bag of Marbles"}],"event_choices":[{"damage_healed":0,"gold_gain":0,"player_choice":"Take Damage","damage_taken":17,"relics_obtained":["Golden Idol"],"max_hp_gain":0,"max_hp_loss":0,"event_name":"Golden Idol","floor":13,"gold_loss":0},{"damage_healed":0,"gold_gain":0,"player_choice":"Obtained Relic","damage_taken":0,"relics_obtained":["Matryoshka"],"max_hp_gain":0,"max_hp_loss":0,"event_name":"Addict","floor":19,"gold_loss":85},{"damage_healed":0,"gold_gain":0,"player_choice":"CARD ","damage_taken":14,"max_hp_gain":0,"max_hp_loss":0,"event_name":"Knowing Skull","floor":28,"potions_obtained":[],"gold_loss":0,"cards_obtained":["Good Instincts"]},{"damage_healed":0,"gold_gain":0,"player_choice":"Opened","damage_taken":0,"relics_obtained":["WingedGreaves"],"max_hp_gain":0,"max_hp_loss":0,"event_name":"The Mausoleum","floor":31,"gold_loss":0},{"damage_healed":0,"gold_gain":0,"player_choice":"Leave","damage_taken":0,"max_hp_gain":0,"max_hp_loss":0,"event_name":"FaceTrader","floor":37,"gold_loss":0}],"is_beta":false,"boss_relics":[{"not_picked":["Ring of the Serpent","Sozu"],"picked":"Snecko Eye"},{"not_picked":["Empty Cage","Lizard Tail"],"picked":"Eternal Feather"}],"items_purged_floors":[38],"is_endless":false,"potions_floor_spawned":[1,4,10,24,30,35,41],"ascension_level":0}