{"gold_per_floor":[119,119,69,19,33,33,47,47,47,1,1,30,49,76,76,175,175,190,190,70,82,93,93,93,93,93,106,106,106,6,23,23,126,126,136,11,27,27,27,27,44,44,44,54,0,100,100,135,135,135],"floor_reached":51,"playtime":3142,"items_purged":["Defend_B","Defend_B","Strike_B"],"score":656,"play_id":"f03909ba-d735-40ce-b877-26b9e133e31d","local_time":"20190715185547","is_ascension_mode":false,"campfire_choices":[{"data":"Loop","floor":6,"key":"SMITH"},{"data":"Lockon","floor":8,"key":"SMITH"},{"data":"Beam Cell","floor":11,"key":"SMITH"},{"data":"Consume","floor":15,"key":"SMITH"},{"data":"Redo","floor":23,"key":"SMITH"},{"data":"Dualcast","floor":25,"key":"SMITH"},{"data":"Leap","floor":29,"key":"SMITH"},{"data":"Ball Lightning","floor":32,"key":"SMITH"},{"data":"Leap","floor":40,"key":"SMITH"},{"data":"Echo Form","floor":42,"key":"SMITH"},{"floor":49,"key":"REST"}],"neow_cost":"NONE","seed_source_timestamp":198827285773500,"circlet_count":0,"master_deck":["Strike_B","Strike_B","Defend_B","Defend_B","Zap+1","Dualcast+1","Leap+1","Conserve Battery+1","Loop+1","Lockon+1","Ball Lightning+1","Leap+1","Consume+1","Beam Cell+1","Redo+1","Coolheaded","Coolheaded+1","Go for the Eyes+1","Echo Form+1","Leap+1","Chill"],"relics":["Cracked Core","Anchor","Letter Opener","Du-Vu Doll","Lizard Tail","Gremlin Horn","Inserter","The Courier","Red Mask","StoneCalendar","Happy Flower"],"potions_floor_usage":[18,31,35,48,50],"damage_taken":[{"damage":5,"enemies":"2 Louse","floor":1,"turns":2},{"damage":0,"enemies":"Cultist","floor":5,"turns":4},{"damage":0,"enemies":"Small Slimes","floor":7,"turns":3},{"damage":7,"enemies":"Lagavulin","floor":12,"turns":6},{"damage":0,"enemies":"2 Fungi Beasts","floor":13,"turns":3},{"damage":19,"enemies":"Gremlin Nob","floor":14,"turns":4},{"damage":10,"enemies":"The Guardian","floor":16,"turns":6},{"damage":6,"enemies":"2 Thieves","floor":18,"turns":4},{"damage":0,"enemies":"Chosen","floor":21,"turns":2},{"damage":15,"enemies":"Snake Plant","floor":22,"turns":5},{"damage":0,"enemies":"3 Cultists","floor":27,"turns":5},{"damage":0,"enemies":"Centurion and Healer","floor":31,"turns":6},{"damage":55,"enemies":"Champ","floor":33,"turns":10},{"damage":18,"enemies":"3 Darklings","floor":35,"turns":7},{"damage":0,"enemies":"Orb Walker","floor":37,"turns":4},{"damage":20,"enemies":"Jaw Worm Horde","floor":41,"turns":5},{"damage":0,"enemies":"Spire Growth","floor":44,"turns":4},{"damage":0,"enemies":"Mind Bloom Boss Battle","floor":46,"turns":4},{"damage":23,"enemies":"Giant Head","floor":48,"turns":10},{"damage":21,"enemies":"Time Eater","floor":50,"turns":11}],"seed_played":"2144420375553775802","potions_obtained":[{"floor":5,"key":"Ancient Potion"},{"floor":7,"key":"SteroidPotion"},{"floor":12,"key":"Dexterity Potion"},{"floor":14,"key":"PowerPotion"},{"floor":21,"key":"EssenceOfSteel"},{"floor":33,"key":"Swift Potion"},{"floor":46,"key":"FearPotion"},{"floor":48,"key":"Energy Potion"}],"is_trial":false,"path_per_floor":["M","?","?","$","M","R","M","R","T","$","R","E","M","E","R","B",null,"M","?","$","M","M","R","$","R","T","M","?","R","$","M","R","B",null,"M","$","M","$","?","R","M","R","T","M","?","?","?","E","R","B",null],"character_chosen":"DEFECT","items_purchased":["Conserve Battery","Beam Cell","Redo"],"campfire_rested":1,"item_purchase_floors":[4,10,20],"current_hp_per_floor":[70,70,70,70,70,70,70,70,70,70,70,63,63,44,44,34,75,69,69,69,69,54,54,54,54,54,54,54,54,54,54,54,37,75,57,57,57,57,57,57,37,37,37,37,37,37,37,14,36,15],"gold":135,"neow_bonus":"UPGRADE_CARD","is_prod":false,"is_daily":false,"chose_seed":false,"campfire_upgraded":10,"win_rate":0,"timestamp":1563231347,"path_taken":["M","?","?","$","M","R","M","R","T","$","R","E","M","E","R","BOSS","M","?","$","M","M","R","$","R","T","M","?","R","$","M","R","BOSS","M","$","M","$","?","R","M","R","T","M","?","?","?","E","R","BOSS"],"build_version":"2019-07-05","purchased_purges":3,"victory":true,"max_hp_per_floor":[75,75,75,75,75,75,75,75,75,75,75,75,75,75,75,75,75,75,75,75,75,75,75,75,75,75,75,75,75,75,75,75,75,75,75,75,75,75,75,75,75,75,75,75,75,75,75,75,75,75],"card_choices":[{"not_picked":["Ball Lightning","Stack"],"picked":"Leap","floor":1},{"not_picked":["Tempest","Barrage"],"picked":"Loop","floor":5},{"not_picked":["FTL","Steam"],"picked":"Lockon","floor":7},{"not_picked":["Fusion","Compile Driver"],"picked":"Ball Lightning","floor":12},{"not_picked":["Skim","Sweeping Beam"],"picked":"Leap","floor":13},{"not_picked":["Steam","Turbo"],"picked":"Consume","floor":14},{"not_picked":["Gash","Go for the Eyes"],"picked":"Beam Cell+1","floor":18},{"not_picked":["Go for the Eyes","Recycle+1"],"picked":"Coolheaded","floor":21},{"not_picked":["Rip and Tear","Redo","Go for the Eyes"],"picked":"SKIP","floor":22},{"not_picked":["Beam Cell+1","Reprogram"],"picked":"Coolheaded+1","floor":27},{"not_picked":["Skim","Rainbow","Stack"],"picked":"SKIP","floor":31},{"not_picked":["Conserve Battery","Redo+1"],"picked":"Go for the Eyes+1","floor":35},{"not_picked":["Sweeping Beam","Cold Snap","Consume+1"],"picked":"SKIP","floor":37},{"not_picked":["Conserve Battery+1","Ball Lightning+1"],"picked":"Echo Form","floor":41},{"not_picked":["Hologram","Redo","Undo"],"picked":"SKIP","floor":44},{"not_picked":["Ball Lightning","Gash+1"],"picked":"Leap+1","floor":46},{"not_picked":["Rebound+1","Turbo+1"],"picked":"Chill","floor":48}],"player_experience":185636,"relics_obtained":[{"floor":9,"key":"Anchor"},{"floor":12,"key":"Letter Opener"},{"floor":14,"key":"Du-Vu Doll"},{"floor":26,"key":"Gremlin Horn"},{"floor":43,"key":"The Courier"},{"floor":46,"key":"StoneCalendar"},{"floor":48,"key":"Happy Flower"}],"event_choices":[{"damage_healed":0,"gold_gain":0,"player_choice":"Ignored","damage_taken":0,"max_hp_gain":0,"max_hp_loss":0,"event_name":"Liars Game","floor":2,"gold_loss":0},{"cards_removed":["Strike_B"],"damage_healed":0,"gold_gain":0,"player_choice":"Card Removal","damage_taken":0,"max_hp_gain":0,"max_hp_loss":0,"event_name":"The Cleric","floor":3,"gold_loss":50},{"damage_healed":0,"gold_gain":0,"player_choice":"Ignored","damage_taken":0,"max_hp_gain":0,"max_hp_loss":0,"event_name":"Cursed Tome","floor":19,"gold_loss":0},{"damage_healed":0,"gold_gain":0,"player_choice":"Forge","damage_taken":0,"max_hp_gain":0,"max_hp_loss":0,"event_name":"Accursed Blacksmith","floor":28,"gold_loss":0,"cards_upgraded":["Conserve Battery"]},{"cards_removed":["Beam Cell"],"damage_healed":0,"gold_gain":0,"player_choice":"Removed Attack","damage_taken":0,"max_hp_gain":0,"max_hp_loss":0,"event_name":"Falling","floor":39,"gold_loss":0},{"damage_healed":0,"gold_gain":0,"player_choice":"Paid","damage_taken":0,"relics_obtained":["Red Mask"],"max_hp_gain":0,"max_hp_loss":0,"event_name":"Tomb of Lord Red Mask","floor":45,"gold_loss":54},{"damage_healed":0,"gold_gain":0,"player_choice":"Fight","damage_taken":0,"max_hp_gain":0,"max_hp_loss":0,"event_name":"MindBloom","floor":46,"gold_loss":0},{"damage_healed":0,"gold_gain":0,"player_choice":"Ignored","damage_taken":0,"max_hp_gain":0,"max_hp_loss":0,"event_name":"The Moai Head","floor":47,"gold_loss":0}],"is_beta":false,"boss_relics":[{"not_picked":["Runic Dome","Ectoplasm"],"picked":"Lizard Tail"},{"not_picked":["Snecko Eye","Empty Cage"],"picked":"Inserter"}],"items_purged_floors":[20,30,36],"is_endless":false,"potions_floor_spawned":[5,7,12,14,21,33,46,48],"ascension_level":0}