{"gold_per_floor":[116,291,15,26,26,26,56,56,56,56,74,102,2,18,18,115,115,134,5,22,22,22,49,49,83,143,167,213,235,247,259,271,384,396,424,436,448,473,150,150,100,100,100,100,135,155,171,171,171,171],"floor_reached":51,"playtime":4048,"items_purged":["Doubt","Defend_B","Double Energy+1","Defend_B"],"score":748,"play_id":"c6486847-0d86-4996-9b4f-13e784b7db63","local_time":"20190718002017","is_ascension_mode":true,"campfire_choices":[{"data":"Zap","floor":6,"key":"SMITH"},{"data":"Dualcast","floor":8,"key":"SMITH"},{"data":"Conserve Battery","floor":10,"key":"SMITH"},{"data":"Redo","floor":15,"key":"SMITH"},{"data":"Consume","floor":24,"key":"SMITH"},{"floor":30,"key":"REST"},{"data":"Blizzard","floor":32,"key":"SMITH"},{"data":"Apotheosis","floor":40,"key":"SMITH"},{"data":"Multi-Cast","floor":44,"key":"SMITH"},{"floor":49,"key":"REST"}],"neow_cost":"NONE","seed_source_timestamp":35478486189800,"circlet_count":0,"master_deck":["Strike_B+1","Defend_B+1","Defend_B","Zap+1","Dualcast+1","Forethought+1","Cold Snap","Conserve Battery+1","BootSequence","White Noise","Cold Snap","Redo+1","Machine Learning+1","Sunder+1","Self Repair+1","Conserve Battery","Undo","Necronomicurse","Consume+1","Capacitor+1","Capacitor+1","Blizzard+1","Multi-Cast+1","Apotheosis+1","Storm+1","Zap+1","Conserve Battery+1","Beam Cell+1","Undo+1"],"relics":["Cracked Core","War Paint","Peace Pipe","Frozen Egg 2","Shuriken","Velvet Choker","Necronomicon","Smiling Mask","MawBank","Whetstone","Potion Belt","Empty Cage","FossilizedHelix","Centennial Puzzle"],"potions_floor_usage":[7,23,25,28,33,45,50,50],"damage_taken":[{"damage":2,"enemies":"2 Louse","floor":1,"turns":2},{"damage":1,"enemies":"Small Slimes","floor":4,"turns":3},{"damage":17,"enemies":"Gremlin Nob","floor":7,"turns":5},{"damage":0,"enemies":"Jaw Worm","floor":11,"turns":3},{"damage":8,"enemies":"3 Sentries","floor":12,"turns":6},{"damage":1,"enemies":"3 Louse","floor":14,"turns":2},{"damage":10,"enemies":"Hexaghost","floor":16,"turns":12},{"damage":0,"enemies":"2 Thieves","floor":18,"turns":4},{"damage":2,"enemies":"Shell Parasite","floor":20,"turns":5},{"damage":25,"enemies":"Slavers","floor":23,"turns":6},{"damage":33,"enemies":"Gremlin Leader","floor":25,"turns":7},{"damage":0,"enemies":"Snecko","floor":27,"turns":4},{"damage":7,"enemies":"Book of Stabbing","floor":28,"turns":4},{"damage":13,"enemies":"Shelled Parasite and Fungi","floor":29,"turns":5},{"damage":28,"enemies":"Automaton","floor":33,"turns":11},{"damage":5,"enemies":"Orb Walker","floor":35,"turns":3},{"damage":4,"enemies":"3 Shapes","floor":38,"turns":7},{"damage":49,"enemies":"Nemesis","floor":45,"turns":5},{"damage":5,"enemies":"Spire Growth","floor":46,"turns":5},{"damage":0,"enemies":"4 Shapes","floor":47,"turns":4},{"damage":44,"enemies":"Awakened One","floor":50,"turns":13}],"seed_played":"-1686086859389170700","potions_obtained":[{"floor":4,"key":"Dexterity Potion"},{"floor":11,"key":"LiquidBronze"},{"floor":25,"key":"Dexterity Potion"},{"floor":27,"key":"AttackPotion"},{"floor":33,"key":"SpeedPotion"},{"floor":38,"key":"FairyPotion"},{"floor":47,"key":"SkillPotion"}],"is_trial":false,"path_per_floor":["M","?","$","M","?","R","E","R","T","R","M","E","$","M","R","B",null,"M","$","M","?","?","E","R","E","T","M","E","M","R","?","R","B",null,"M","?","?","M","$","R","$","?","T","R","E","M","M","?","R","B",null],"character_chosen":"DEFECT","items_purchased":["War Paint","Conserve Battery","Self Repair+1","AttackPotion","Apotheosis","Storm+1","Weak Potion"],"campfire_rested":2,"item_purchase_floors":[3,3,19,19,39,39,39],"current_hp_per_floor":[73,73,73,72,65,65,48,48,48,48,48,40,40,39,39,29,75,75,75,75,75,59,44,44,21,21,31,24,21,43,43,43,25,75,75,75,75,75,75,75,75,75,75,75,36,41,51,51,73,39],"gold":171,"neow_bonus":"RANDOM_COLORLESS","is_prod":false,"is_daily":false,"chose_seed":false,"campfire_upgraded":8,"win_rate":0,"timestamp":1563423617,"path_taken":["M","?","$","M","?","R","E","R","T","R","M","E","?","M","R","BOSS","M","$","M","?","?","E","R","E","T","M","E","M","R","?","R","BOSS","M","?","?","M","?","R","$","?","T","R","E","?","M","?","R","BOSS"],"build_version":"2019-07-05","purchased_purges":4,"victory":true,"max_hp_per_floor":[75,75,75,75,75,75,75,75,75,75,75,75,75,75,75,75,75,75,75,75,75,75,75,75,75,75,75,75,75,75,75,75,75,75,75,75,75,75,75,75,75,75,75,75,75,75,75,75,75,75],"card_choices":[{"not_picked":["Beam Cell","Turbo"],"picked":"Cold Snap","floor":1},{"not_picked":["Rebound","Doom and Gloom"],"picked":"Sweeping Beam","floor":4},{"not_picked":["Sweeping Beam","Creative AI"],"picked":"BootSequence","floor":7},{"not_picked":["Beam Cell","Genetic Algorithm"],"picked":"White Noise","floor":11},{"not_picked":["Doom and Gloom","Gash"],"picked":"Cold Snap","floor":12},{"not_picked":["Stack","Hologram"],"picked":"Redo","floor":14},{"not_picked":["All For One","Rainbow"],"picked":"Machine Learning+1","floor":16},{"not_picked":["Reinforced Body","Self Repair+1"],"picked":"Sunder+1","floor":18},{"not_picked":["Cold Snap","Scrape"],"picked":"Conserve Battery","floor":20},{"not_picked":["Ball Lightning","FTL+1"],"picked":"Consume","floor":23},{"not_picked":["Storm+1","Sweeping Beam"],"picked":"Capacitor+1","floor":25},{"not_picked":["Steam+1","Undo","Stack"],"picked":"SKIP","floor":27},{"not_picked":["Barrage","Coolheaded"],"picked":"Capacitor+1","floor":28},{"not_picked":["Sweeping Beam","Cold Snap"],"picked":"Blizzard","floor":29},{"not_picked":["Amplify","Meteor Strike"],"picked":"Multi-Cast","floor":33},{"not_picked":["Sunder","Streamline"],"picked":"Double Energy+1","floor":35},{"not_picked":["FTL","Cold Snap","Beam Cell"],"picked":"SKIP","floor":38},{"not_picked":["Hello World+1","Aggregate+1"],"picked":"Conserve Battery+1","floor":45},{"not_picked":["Leap","Recycle"],"picked":"Beam Cell+1","floor":46},{"not_picked":["Steam Power+1","Heatsinks+1"],"picked":"Undo+1","floor":47}],"player_experience":256531,"relics_obtained":[{"floor":7,"key":"Peace Pipe"},{"floor":9,"key":"Frozen Egg 2"},{"floor":12,"key":"Shuriken"},{"floor":22,"key":"Necronomicon"},{"floor":23,"key":"Smiling Mask"},{"floor":25,"key":"MawBank"},{"floor":26,"key":"Whetstone"},{"floor":28,"key":"Potion Belt"},{"floor":43,"key":"FossilizedHelix"},{"floor":45,"key":"Centennial Puzzle"}],"event_choices":[{"damage_healed":0,"gold_gain":175,"player_choice":"AGREE","damage_taken":0,"max_hp_gain":0,"max_hp_loss":0,"event_name":"Liars Game","floor":2,"gold_loss":0,"cards_obtained":["Doubt"]},{"cards_removed":["Strike_B"],"damage_healed":0,"gold_gain":0,"player_choice":"Card Removal","damage_taken":7,"max_hp_gain":0,"max_hp_loss":0,"event_name":"Golden Wing","floor":5,"gold_loss":0},{"damage_healed":0,"gold_gain":0,"player_choice":"Read","damage_taken":0,"max_hp_gain":0,"max_hp_loss":0,"event_name":"The Library","floor":21,"gold_loss":0,"cards_obtained":["Undo"]},{"damage_healed":0,"gold_gain":0,"player_choice":"Obtained Book","damage_taken":16,"max_hp_gain":0,"max_hp_loss":0,"event_name":"Cursed Tome","floor":22,"gold_loss":0},{"damage_healed":0,"gold_gain":0,"player_choice":"Ignored","damage_taken":0,"max_hp_gain":0,"max_hp_loss":0,"event_name":"Ghosts","floor":31,"gold_loss":0},{"damage_healed":0,"gold_gain":0,"player_choice":"Ignored","damage_taken":0,"max_hp_gain":0,"max_hp_loss":0,"event_name":"Tomb of Lord Red Mask","floor":36,"gold_loss":0},{"cards_removed":["Sweeping Beam"],"damage_healed":0,"gold_gain":0,"player_choice":"Removed Attack","damage_taken":0,"max_hp_gain":0,"max_hp_loss":0,"event_name":"Falling","floor":37,"gold_loss":0},{"damage_healed":0,"gold_gain":0,"player_choice":"Copied","damage_taken":0,"max_hp_gain":0,"max_hp_loss":0,"event_name":"Duplicator","floor":42,"gold_loss":0,"cards_obtained":["Zap"]},{"damage_healed":0,"gold_gain":0,"player_choice":"Ignored","damage_taken":0,"max_hp_gain":0,"max_hp_loss":0,"event_name":"Mysterious Sphere","floor":48,"gold_loss":0}],"is_beta":false,"boss_relics":[{"not_picked":["Tiny House","Runic Dome"],"picked":"Velvet Choker"},{"not_picked":["Astrolabe","Cursed Key"],"picked":"Empty Cage"}],"items_purged_floors":[3,13,39,41],"is_endless":false,"potions_floor_spawned":[4,11,25,27,33,38,47],"ascension_level":1}