{"gold_per_floor":[116,116,134,148,148,180,199,199,199,53,53,63,75,89,89,187,187,202,217,2,2,2,2,13,13,13,13,48,80,103,115,127,242,254,282,394,425,455,198,210,210,226,226,251,251,251,269,282,282,282],"floor_reached":51,"playtime":5051,"items_purged":[],"score":839,"play_id":"d6cf492c-79f7-4641-a51f-a22b172d3203","local_time":"20190719002823","is_ascension_mode":true,"campfire_choices":[{"data":"Bash","floor":8,"key":"SMITH"},{"data":"Clothesline","floor":11,"key":"SMITH"},{"data":"Berserk","floor":15,"key":"SMITH"},{"data":"Bludgeon","floor":23,"key":"SMITH"},{"data":"Flex","floor":25,"key":"SMITH"},{"data":"Anger","floor":27,"key":"SMITH"},{"data":"Disarm","floor":32,"key":"SMITH"},{"data":"Rampage","floor":41,"key":"SMITH"},{"data":"Feel No Pain","floor":46,"key":"SMITH"},{"data":"Shrug It Off","floor":49,"key":"SMITH"}],"neow_cost":"NONE","seed_source_timestamp":121360056553600,"circlet_count":0,"master_deck":["Strike_R","Strike_R+1","Strike_R","Strike_R+1","Strike_R","Defend_R","Defend_R","Defend_R","Defend_R","Bash+1","Purity","Clothesline+1","Feel No Pain+1","Disarm+1","Shrug It Off","Anger+1","Berserk+1","Bludgeon+1","Corruption","True Grit+1","Reaper","Blind","Flex+1","Flex+1","Offering","Inflame+1","Spot Weakness+1","Pommel Strike+1","Parasite","Seeing Red+1","Rampage+1","Pommel Strike+1","Shrug It Off+1","Second Wind+1","Shrug It Off+1","Perfected Strike+1","True Grit+1"],"relics":["Black Blood","Incense Burner","Paper Frog","Thread and Needle","Bag of Preparation","Coffee Dripper","Du-Vu Doll","Shuriken","MawBank","Magic Flower","Toy Ornithopter","Pantograph","Ancient Tea Set"],"potions_floor_usage":[14,19,28,30,33,38,47,50,50],"damage_taken":[{"damage":8,"enemies":"Jaw Worm","floor":1,"turns":5},{"damage":0,"enemies":"2 Louse","floor":3,"turns":2},{"damage":7,"enemies":"Small Slimes","floor":4,"turns":3},{"damage":23,"enemies":"Lagavulin","floor":6,"turns":9},{"damage":10,"enemies":"2 Fungi Beasts","floor":7,"turns":4},{"damage":0,"enemies":"Looter","floor":12,"turns":3},{"damage":1,"enemies":"Exordium Thugs","floor":13,"turns":4},{"damage":8,"enemies":"Gremlin Gang","floor":14,"turns":5},{"damage":3,"enemies":"The Guardian","floor":16,"turns":12},{"damage":0,"enemies":"Chosen","floor":18,"turns":5},{"damage":2,"enemies":"3 Byrds","floor":19,"turns":7},{"damage":23,"enemies":"Centurion and Healer","floor":24,"turns":8},{"damage":7,"enemies":"Book of Stabbing","floor":28,"turns":6},{"damage":6,"enemies":"Shelled Parasite and Fungi","floor":29,"turns":7},{"damage":15,"enemies":"Sentry and Sphere","floor":30,"turns":8},{"damage":64,"enemies":"Champ","floor":33,"turns":11},{"damage":24,"enemies":"3 Darklings","floor":35,"turns":14},{"damage":7,"enemies":"Mind Bloom Boss Battle","floor":36,"turns":8},{"damage":0,"enemies":"Orb Walker","floor":37,"turns":3},{"damage":6,"enemies":"Writhing Mass","floor":38,"turns":8},{"damage":25,"enemies":"3 Darklings","floor":40,"turns":6},{"damage":26,"enemies":"Sphere and 2 Shapes","floor":42,"turns":5},{"damage":29,"enemies":"Giant Head","floor":44,"turns":6},{"damage":3,"enemies":"Transient","floor":47,"turns":5},{"damage":10,"enemies":"Writhing Mass","floor":48,"turns":4},{"damage":91,"enemies":"Time Eater","floor":50,"turns":13}],"seed_played":"-5724429258881345606","potions_obtained":[{"floor":1,"key":"BloodPotion"},{"floor":4,"key":"Ancient Potion"},{"floor":7,"key":"Dexterity Potion"},{"floor":16,"key":"Weak Potion"},{"floor":24,"key":"FearPotion"},{"floor":29,"key":"FearPotion"},{"floor":36,"key":"LiquidBronze"},{"floor":37,"key":"Swift Potion"},{"floor":38,"key":"Strength Potion"}],"is_trial":false,"path_per_floor":["M","?","M","M","?","E","M","R","T","$","R","M","M","M","R","B",null,"M","M","$","?","?","R","M","R","T","R","E","M","M","?","R","B",null,"M","?","M","M","$","M","R","M","T","E","?","R","M","M","R","B",null],"character_chosen":"IRONCLAD","items_purchased":["Bag of Preparation","Reaper","Blind","Flex","Toy Ornithopter","Rampage"],"campfire_rested":0,"item_purchase_floors":[10,20,20,20,39,39],"current_hp_per_floor":[78,75,80,79,63,46,42,42,42,42,42,48,53,51,51,54,80,80,80,80,80,80,80,66,66,66,66,72,72,63,63,63,31,80,76,80,80,80,80,70,70,59,59,45,45,45,79,80,80,20],"gold":282,"neow_bonus":"RANDOM_COLORLESS","is_prod":false,"is_daily":false,"chose_seed":false,"campfire_upgraded":10,"win_rate":0,"timestamp":1563510503,"path_taken":["M","?","M","M","?","E","M","R","T","$","R","M","M","M","R","BOSS","M","M","$","?","?","R","M","R","T","R","E","M","M","?","R","BOSS","M","?","M","M","$","M","R","M","T","E","?","R","?","M","R","BOSS"],"build_version":"2019-07-17","purchased_purges":0,"victory":true,"max_hp_per_floor":[80,80,80,80,80,80,80,80,80,80,80,80,80,80,80,80,80,80,80,80,80,80,80,80,80,80,80,80,80,80,80,80,80,80,80,80,80,80,80,80,80,80,80,80,80,80,80,80,80,80],"card_choices":[{"not_picked":["True Grit","Headbutt"],"picked":"Clothesline","floor":1},{"not_picked":["Headbutt","Iron Wave"],"picked":"Feel No Pain","floor":3},{"not_picked":["Second Wind","Headbutt","Rupture"],"picked":"SKIP","floor":4},{"not_picked":["Perfected Strike","Shrug It Off"],"picked":"Disarm","floor":6},{"not_picked":["Thunderclap","Sword Boomerang"],"picked":"Shrug It Off","floor":7},{"not_picked":["Blood for Blood","Thunderclap"],"picked":"Anger","floor":12},{"not_picked":["Fire Breathing","Anger"],"picked":"Berserk","floor":13},{"not_picked":["Perfected Strike","Clothesline","Rage"],"picked":"SKIP","floor":14},{"not_picked":["Berserk","Immolate"],"picked":"Bludgeon","floor":16},{"not_picked":["Rampage","Disarm"],"picked":"Corruption","floor":18},{"not_picked":["Clothesline+1","Flex"],"picked":"True Grit+1","floor":19},{"not_picked":["Armaments","Wild Strike","Anger"],"picked":"SKIP","floor":24},{"not_picked":["Perfected Strike","Clash"],"picked":"Flex","floor":28},{"not_picked":["Anger+1","Warcry","Clothesline"],"picked":"SKIP","floor":29},{"not_picked":["Headbutt+1","Seeing Red","Anger+1"],"picked":"SKIP","floor":30},{"not_picked":["Reaper","Double Tap"],"picked":"Offering","floor":33},{"not_picked":["Pommel Strike","Body Slam+1"],"picked":"Inflame+1","floor":35},{"not_picked":["Clothesline","Headbutt"],"picked":"Spot Weakness+1","floor":36},{"not_picked":["Clash","Thunderclap"],"picked":"Pommel Strike+1","floor":37},{"not_picked":["Corruption","Twin Strike"],"picked":"Seeing Red+1","floor":38},{"not_picked":["Fire Breathing","Intimidate+1"],"picked":"Pommel Strike+1","floor":40},{"not_picked":["Sever Soul","Pommel Strike+1"],"picked":"Shrug It Off+1","floor":42},{"not_picked":["Intimidate+1","Ghostly Armor"],"picked":"Second Wind+1","floor":44},{"not_picked":["Armaments","Clothesline"],"picked":"Perfected Strike+1","floor":47},{"not_picked":["Cleave","Immolate"],"picked":"True Grit+1","floor":48}],"player_experience":303499,"relics_obtained":[{"floor":6,"key":"Paper Frog"},{"floor":9,"key":"Thread and Needle"},{"floor":26,"key":"Shuriken"},{"floor":28,"key":"MawBank"},{"floor":36,"key":"Magic Flower"},{"floor":43,"key":"Pantograph"},{"floor":44,"key":"Ancient Tea Set"}],"event_choices":[{"damage_healed":0,"gold_gain":0,"player_choice":"Success","damage_taken":3,"relics_obtained":["Incense Burner"],"max_hp_gain":0,"max_hp_loss":0,"event_name":"Scrap Ooze","floor":2,"gold_loss":0},{"damage_healed":0,"gold_gain":0,"player_choice":"Entered Light","damage_taken":16,"max_hp_gain":0,"max_hp_loss":0,"event_name":"Shining Light","floor":5,"gold_loss":0,"cards_upgraded":["Strike_R","Strike_R"]},{"damage_healed":0,"gold_gain":0,"player_choice":"Opened","damage_taken":0,"relics_obtained":["Du-Vu Doll"],"max_hp_gain":0,"max_hp_loss":0,"event_name":"The Mausoleum","floor":21,"gold_loss":0},{"damage_healed":0,"gold_gain":0,"player_choice":"Ignored","damage_taken":0,"max_hp_gain":0,"max_hp_loss":0,"event_name":"Vampires","floor":22,"gold_loss":0},{"damage_healed":0,"gold_gain":0,"player_choice":"Forge","damage_taken":0,"max_hp_gain":0,"max_hp_loss":0,"event_name":"Accursed Blacksmith","floor":31,"gold_loss":0,"cards_upgraded":["Flex"]},{"damage_healed":0,"gold_gain":0,"player_choice":"Fight","damage_taken":0,"max_hp_gain":0,"max_hp_loss":0,"event_name":"MindBloom","floor":36,"gold_loss":0},{"damage_healed":0,"gold_gain":0,"player_choice":"1 cards matched","damage_taken":0,"max_hp_gain":0,"max_hp_loss":0,"event_name":"Match and Keep!","floor":45,"gold_loss":0,"cards_obtained":["Shrug It Off"]}],"is_beta":false,"boss_relics":[{"not_picked":["Ectoplasm","Empty Cage"],"picked":"Coffee Dripper"},{"not_picked":["Orrery","Pandora\u0027s Box"],"picked":"Black Blood"}],"items_purged_floors":[],"is_endless":false,"potions_floor_spawned":[1,4,7,16,24,29,36,37,38,42],"ascension_level":4}