{"gold_per_floor":[119,137,156,176,191,191,223,223,249,261,273,304,98,115,115,218,218,231,307,319,349,349,349,375,375,375,375,375,121,140,165,165,165],"floor_reached":33,"playtime":2446,"items_purged":["Strike_G","Strike_G"],"score":285,"play_id":"5362fe8e-e34c-4e20-bc32-7b7de163603a","local_time":"20190812121629","is_ascension_mode":false,"campfire_choices":[{"data":"Neutralize","floor":6,"key":"SMITH"},{"floor":8,"key":"REST"},{"floor":15,"key":"REST"},{"floor":23,"key":"REST"},{"floor":27,"key":"REST"},{"data":"Malaise","floor":28,"key":"SMITH"},{"floor":32,"key":"REST"}],"neow_cost":"NONE","seed_source_timestamp":64960102536317,"circlet_count":0,"master_deck":["Strike_G","Strike_G","Strike_G","Defend_G","Defend_G","Defend_G","Defend_G","Defend_G","Survivor","Neutralize+1","Predator+1","Well Laid Plans","Backstab","Deadly Poison+1","Dagger Throw","Poisoned Stab+1","Noxious Fumes","Skewer","Noxious Fumes","Malaise+1","Endless Agony","Calculated Gamble+1"],"relics":["Ring of the Snake","NeowsBlessing","Meat on the Bone","MawBank","Busted Crown","Matryoshka","Red Mask","Regal Pillow","Ancient Tea Set","Lantern","WingedGreaves","Snake Skull","Girya"],"potions_floor_usage":[5,16,18,21,31,33],"damage_taken":[{"damage":0,"enemies":"Cultist","floor":1,"turns":1},{"damage":0,"enemies":"Jaw Worm","floor":2,"turns":1},{"damage":0,"enemies":"Small Slimes","floor":3,"turns":1},{"damage":4,"enemies":"Blue Slaver","floor":4,"turns":4},{"damage":0,"enemies":"Red Slaver","floor":5,"turns":2},{"damage":14,"enemies":"3 Sentries","floor":7,"turns":9},{"damage":2,"enemies":"Gremlin Gang","floor":12,"turns":4},{"damage":11,"enemies":"Exordium Wildlife","floor":14,"turns":3},{"damage":9,"enemies":"Slime Boss","floor":16,"turns":8},{"damage":14,"enemies":"Spheric Guardian","floor":18,"turns":4},{"damage":0,"enemies":"Chosen","floor":20,"turns":5},{"damage":13,"enemies":"Masked Bandits","floor":21,"turns":5},{"damage":19,"enemies":"Book of Stabbing","floor":24,"turns":5},{"damage":5,"enemies":"Centurion and Healer","floor":30,"turns":6},{"damage":40,"enemies":"Slavers","floor":31,"turns":6},{"damage":77,"enemies":"Collector","floor":33,"turns":5}],"seed_played":"6315416820588712149","potions_obtained":[{"floor":1,"key":"FearPotion"},{"floor":2,"key":"Block Potion"},{"floor":4,"key":"Fire Potion"},{"floor":16,"key":"SpeedPotion"},{"floor":18,"key":"FearPotion"},{"floor":20,"key":"Ancient Potion"},{"floor":24,"key":"Dexterity Potion"}],"is_trial":false,"path_per_floor":["M","M","M","M","M","R","E","R","T","?","?","M","$","M","R","B",null,"M","T","M","?","?","R","E","?","T","R","R","$","M","E","R","B"],"character_chosen":"THE_SILENT","items_purchased":["Noxious Fumes","Skewer","Snake Skull"],"campfire_rested":5,"item_purchase_floors":[13,13,29],"current_hp_per_floor":[70,70,70,66,66,66,52,70,70,56,56,54,54,43,64,55,70,56,56,56,43,43,70,51,44,44,70,70,70,65,37,70,0],"gold":165,"neow_bonus":"THREE_ENEMY_KILL","is_prod":false,"is_daily":false,"chose_seed":false,"campfire_upgraded":2,"win_rate":0.0,"timestamp":1565626589,"path_taken":["M","M","M","?","M","R","E","R","T","?","?","M","?","M","R","BOSS","M","?","?","?","?","R","E","?","T","R","R","$","?","E","R","BOSS"],"build_version":"2019-07-17","purchased_purges":2,"victory":false,"max_hp_per_floor":[70,70,70,70,70,70,70,70,70,70,70,70,70,70,70,70,70,70,70,70,70,70,70,70,70,70,70,70,70,70,70,70,70],"card_choices":[{"not_picked":["Crippling Poison","Prepared"],"picked":"Predator","floor":1},{"not_picked":["Underhanded Strike","Dagger Throw"],"picked":"Well Laid Plans","floor":2},{"not_picked":["Poisoned Stab","Quick Slash"],"picked":"Backstab","floor":3},{"not_picked":["Sucker Punch","Acrobatics"],"picked":"Deadly Poison","floor":4},{"not_picked":["Flechettes","Phantasmal Killer"],"picked":"Dagger Throw","floor":5},{"not_picked":["Flechettes","Expertise"],"picked":"Poisoned Stab","floor":7},{"not_picked":["Prepared","Blade Dance","Quick Slash"],"picked":"SKIP","floor":12},{"not_picked":["Expertise","Dagger Throw"],"picked":"Noxious Fumes","floor":14},{"not_picked":["Envenom","Phantasmal Killer"],"picked":"Malaise","floor":16},{"not_picked":["Eviscerate"],"picked":"SKIP","floor":18},{"not_picked":["Quick Slash"],"picked":"SKIP","floor":20},{"not_picked":[],"picked":"Endless Agony","floor":21},{"not_picked":["Flechettes"],"picked":"SKIP","floor":24},{"not_picked":[],"picked":"Calculated Gamble+1","floor":30},{"not_picked":["Underhanded Strike+1"],"picked":"SKIP","floor":31}],"player_experience":13883,"relics_obtained":[{"floor":7,"key":"Meat on the Bone"},{"floor":9,"key":"MawBank"},{"floor":19,"key":"Matryoshka"},{"floor":21,"key":"Red Mask"},{"floor":24,"key":"Ancient Tea Set"},{"floor":26,"key":"Lantern"},{"floor":26,"key":"WingedGreaves"},{"floor":31,"key":"Girya"}],"event_choices":[{"damage_healed":0,"gold_gain":0,"player_choice":"Entered Light","damage_taken":14,"max_hp_gain":0,"max_hp_loss":0,"event_name":"Shining Light","floor":10,"gold_loss":0,"cards_upgraded":["Deadly Poison","Predator"]},{"damage_healed":0,"gold_gain":0,"player_choice":"Grow","damage_taken":0,"max_hp_gain":0,"max_hp_loss":0,"event_name":"Living Wall","floor":11,"gold_loss":0,"cards_upgraded":["Poisoned Stab"]},{"damage_healed":0,"gold_gain":0,"player_choice":"Fought Bandits","damage_taken":0,"max_hp_gain":0,"max_hp_loss":0,"event_name":"Masked Bandits","floor":21,"gold_loss":0},{"damage_healed":0,"gold_gain":0,"player_choice":"Opened","damage_taken":0,"relics_obtained":["Regal Pillow"],"max_hp_gain":0,"max_hp_loss":0,"event_name":"The Mausoleum","floor":22,"gold_loss":0},{"damage_healed":0,"gold_gain":0,"player_choice":"","damage_taken":7,"max_hp_gain":0,"max_hp_loss":0,"event_name":"Knowing Skull","floor":25,"potions_obtained":[],"gold_loss":0,"cards_obtained":[]}],"is_beta":false,"boss_relics":[{"not_picked":["Black Star","Ring of the Serpent"],"picked":"Busted Crown"}],"items_purged_floors":[13,29],"is_endless":false,"potions_floor_spawned":[1,2,4,16,18,20,24,30],"killed_by":"Collector","ascension_level":0}