{"gold_per_floor":[111,127,402,26,38,48,48,67,67,67,85,101,101,118,118,219,219,232,232,41,41,61,61,93,93,93,93,111,111,111,125,125,224,224,224],"floor_reached":35,"playtime":3963,"items_purged":["Regret","Strike_B"],"score":369,"play_id":"5fb1c10f-5186-4b8f-8762-63506936e46a","local_time":"20190322182803","is_ascension_mode":false,"campfire_choices":[{"data":"1","floor":7,"key":"LIFT"},{"data":"2","floor":10,"key":"LIFT"},{"data":"3","floor":13,"key":"LIFT"},{"data":"Dualcast","floor":15,"key":"SMITH"},{"data":"Seek","floor":23,"key":"SMITH"},{"floor":27,"key":"REST"},{"data":"Blizzard","floor":30,"key":"SMITH"},{"floor":32,"key":"REST"}],"neow_cost":"TEN_PERCENT_HP_LOSS","seed_source_timestamp":415971240179500,"circlet_count":0,"master_deck":["Zap","Dualcast+1","Coolheaded","Go for the Eyes","Leap","Streamline","Rip and Tear","Glacier","Seek+1","Self Repair","Leap","Blizzard+1","Sweeping Beam","Auto Shields","Conserve Battery","Barrage+1","Conserve Battery","Heatsinks","Consume","Thunder Strike","Hello World","All For One","Reinforced Body"],"relics":["Cracked Core","Girya","PreservedInsect","Sundial","Inserter","Nloth\u0027s Gift","Ornamental Fan","MutagenicStrength","Meat on the Bone","Pandora\u0027s Box"],"potions_floor_usage":[8,14,18,31,33],"damage_taken":[{"damage":0,"enemies":"Cultist","floor":1,"turns":4},{"damage":3,"enemies":"Small Slimes","floor":2,"turns":3},{"damage":1,"enemies":"Jaw Worm","floor":5,"turns":4},{"damage":0,"enemies":"2 Fungi Beasts","floor":6,"turns":4},{"damage":0,"enemies":"Blue Slaver","floor":8,"turns":3},{"damage":0,"enemies":"Looter","floor":11,"turns":3},{"damage":14,"enemies":"Gremlin Gang","floor":12,"turns":3},{"damage":5,"enemies":"Large Slime","floor":14,"turns":4},{"damage":16,"enemies":"Hexaghost","floor":16,"turns":11},{"damage":16,"enemies":"3 Byrds","floor":18,"turns":7},{"damage":10,"enemies":"Spheric Guardian","floor":22,"turns":7},{"damage":43,"enemies":"Slavers","floor":24,"turns":5},{"damage":3,"enemies":"Shelled Parasite and Fungi","floor":28,"turns":10},{"damage":11,"enemies":"Cultist and Chosen","floor":31,"turns":8},{"damage":60,"enemies":"Collector","floor":33,"turns":15},{"damage":74,"enemies":"3 Shapes","floor":35,"turns":4}],"seed_played":"4107179694088839460","potions_obtained":[{"floor":1,"key":"Regen Potion"},{"floor":2,"key":"GamblersBrew"},{"floor":8,"key":"GamblersBrew"},{"floor":14,"key":"Fruit Juice"},{"floor":22,"key":"Dexterity Potion"},{"floor":28,"key":"SkillPotion"},{"floor":31,"key":"SkillPotion"}],"is_trial":false,"path_per_floor":["M","M","?","$","M","M","R","M","T","R","M","M","R","M","R","B",null,"M","?","$","?","M","R","E","?","T","R","M","$","R","M","R","B",null,"M"],"character_chosen":"DEFECT","items_purchased":["PreservedInsect","Happy Flower","Leap","Blizzard"],"campfire_rested":2,"item_purchase_floors":[4,4,20,20],"current_hp_per_floor":[68,65,65,65,64,64,64,64,64,64,64,50,50,50,50,34,73,57,57,57,57,47,47,11,11,11,32,48,48,48,44,65,24,73,0],"gold":224,"neow_bonus":"ONE_RARE_RELIC","is_prod":false,"is_daily":false,"chose_seed":false,"campfire_upgraded":3,"win_rate":0.0,"timestamp":1553293683,"path_taken":["M","?","?","$","M","M","R","M","T","R","?","M","R","M","R","BOSS","M","?","?","?","M","R","E","?","T","R","?","$","R","M","R","BOSS","M"],"build_version":"2019-01-23","purchased_purges":2,"victory":false,"max_hp_per_floor":[68,68,68,68,68,68,68,68,68,68,68,68,68,73,73,73,73,73,73,73,73,73,73,73,73,73,73,73,73,73,73,73,73,73,73],"card_choices":[{"not_picked":["Redo","Sweeping Beam"],"picked":"Coolheaded","floor":1},{"not_picked":["Undo","Gash"],"picked":"Go for the Eyes","floor":2},{"not_picked":["Buffer","Ball Lightning"],"picked":"Leap","floor":5},{"not_picked":["Hello World","Go for the Eyes"],"picked":"Streamline","floor":6},{"not_picked":["Fusion","Gash"],"picked":"Rip and Tear","floor":8},{"not_picked":["Gash","Streamline","Doom and Gloom"],"picked":"SKIP","floor":11},{"not_picked":["Streamline","Compile Driver","Biased Cognition"],"picked":"SKIP","floor":12},{"not_picked":["Redo","FTL"],"picked":"Glacier","floor":14},{"not_picked":["Creative AI","Biased Cognition"],"picked":"Seek","floor":16},{"not_picked":["Leap+1","Coolheaded"],"picked":"Self Repair","floor":18},{"not_picked":["Tempest+1","Doom and Gloom"],"picked":"Auto Shields","floor":22},{"not_picked":["Go for the Eyes","Reinforced Body+1"],"picked":"Conserve Battery","floor":24},{"not_picked":["Stack","Hello World","Sweeping Beam"],"picked":"SKIP","floor":28},{"not_picked":["Conserve Battery","Echo Form"],"picked":"Barrage+1","floor":31}],"player_experience":157255,"relics_obtained":[{"floor":9,"key":"Sundial"},{"floor":24,"key":"Ornamental Fan"},{"floor":26,"key":"Meat on the Bone"}],"event_choices":[{"damage_healed":0,"gold_gain":275,"player_choice":"Desecrate","damage_taken":0,"max_hp_gain":0,"max_hp_loss":0,"event_name":"Golden Shrine","floor":3,"gold_loss":0,"cards_obtained":["Regret"]},{"damage_healed":0,"gold_gain":0,"player_choice":"Traded Relic","damage_taken":0,"relics_obtained":["Nloth\u0027s Gift"],"max_hp_gain":0,"max_hp_loss":0,"event_name":"N\u0027loth","floor":19,"relics_lost":["Happy Flower"],"gold_loss":0},{"damage_healed":0,"gold_gain":0,"player_choice":"Read","damage_taken":0,"max_hp_gain":0,"max_hp_loss":0,"event_name":"The Library","floor":21,"gold_loss":0,"cards_obtained":["Sweeping Beam"]},{"damage_healed":0,"gold_gain":0,"player_choice":"Inject Mutagens","damage_taken":0,"relics_obtained":["MutagenicStrength"],"max_hp_gain":0,"max_hp_loss":0,"event_name":"Drug Dealer","floor":25,"gold_loss":0}],"is_beta":false,"boss_relics":[{"not_picked":["Fusion Hammer","Eternal Feather"],"picked":"Inserter"},{"not_picked":["FrozenCore","Snecko Eye"],"picked":"Pandora\u0027s Box"}],"items_purged_floors":[4,20],"is_endless":false,"potions_floor_spawned":[1,2,8,14,22,28,31],"killed_by":"3 Shapes","ascension_level":0}