{"gold_per_floor":[109,126,141,18,36,36,63,83,106,106,181,13,13,28,28,127,127,142,142,67,79,79,112,112,126,149,149],"floor_reached":27,"playtime":2021,"items_purged":["Defend_B","Strike_B"],"score":233,"play_id":"f6788878-2d5f-4b09-be29-85293cda257f","local_time":"20190809223334","is_ascension_mode":false,"campfire_choices":[{"data":"White Noise","floor":6,"key":"SMITH"},{"floor":10,"key":"RECALL"},{"floor":13,"key":"REST"},{"data":"Zap","floor":15,"key":"SMITH"},{"data":"Defragment","floor":24,"key":"SMITH"}],"neow_cost":"NONE","seed_source_timestamp":681752538337938,"circlet_count":0,"master_deck":["Zap+1","Dualcast","Genetic Algorithm","White Noise+1","Steam","Conserve Battery","Cold Snap","Loop","All For One","Cold Snap","Echo Form","Glacier","Loop","Defragment+1","Capacitor","Redo+1","Defragment+1"],"relics":["Cracked Core","Letter Opener","Omamori","Pandora\u0027s Box","PreservedInsect"],"potions_floor_usage":[7],"damage_taken":[{"damage":1,"enemies":"Jaw Worm","floor":1,"turns":3},{"damage":0,"enemies":"2 Louse","floor":2,"turns":4},{"damage":0,"enemies":"Small Slimes","floor":3,"turns":3},{"damage":9,"enemies":"Red Slaver","floor":5,"turns":4},{"damage":30,"enemies":"3 Sentries","floor":7,"turns":10},{"damage":0,"enemies":"Gremlin Gang","floor":8,"turns":3},{"damage":0,"enemies":"Looter","floor":14,"turns":2},{"damage":20,"enemies":"The Guardian","floor":16,"turns":13},{"damage":4,"enemies":"Shell Parasite","floor":18,"turns":6},{"damage":0,"enemies":"Spheric Guardian","floor":21,"turns":7},{"damage":53,"enemies":"Slavers","floor":23,"turns":5},{"damage":0,"enemies":"Centurion and Healer","floor":25,"turns":8},{"damage":24,"enemies":"Cultist and Chosen","floor":27,"turns":4}],"seed_played":"-3464659386840902398","potions_obtained":[{"floor":1,"key":"Fire Potion"},{"floor":2,"key":"EssenceOfSteel"},{"floor":16,"key":"EssenceOfSteel"},{"floor":23,"key":"SkillPotion"},{"floor":25,"key":"Swift Potion"}],"is_trial":false,"path_per_floor":["M","M","M","$","M","R","E","M","T","R","?","$","R","M","R","B",null,"M","?","?","M","?","E","R","M","T","M"],"character_chosen":"DEFECT","items_purchased":["Steam","Loop"],"campfire_rested":1,"item_purchase_floors":[4,12],"current_hp_per_floor":[74,74,74,74,65,65,35,35,35,35,24,24,46,46,46,26,75,71,71,71,71,71,18,18,18,18,0],"gold":149,"neow_bonus":"REMOVE_CARD","is_prod":false,"is_daily":false,"chose_seed":false,"campfire_upgraded":3,"win_rate":0,"timestamp":1565382814,"path_taken":["M","M","M","$","M","R","E","M","T","R","?","$","R","M","R","BOSS","M","?","?","?","?","E","R","M","T","M"],"build_version":"2019-07-17","purchased_purges":2,"victory":false,"max_hp_per_floor":[75,75,75,75,75,75,75,75,75,75,75,75,75,75,75,75,75,75,75,75,75,75,75,75,75,75,75],"card_choices":[{"not_picked":["Doom and Gloom","Coolheaded"],"picked":"Genetic Algorithm","floor":1},{"not_picked":["Leap","Hologram"],"picked":"White Noise","floor":2},{"not_picked":["Sweeping Beam","Redo","Steam"],"picked":"SKIP","floor":3},{"not_picked":["Stack","Compile Driver","Rip and Tear"],"picked":"SKIP","floor":5},{"not_picked":["Steam","BootSequence"],"picked":"Conserve Battery","floor":7},{"not_picked":["Streamline","Hello World"],"picked":"Cold Snap","floor":8},{"not_picked":["Recycle","Turbo"],"picked":"Coolheaded","floor":14},{"not_picked":["Thunder Strike","Seek"],"picked":"All For One","floor":16},{"not_picked":["Hologram+1","Ball Lightning"],"picked":"Defragment+1","floor":18},{"not_picked":["Turbo+1","Steam Power+1"],"picked":"Redo+1","floor":21},{"not_picked":["Rebound","Force Field"],"picked":"Defragment","floor":23},{"not_picked":["Aggregate","Reprogram+1","Streamline"],"picked":"SKIP","floor":25}],"player_experience":216676,"relics_obtained":[{"floor":7,"key":"Letter Opener"},{"floor":9,"key":"Omamori"},{"floor":23,"key":"PreservedInsect"}],"event_choices":[{"damage_healed":0,"gold_gain":75,"player_choice":"Gather Gold","damage_taken":11,"max_hp_gain":0,"max_hp_loss":0,"event_name":"World of Goop","floor":11,"gold_loss":0},{"damage_healed":0,"gold_gain":0,"player_choice":"Read","damage_taken":0,"max_hp_gain":0,"max_hp_loss":0,"event_name":"The Library","floor":19,"gold_loss":0,"cards_obtained":["Capacitor"]},{"cards_removed":["Doom and Gloom"],"damage_healed":0,"gold_gain":0,"player_choice":"Gave Gold","damage_taken":0,"max_hp_gain":0,"max_hp_loss":0,"event_name":"Beggar","floor":20,"gold_loss":75},{"cards_removed":["Coolheaded"],"damage_healed":0,"gold_gain":0,"player_choice":"Elegance","damage_taken":0,"max_hp_gain":0,"max_hp_loss":0,"event_name":"Back to Basics","floor":22,"gold_loss":0}],"is_beta":false,"boss_relics":[{"not_picked":["Cursed Key","Nuclear Battery"],"picked":"Pandora\u0027s Box"}],"items_purged_floors":[4,12],"is_endless":false,"potions_floor_spawned":[1,2,16,23,25],"killed_by":"Cultist and Chosen","ascension_level":0}