{"gold_per_floor":[114,114,125,125,145,145,176,176,176,219,237,237,250,268,268,397,397,413,413,29,49,49,93,93,53,53,53,53,69,87,111,111,111],"floor_reached":33,"playtime":2818,"items_purged":["Strike_B"],"score":277,"play_id":"2680117b-3854-4632-8cdc-41af2d674608","local_time":"20190322191609","is_ascension_mode":false,"campfire_choices":[{"data":"Zap","floor":6,"key":"SMITH"},{"floor":12,"key":"REST"},{"floor":15,"key":"REST"},{"floor":24,"key":"REST"},{"data":"Double Energy","floor":28,"key":"SMITH"},{"floor":32,"key":"REST"}],"neow_cost":"NONE","seed_source_timestamp":420003925003500,"circlet_count":0,"master_deck":["Strike_B","Strike_B","Strike_B","Defend_B","Defend_B","Defend_B","Defend_B","Zap+1","Dualcast","Seek","Chill","Sweeping Beam","Streamline","Genetic Algorithm","Beam Cell","Redo","Cold Snap","Machine Learning","Compile Driver","Hologram","Double Energy+1","Blizzard","Barrage+1"],"relics":["Cracked Core","Mummified Hand","Golden Idol","Potion Belt","Orichalcum","Busted Crown","StoneCalendar","MutagenicStrength","Dead Branch","Peace Pipe","Molten Egg 2"],"potions_floor_usage":[11,23,23],"damage_taken":[{"damage":0,"enemies":"Small Slimes","floor":1,"turns":3},{"damage":0,"enemies":"Cultist","floor":3,"turns":3},{"damage":3,"enemies":"Jaw Worm","floor":5,"turns":4},{"damage":4,"enemies":"3 Sentries","floor":7,"turns":6},{"damage":31,"enemies":"Gremlin Nob","floor":10,"turns":5},{"damage":2,"enemies":"3 Louse","floor":11,"turns":3},{"damage":0,"enemies":"2 Fungi Beasts","floor":13,"turns":3},{"damage":0,"enemies":"Blue Slaver","floor":14,"turns":3},{"damage":60,"enemies":"Hexaghost","floor":16,"turns":13},{"damage":22,"enemies":"Chosen","floor":18,"turns":5},{"damage":0,"enemies":"3 Byrds","floor":21,"turns":6},{"damage":26,"enemies":"Book of Stabbing","floor":23,"turns":7},{"damage":3,"enemies":"Snecko","floor":29,"turns":5},{"damage":2,"enemies":"Chosen and Byrds","floor":30,"turns":5},{"damage":17,"enemies":"Snake Plant","floor":31,"turns":4},{"damage":73,"enemies":"Champ","floor":33,"turns":9}],"seed_played":"4825663401590935785","potions_obtained":[{"floor":1,"key":"Fire Potion"},{"floor":5,"key":"EssenceOfSteel"},{"floor":13,"key":"LiquidBronze"},{"floor":23,"key":"Regen Potion"}],"is_trial":false,"path_per_floor":["M","?","M","?","M","R","E","?","T","E","M","R","M","M","R","B",null,"M","?","$","M","?","E","R","$","T","T","R","M","M","M","R","B"],"character_chosen":"DEFECT","items_purchased":["StoneCalendar","Blizzard"],"campfire_rested":4,"item_purchase_floors":[20,25],"current_hp_per_floor":[75,75,75,80,77,77,73,53,53,22,20,44,44,44,68,8,80,58,58,58,58,58,32,56,56,56,56,56,53,51,34,58,0],"gold":111,"neow_bonus":"ONE_RANDOM_RARE_CARD","is_prod":false,"is_daily":false,"chose_seed":false,"campfire_upgraded":2,"win_rate":0.0,"timestamp":1553296569,"path_taken":["M","?","?","?","M","R","E","?","T","E","M","R","M","M","R","BOSS","M","?","$","M","?","E","R","$","T","?","R","M","?","M","R","BOSS"],"build_version":"2019-01-23","purchased_purges":1,"victory":false,"max_hp_per_floor":[75,75,75,80,80,80,80,80,80,80,80,80,80,80,80,80,80,80,80,80,80,80,80,80,80,80,80,80,80,80,80,80,80],"card_choices":[{"not_picked":["Darkness","Steam Power"],"picked":"Chill","floor":1},{"not_picked":["Coolheaded","Compile Driver"],"picked":"Sweeping Beam","floor":3},{"not_picked":["Stack","Turbo"],"picked":"Streamline","floor":5},{"not_picked":["Reboot","Doom and Gloom","Streamline"],"picked":"SKIP","floor":7},{"not_picked":["Auto Shields","Compile Driver"],"picked":"Genetic Algorithm","floor":10},{"not_picked":["Scrape","Skim"],"picked":"Beam Cell","floor":11},{"not_picked":["Capacitor","Force Field"],"picked":"Redo","floor":13},{"not_picked":["Undo","Beam Cell"],"picked":"Cold Snap","floor":14},{"not_picked":["Creative AI","Multi-Cast"],"picked":"Machine Learning","floor":16},{"not_picked":[],"picked":"Compile Driver","floor":18},{"not_picked":[],"picked":"Hologram","floor":21},{"not_picked":[],"picked":"Double Energy","floor":23},{"not_picked":[],"picked":"Barrage+1","floor":29},{"not_picked":["Heatsinks+1"],"picked":"SKIP","floor":30},{"not_picked":["Stack"],"picked":"SKIP","floor":31}],"player_experience":161218,"relics_obtained":[{"floor":7,"key":"Mummified Hand"},{"floor":9,"key":"Potion Belt"},{"floor":10,"key":"Orichalcum"},{"floor":23,"key":"Dead Branch"},{"floor":26,"key":"Peace Pipe"},{"floor":27,"key":"Molten Egg 2"}],"event_choices":[{"damage_healed":0,"gold_gain":0,"player_choice":"Full Heal","damage_taken":0,"max_hp_gain":0,"max_hp_loss":0,"event_name":"Wheel of Change","floor":2,"gold_loss":0},{"damage_healed":0,"gold_gain":0,"player_choice":"Donut","damage_taken":0,"max_hp_gain":5,"max_hp_loss":0,"event_name":"Big Fish","floor":4,"gold_loss":0},{"damage_healed":0,"gold_gain":0,"player_choice":"Take Damage","damage_taken":20,"relics_obtained":["Golden Idol"],"max_hp_gain":0,"max_hp_loss":0,"event_name":"Golden Idol","floor":8,"gold_loss":0},{"damage_healed":0,"gold_gain":0,"player_choice":"Ignored","damage_taken":0,"max_hp_gain":0,"max_hp_loss":0,"event_name":"Ghosts","floor":19,"gold_loss":0},{"damage_healed":0,"gold_gain":0,"player_choice":"Inject Mutagens","damage_taken":0,"relics_obtained":["MutagenicStrength"],"max_hp_gain":0,"max_hp_loss":0,"event_name":"Drug Dealer","floor":22,"gold_loss":0}],"is_beta":false,"boss_relics":[{"not_picked":["Philosopher\u0027s Stone","White Beast Statue"],"picked":"Busted Crown"}],"items_purged_floors":[20],"is_endless":false,"potions_floor_spawned":[1,5,13,23],"killed_by":"Champ","ascension_level":0}