{"gold_per_floor":[19,33,33,33,33,73,73,86,112,156,174,174,193,37,37,156,156,177,201,201,214,214,214,248,248,248,248,261,261,287,387,387,486,486,503,603,656,672,131,131,143,143,216,241,41,41,53,0,0,0],"floor_reached":51,"playtime":5178,"items_purged":["Strike_R"],"score":825,"play_id":"e553962c-9331-4bb2-9cbd-bf0fc0936d4e","local_time":"20190804203252","is_ascension_mode":true,"campfire_choices":[{"data":"Corruption","floor":7.0,"key":"SMITH"},{"data":"Cleave","floor":12.0,"key":"SMITH"},{"data":"Warcry","floor":15.0,"key":"SMITH"},{"data":"Spot Weakness","floor":23.0,"key":"SMITH"},{"data":"Reaper","floor":25.0,"key":"SMITH"},{"data":"Headbutt","floor":27.0,"key":"SMITH"},{"data":"Metallicize","floor":32.0,"key":"SMITH"},{"data":"Barricade","floor":40,"key":"SMITH"},{"floor":42,"key":"REST"},{"data":"Mayhem","floor":46,"key":"SMITH"},{"floor":49,"key":"REST"}],"neow_cost":"NO_GOLD","seed_source_timestamp":0,"circlet_count":0,"master_deck":["Strike_R+1","Strike_R+1","Defend_R","Defend_R","Defend_R","Defend_R","Bash+1","Reckless Charge+1","Headbutt+1","Corruption+1","Pommel Strike","Cleave+1","Thunderclap","Warcry+1","Reaper+1","Infernal Blade","Spot Weakness+1","Heavy Blade+1","Anger","Sword Boomerang+1","Metallicize+1","Juggernaut","Reaper+1","Warcry","Shrug It Off+1","Barricade+1","Thunderclap+1","Mayhem+1","Dropkick+1","Parasite","Ghostly Armor+1","Seeing Red+1"],"special_seed":0,"relics":["Burning Blood","Bloody Idol","Bronze Scales","PreservedInsect","Incense Burner","Whetstone","Sozu","Matryoshka","Boot","Molten Egg 2","Nilry\u0027s Codex","Blood Vial","Sundial","Charon\u0027s Ashes","Empty Cage","Nunchaku","Magic Flower","Shuriken","Bag of Preparation","Bottled Tornado","Bottled Flame","Toolbox","Red Mask"],"potions_floor_usage":[],"damage_taken":[{"damage":10.0,"enemies":"Small Slimes","floor":1.0,"turns":3.0},{"damage":2.0,"enemies":"2 Louse","floor":2.0,"turns":3.0},{"damage":30.0,"enemies":"3 Sentries","floor":6.0,"turns":7.0},{"damage":1.0,"enemies":"Cultist","floor":8.0,"turns":3.0},{"damage":15.0,"enemies":"Lagavulin","floor":10.0,"turns":5.0},{"damage":7.0,"enemies":"3 Louse","floor":11.0,"turns":2.0},{"damage":0.0,"enemies":"Large Slime","floor":13.0,"turns":4.0},{"damage":42.0,"enemies":"The Guardian","floor":16.0,"turns":8.0},{"damage":6.0,"enemies":"Spheric Guardian","floor":18.0,"turns":3.0},{"damage":8.0,"enemies":"3 Byrds","floor":19.0,"turns":4.0},{"damage":5.0,"enemies":"Cultist and Chosen","floor":21.0,"turns":4.0},{"damage":34.0,"enemies":"Slavers","floor":24.0,"turns":2.0},{"damage":6.0,"enemies":"Snecko","floor":28.0,"turns":4.0},{"damage":0.0,"enemies":"Gremlin Leader","floor":30.0,"turns":3.0},{"damage":19.0,"enemies":"Colosseum Slavers","floor":31.0,"turns":3.0},{"damage":13.0,"enemies":"Colosseum Nobs","floor":31.0,"turns":3.0},{"damage":35.0,"enemies":"Champ","floor":33.0,"turns":7.0},{"damage":9,"enemies":"3 Darklings","floor":35,"turns":3},{"damage":40,"enemies":"Mind Bloom Boss Battle","floor":36,"turns":6},{"damage":35,"enemies":"2 Orb Walkers","floor":37,"turns":5},{"damage":20,"enemies":"3 Shapes","floor":38,"turns":3},{"damage":55,"enemies":"Writhing Mass","floor":41,"turns":5},{"damage":25,"enemies":"Nemesis","floor":44,"turns":5},{"damage":11,"enemies":"Sphere and 2 Shapes","floor":47,"turns":3},{"damage":61,"enemies":"Awakened One","floor":50,"turns":8}],"seed_played":"5437221410647081603","potions_obtained":[{"floor":1.0,"key":"Fire Potion"},{"floor":6.0,"key":"Swift Potion"},{"floor":10.0,"key":"Poison Potion"},{"floor":11.0,"key":"EssenceOfSteel"}],"is_trial":false,"path_per_floor":["M","M","?","?","?","E","R","M","T","E","M","R","M","$","R","B",null,"M","M","?","M","?","R","E","R","T","R","M","?","E","?","R","B",null,"M","?","?","M","$","R","M","R","T","E","$","R","M","?","R","B",null],"character_chosen":"IRONCLAD","items_purchased":["Whetstone","Shuriken","Mayhem","Dropkick+1","Toolbox"],"campfire_rested":2,"item_purchase_floors":[14,39,39,39,45],"current_hp_per_floor":[92,96,72,72,72,48,48,53,53,44,43,43,49,49,49,13,96,96,94,94,96,96,96,73,73,73,73,91,75,95,93,93,90,96,96,86,64,61,61,61,31,59,64,73,73,73,79,79,96,45],"gold":0,"neow_bonus":"TWENTY_PERCENT_HP_BONUS","is_prod":false,"is_daily":false,"chose_seed":false,"campfire_upgraded":9,"win_rate":0,"timestamp":1564939972,"path_taken":["M","M","?","?","?","E","R","?","T","E","M","R","M","$","R","BOSS","M","M","?","M","?","R","E","R","T","R","M","?","E","?","R","BOSS","M","?","?","M","?","R","M","R","T","E","$","R","M","?","R","BOSS"],"build_version":"2019-07-17","purchased_purges":1,"victory":true,"max_hp_per_floor":[96,96,96,96,96,96,96,96,96,96,96,96,96,96,96,96,96,96,96,96,96,96,96,96,96,96,96,96,96,96,96,96,96,96,96,96,96,96,96,96,96,96,96,96,96,96,96,96,96,96],"card_choices":[{"not_picked":["Dual Wield","Feel No Pain"],"picked":"Reckless Charge","floor":1.0},{"not_picked":["Dropkick","Searing Blow"],"picked":"Headbutt","floor":2.0},{"not_picked":["Cleave","Havoc"],"picked":"Corruption","floor":6.0},{"not_picked":["Evolve","Body Slam"],"picked":"Pommel Strike","floor":8.0},{"not_picked":["Carnage","Iron Wave"],"picked":"Cleave","floor":10.0},{"not_picked":["Sword Boomerang","Iron Wave"],"picked":"Thunderclap","floor":11.0},{"not_picked":["Searing Blow","Havoc"],"picked":"Warcry","floor":13.0},{"not_picked":["Juggernaut","Limit Break"],"picked":"Reaper","floor":16.0},{"not_picked":["Fire Breathing","Burning Pact+1"],"picked":"Infernal Blade","floor":18.0},{"not_picked":["Iron Wave","Perfected Strike+1"],"picked":"Spot Weakness","floor":19.0},{"not_picked":["Clothesline","True Grit"],"picked":"Heavy Blade+1","floor":21.0},{"not_picked":["Sentinel","Wild Strike"],"picked":"Anger","floor":24.0},{"not_picked":["Clash+1","Dropkick+1"],"picked":"Sword Boomerang+1","floor":28.0},{"not_picked":["Inflame","Clothesline+1"],"picked":"Metallicize","floor":30.0},{"not_picked":["Reckless Charge+1","True Grit+1"],"picked":"Juggernaut","floor":31.0},{"not_picked":["Double Tap","Juggernaut"],"picked":"Reaper+1","floor":33.0},{"not_picked":["Anger+1","Perfected Strike+1"],"picked":"Warcry","floor":35},{"not_picked":["Pommel Strike+1","Clash+1"],"picked":"Shrug It Off+1","floor":36},{"not_picked":["Clothesline+1","Warcry"],"picked":"Barricade","floor":37},{"not_picked":["Sword Boomerang+1","Sentinel"],"picked":"Thunderclap+1","floor":38},{"not_picked":["Flame Barrier+1","Dropkick+1"],"picked":"Ghostly Armor+1","floor":41},{"not_picked":["Uppercut+1","Limit Break"],"picked":"Seeing Red+1","floor":44},{"not_picked":["Heavy Blade+1","Body Slam+1","Iron Wave+1"],"picked":"SKIP","floor":47}],"player_experience":53928,"relics_obtained":[{"floor":6.0,"key":"Bronze Scales"},{"floor":9.0,"key":"PreservedInsect"},{"floor":10.0,"key":"Incense Burner"},{"floor":24.0,"key":"Matryoshka"},{"floor":26.0,"key":"Boot"},{"floor":26.0,"key":"Molten Egg 2"},{"floor":29.0,"key":"Nilry\u0027s Codex"},{"floor":30.0,"key":"Blood Vial"},{"floor":31.0,"key":"Sundial"},{"floor":31.0,"key":"Charon\u0027s Ashes"},{"floor":36,"key":"Nunchaku"},{"floor":37,"key":"Magic Flower"},{"floor":43,"key":"Bag of Preparation"},{"floor":43,"key":"Bottled Tornado"},{"floor":44,"key":"Bottled Flame"}],"event_choices":[{"damage_healed":0.0,"max_hp_gain":0.0,"max_hp_loss":0.0,"gold_gain":0.0,"event_name":"Golden Idol","player_choice":"Take Damage","floor":3.0,"gold_loss":0.0,"damage_taken":24.0,"relics_obtained":["Golden Idol"]},{"damage_healed":0.0,"max_hp_gain":0.0,"max_hp_loss":0.0,"gold_gain":0.0,"event_name":"Living Wall","player_choice":"Grow","floor":4.0,"gold_loss":0.0,"damage_taken":0.0,"cards_upgraded":["Bash"]},{"damage_healed":0.0,"max_hp_gain":0.0,"max_hp_loss":0.0,"gold_gain":0.0,"event_name":"Accursed Blacksmith","player_choice":"Forge","floor":5.0,"gold_loss":0.0,"damage_taken":0.0,"cards_upgraded":["Reckless Charge"]},{"damage_healed":0.0,"max_hp_gain":0.0,"max_hp_loss":0.0,"gold_gain":0.0,"event_name":"Forgotten Altar","player_choice":"Gave Idol","floor":20.0,"relics_lost":["Golden Idol"],"gold_loss":0.0,"damage_taken":0.0,"relics_obtained":["Bloody Idol"]},{"damage_healed":0.0,"max_hp_gain":0.0,"max_hp_loss":0.0,"gold_gain":0.0,"event_name":"Vampires","player_choice":"Ignored","floor":22.0,"gold_loss":0.0,"damage_taken":0.0},{"damage_healed":0.0,"max_hp_gain":0.0,"max_hp_loss":0.0,"gold_gain":0.0,"event_name":"Cursed Tome","player_choice":"Obtained Book","floor":29.0,"gold_loss":0.0,"damage_taken":16.0},{"damage_healed":0.0,"max_hp_gain":0.0,"max_hp_loss":0.0,"gold_gain":0.0,"event_name":"Colosseum","player_choice":"Fight","floor":31.0,"gold_loss":0.0,"damage_taken":0.0},{"damage_healed":0.0,"max_hp_gain":0.0,"max_hp_loss":0.0,"gold_gain":0.0,"event_name":"Colosseum","player_choice":"Fought Nobs","floor":31.0,"gold_loss":0.0,"damage_taken":0.0},{"damage_healed":0,"gold_gain":0,"player_choice":"Fight","damage_taken":0,"max_hp_gain":0,"max_hp_loss":0,"event_name":"MindBloom","floor":36,"gold_loss":0},{"damage_healed":0,"gold_gain":0,"player_choice":"Fight","damage_taken":0,"max_hp_gain":0,"max_hp_loss":0,"event_name":"Mysterious Sphere","floor":37,"gold_loss":0},{"damage_healed":0,"gold_gain":0,"player_choice":"Paid","damage_taken":0,"relics_obtained":["Red Mask"],"max_hp_gain":0,"max_hp_loss":0,"event_name":"Tomb of Lord Red Mask","floor":48,"gold_loss":53}],"is_beta":false,"boss_relics":[{"not_picked":["Astrolabe","Busted Crown"],"picked":"Sozu"},{"not_picked":["Orrery","Runic Dome"],"picked":"Empty Cage"}],"items_purged_floors":[39],"is_endless":false,"potions_floor_spawned":[1,6,10,11,18,19,28,33,41],"ascension_level":3}