{"gold_per_floor":[116,116,116,131,144,172,191,191,191,202,202,212,223,31,31,135,135,148,168,187,206,222,250,36,36,63,162,77,77,77,94,94,94],"floor_reached":33,"playtime":2999,"items_purged":[],"score":396,"play_id":"d7b8f261-bea2-4754-b506-c0a42cef88bf","local_time":"20190804120314","is_ascension_mode":false,"campfire_choices":[{"data":"Dualcast","floor":8,"key":"SMITH"},{"data":"White Noise","floor":11,"key":"SMITH"},{"data":"Zap","floor":15,"key":"SMITH"},{"floor":25,"key":"REST"},{"data":"Coolheaded","floor":30,"key":"SMITH"},{"data":"Defragment","floor":32,"key":"SMITH"}],"neow_cost":"NONE","seed_source_timestamp":1604211867170300,"circlet_count":0,"master_deck":["Strike_B+1","Strike_B","Strike_B+1","Strike_B","Defend_B","Defend_B","Defend_B","Defend_B","Zap+1","Dualcast+1","Go for the Eyes","Rip and Tear","White Noise+1","Go for the Eyes","Cold Snap","All For One","Defragment+1","FTL","Amplify","Gash","Gash","Defragment+1","Gash+1","Gash","Compile Driver+1","Violence","Coolheaded+1","Static Discharge+1"],"relics":["Cracked Core","Bottled Flame","Meat on the Bone","Pear","Lee\u0027s Waffle","Sozu","Matryoshka","Strawberry","Gremlin Horn","Kunai","MutagenicStrength"],"potions_floor_usage":[21,22,23],"damage_taken":[{"damage":1,"enemies":"Jaw Worm","floor":1,"turns":4},{"damage":0,"enemies":"Cultist","floor":4,"turns":3},{"damage":2,"enemies":"Small Slimes","floor":5,"turns":2},{"damage":38,"enemies":"3 Sentries","floor":6,"turns":7},{"damage":6,"enemies":"2 Fungi Beasts","floor":7,"turns":3},{"damage":9,"enemies":"3 Louse","floor":10,"turns":3},{"damage":3,"enemies":"Blue Slaver","floor":12,"turns":2},{"damage":10,"enemies":"Lots of Slimes","floor":13,"turns":3},{"damage":0,"enemies":"Slime Boss","floor":16,"turns":5},{"damage":4,"enemies":"Chosen","floor":18,"turns":3},{"damage":27,"enemies":"2 Thieves","floor":19,"turns":4},{"damage":16,"enemies":"Shelled Parasite and Fungi","floor":20,"turns":5},{"damage":8,"enemies":"Cultist and Chosen","floor":21,"turns":4},{"damage":18,"enemies":"Snake Plant","floor":22,"turns":4},{"damage":45,"enemies":"Slavers","floor":23,"turns":4},{"damage":2,"enemies":"Shelled Parasite and Fungi","floor":31,"turns":3},{"damage":67,"enemies":"Collector","floor":33,"turns":6}],"seed_played":"7586863202625990375","potions_obtained":[{"floor":1,"key":"LiquidBronze"},{"floor":7,"key":"Regen Potion"},{"floor":13,"key":"Block Potion"},{"floor":16,"key":"FocusPotion"}],"is_trial":false,"path_per_floor":["M","?","T","M","M","E","M","R","T","M","R","M","M","$","R","B",null,"M","M","M","M","M","E","$","R","T","?","?","?","R","M","R","B"],"character_chosen":"DEFECT","items_purchased":["Lee\u0027s Waffle","Violence","Coolheaded"],"campfire_rested":1,"item_purchase_floors":[14,24,24],"current_hp_per_floor":[81,65,65,65,63,25,31,31,41,44,44,53,55,99,99,99,99,95,68,52,56,50,17,17,46,53,53,53,53,53,63,63,0],"gold":94,"neow_bonus":"TEN_PERCENT_HP_BONUS","is_prod":false,"is_daily":false,"chose_seed":false,"campfire_upgraded":5,"win_rate":0.0,"timestamp":1564909394,"path_taken":["M","?","?","M","M","E","M","R","T","M","R","M","M","$","R","BOSS","M","M","?","M","M","E","$","R","T","?","?","?","R","M","R","BOSS"],"build_version":"2019-07-17","purchased_purges":0,"victory":false,"max_hp_per_floor":[82,82,82,82,82,82,82,82,92,92,92,92,92,99,99,99,99,99,99,99,99,99,99,99,99,106,106,106,106,106,106,106,106],"card_choices":[{"not_picked":["Blizzard","BootSequence"],"picked":"Go for the Eyes","floor":1},{"not_picked":["Sweeping Beam","Streamline"],"picked":"Rip and Tear","floor":4},{"not_picked":["Go for the Eyes","Redo"],"picked":"White Noise","floor":5},{"not_picked":["Stack","Sweeping Beam"],"picked":"Go for the Eyes","floor":6},{"not_picked":["Streamline","Lockon"],"picked":"Cold Snap","floor":7},{"not_picked":["Rip and Tear","Go for the Eyes"],"picked":"All For One","floor":10},{"not_picked":["Gash","Scrape"],"picked":"Defragment","floor":12},{"not_picked":["Leap","Stack"],"picked":"FTL","floor":13},{"not_picked":["Creative AI","Buffer"],"picked":"Amplify","floor":16},{"not_picked":["Steam Power","Stack"],"picked":"Gash","floor":18},{"not_picked":["Heatsinks","Conserve Battery"],"picked":"Gash","floor":19},{"not_picked":["Gash","Beam Cell"],"picked":"Defragment+1","floor":20},{"not_picked":["Leap","Multi-Cast"],"picked":"Gash+1","floor":21},{"not_picked":["Stack","Cold Snap"],"picked":"Gash","floor":22},{"not_picked":["Reboot","Storm"],"picked":"Compile Driver+1","floor":23},{"not_picked":["Compile Driver","Storm"],"picked":"Static Discharge+1","floor":31}],"player_experience":41529,"relics_obtained":[{"floor":3,"key":"Bottled Flame"},{"floor":6,"key":"Meat on the Bone"},{"floor":9,"key":"Pear"},{"floor":23,"key":"Matryoshka"},{"floor":26,"key":"Strawberry"},{"floor":26,"key":"Gremlin Horn"}],"event_choices":[{"damage_healed":0,"gold_gain":0,"player_choice":"Entered Light","damage_taken":16,"max_hp_gain":0,"max_hp_loss":0,"event_name":"Shining Light","floor":2,"gold_loss":0,"cards_upgraded":["Strike_B","Strike_B"]},{"damage_healed":0,"gold_gain":99,"player_choice":"Stole From Cult","damage_taken":0,"max_hp_gain":0,"max_hp_loss":0,"event_name":"Nest","floor":27,"gold_loss":0},{"damage_healed":0,"gold_gain":0,"player_choice":"Obtained Relic","damage_taken":0,"relics_obtained":["Kunai"],"max_hp_gain":0,"max_hp_loss":0,"event_name":"Addict","floor":28,"gold_loss":85},{"damage_healed":0,"gold_gain":0,"player_choice":"Inject Mutagens","damage_taken":0,"relics_obtained":["MutagenicStrength"],"max_hp_gain":0,"max_hp_loss":0,"event_name":"Drug Dealer","floor":29,"gold_loss":0}],"is_beta":false,"boss_relics":[{"not_picked":["Eternal Feather","Cursed Key"],"picked":"Sozu"}],"items_purged_floors":[],"is_endless":false,"potions_floor_spawned":[1,7,13,16,20,23,31],"killed_by":"Collector","ascension_level":0}