{"gold_per_floor":[119,138,138,153,153,182,182,107,107,107,140,120,20,36,36,138],"floor_reached":16,"playtime":2284,"items_purged":["Regret","Strike_R"],"score":158,"play_id":"57293325-9b1a-4433-b6e0-b6e8a149a0bb","local_time":"20190810160822","is_ascension_mode":false,"campfire_choices":[{"floor":7.0,"key":"REST"},{"data":"Discovery","floor":10,"key":"SMITH"},{"data":"Bash","floor":15,"key":"SMITH"}],"neow_cost":"CURSE","seed_source_timestamp":0,"circlet_count":0,"master_deck":["Strike_R","Strike_R","Strike_R","Strike_R","Defend_R","Defend_R","Defend_R","Defend_R","Bash+1","Bandage Up","Discovery+1","Clothesline","Sword Boomerang","Bandage Up","Bash","Pommel Strike","Shrug It Off","Headbutt"],"special_seed":0,"relics":["Burning Blood","Blue Candle","Bottled Lightning","Strawberry"],"potions_floor_usage":[11,11,16,16,16],"damage_taken":[{"damage":12.0,"enemies":"Jaw Worm","floor":1.0,"turns":3.0},{"damage":9.0,"enemies":"Cultist","floor":2.0,"turns":4.0},{"damage":7.0,"enemies":"Small Slimes","floor":4.0,"turns":3.0},{"damage":52.0,"enemies":"3 Sentries","floor":6.0,"turns":8.0},{"damage":28,"enemies":"Lagavulin","floor":11,"turns":7},{"damage":12,"enemies":"Looter","floor":14,"turns":3},{"damage":19,"enemies":"The Guardian","floor":16,"turns":9}],"seed_played":"-7705866815220211170","potions_obtained":[{"floor":2.0,"key":"GamblersBrew"},{"floor":4.0,"key":"Ancient Potion"},{"floor":6.0,"key":"Block Potion"},{"floor":11,"key":"PowerPotion"},{"floor":12,"key":"Dexterity Potion"}],"is_trial":false,"path_per_floor":["M","M","?","M","?","E","R","$","T","R","E","?","$","M","R","B"],"character_chosen":"IRONCLAD","items_purchased":[],"campfire_rested":1,"item_purchase_floors":[],"current_hp_per_floor":[78,79,79,79,79,41,65,65,65,65,58,58,58,60,60,55],"gold":138,"neow_bonus":"RANDOM_COLORLESS_2","is_prod":false,"is_daily":false,"chose_seed":false,"campfire_upgraded":2,"win_rate":0,"timestamp":1565446102,"path_taken":["M","M","?","?","?","E","R","$","T","R","E","?","$","?","R","BOSS"],"build_version":"2019-07-17","purchased_purges":2,"victory":false,"max_hp_per_floor":[80,80,80,80,80,80,80,80,80,80,87,87,87,87,87,87],"card_choices":[{"not_picked":["Warcry","Havoc"],"picked":"Clothesline","floor":1.0},{"not_picked":["Flame Barrier","Evolve"],"picked":"Sword Boomerang","floor":2.0},{"not_picked":["Bloodletting","Wild Strike"],"picked":"Pommel Strike","floor":4.0},{"not_picked":["Havoc","Flex","Sword Boomerang"],"picked":"SKIP","floor":6.0},{"not_picked":["Clothesline","Flex"],"picked":"Shrug It Off","floor":11},{"not_picked":["Sword Boomerang","Perfected Strike"],"picked":"Headbutt","floor":14}],"player_experience":213242,"relics_obtained":[{"floor":6.0,"key":"Blue Candle"},{"floor":9.0,"key":"Bottled Lightning"},{"floor":11,"key":"Strawberry"}],"event_choices":[{"damage_healed":0.0,"max_hp_gain":0.0,"max_hp_loss":0.0,"gold_gain":0.0,"event_name":"Match and Keep!","player_choice":"2 cards matched","floor":3.0,"gold_loss":0.0,"damage_taken":0.0,"cards_obtained":["Bandage Up","Bash"]},{"damage_healed":0.0,"max_hp_gain":0.0,"max_hp_loss":0.0,"gold_gain":0.0,"event_name":"Liars Game","player_choice":"Ignored","floor":5.0,"gold_loss":0.0,"damage_taken":0.0},{"damage_healed":0,"gold_gain":0,"player_choice":"Bought 1 Potion","damage_taken":0,"max_hp_gain":0,"max_hp_loss":0,"event_name":"The Woman in Blue","floor":12,"gold_loss":0}],"is_beta":false,"boss_relics":[],"items_purged_floors":[8,13],"is_endless":false,"potions_floor_spawned":[2,4,6,11],"killed_by":"The Guardian","ascension_level":0}