{"gold_per_floor":[110,110,125,144,144,144,179,168,194,258,286,286,304,144,144,240,240,257,277,33,44,44,74,74,93,146,61,61],"floor_reached":28,"playtime":2492,"items_purged":["Defend_G","Strike_G"],"score":373,"play_id":"5e6fce49-449e-4f4c-8be6-8e79aa8044bc","local_time":"20190722013419","is_ascension_mode":true,"campfire_choices":[{"data":"Neutralize","floor":6,"key":"SMITH"},{"floor":12,"key":"REST"},{"data":"Footwork","floor":15,"key":"SMITH"},{"floor":24,"key":"REST"}],"neow_cost":"NONE","seed_source_timestamp":92749959407200,"circlet_count":0,"master_deck":["Strike_G","Strike_G+1","Strike_G","Strike_G+1","Defend_G+1","Defend_G","Defend_G","Defend_G","Survivor","Neutralize+1","Sucker Punch","Deflect","Cloak And Dagger+1","A Thousand Cuts","Flechettes","Cloak And Dagger","Backflip","Flying Knee","Footwork+1","After Image","Acrobatics","Backstab","Caltrops","Dash+1","Writhe","Escape Plan","Footwork+1"],"relics":["Ring of the Snake","Art of War","Regal Pillow","Whetstone","Tiny Chest","Odd Mushroom","Black Star","Anchor","Bottled Tornado","Bottled Flame","Centennial Puzzle","Mango"],"potions_floor_usage":[8,10,16,16,18],"damage_taken":[{"damage":0,"enemies":"2 Louse","floor":1,"turns":2},{"damage":0,"enemies":"Small Slimes","floor":3,"turns":4},{"damage":0,"enemies":"Jaw Worm","floor":4,"turns":5},{"damage":30,"enemies":"3 Sentries","floor":7,"turns":17},{"damage":0,"enemies":"Exordium Thugs","floor":8,"turns":4},{"damage":8,"enemies":"Gremlin Nob","floor":10,"turns":5},{"damage":10,"enemies":"The Mushroom Lair","floor":11,"turns":4},{"damage":6,"enemies":"Lots of Slimes","floor":13,"turns":6},{"damage":0,"enemies":"Slime Boss","floor":16,"turns":7},{"damage":0,"enemies":"Shell Parasite","floor":18,"turns":8},{"damage":4,"enemies":"Chosen","floor":19,"turns":8},{"damage":10,"enemies":"Shelled Parasite and Fungi","floor":21,"turns":10},{"damage":14,"enemies":"Book of Stabbing","floor":23,"turns":8},{"damage":13,"enemies":"3 Cultists","floor":25,"turns":8},{"damage":72,"enemies":"Gremlin Leader","floor":28,"turns":9}],"seed_played":"-2567740987806196921","potions_obtained":[{"floor":3,"key":"Energy Potion"},{"floor":7,"key":"Weak Potion"},{"floor":13,"key":"Energy Potion"},{"floor":16,"key":"Fire Potion"},{"floor":19,"key":"Regen Potion"},{"floor":25,"key":"Explosive Potion"}],"is_trial":false,"path_per_floor":["M","?","M","M","?","R","E","M","T","E","?","R","M","$","R","B",null,"M","M","$","M","?","E","R","M","T","?","E"],"character_chosen":"THE_SILENT","items_purchased":["Footwork","AttackPotion","Caltrops","GhostInAJar"],"campfire_rested":2,"item_purchase_floors":[14,14,20,20],"current_hp_per_floor":[70,70,70,70,56,56,26,26,26,18,8,44,38,38,38,38,62,62,58,58,48,48,34,70,57,57,71,0],"gold":61,"neow_bonus":"RANDOM_COMMON_RELIC","is_prod":false,"is_daily":false,"chose_seed":false,"campfire_upgraded":2,"win_rate":0,"timestamp":1563773659,"path_taken":["M","?","M","M","?","R","E","M","T","E","?","R","?","?","R","BOSS","M","?","$","M","?","E","R","M","T","?","E"],"build_version":"2019-07-17","purchased_purges":2,"victory":false,"max_hp_per_floor":[70,70,70,70,70,70,70,70,70,70,70,70,70,70,70,70,70,70,70,70,70,70,70,70,70,70,84,84],"card_choices":[{"not_picked":["Outmaneuver","Underhanded Strike"],"picked":"Sucker Punch","floor":1},{"not_picked":["Outmaneuver","Prepared"],"picked":"Deflect","floor":3},{"not_picked":["Dodge and Roll","Deadly Poison"],"picked":"Cloak And Dagger","floor":4},{"not_picked":["Deadly Poison","Sucker Punch"],"picked":"A Thousand Cuts","floor":7},{"not_picked":["Endless Agony","Flying Knee"],"picked":"Flechettes","floor":8},{"not_picked":["Eviscerate","Distraction"],"picked":"Cloak And Dagger","floor":10},{"not_picked":["Dodge and Roll","Dagger Throw"],"picked":"Backflip","floor":11},{"not_picked":["Dodge and Roll","Blade Dance"],"picked":"Flying Knee","floor":13},{"not_picked":["Storm of Steel","Night Terror"],"picked":"After Image","floor":16},{"not_picked":["Dagger Spray","Noxious Fumes"],"picked":"Acrobatics","floor":18},{"not_picked":["Flying Knee","Malaise"],"picked":"Backstab","floor":19},{"not_picked":["Prepared","Deadly Poison"],"picked":"Dash+1","floor":21},{"not_picked":["Skewer","Setup"],"picked":"Escape Plan","floor":23},{"not_picked":["Prepared","Quick Slash"],"picked":"Footwork+1","floor":25}],"player_experience":348435,"relics_obtained":[{"floor":7,"key":"Regal Pillow"},{"floor":9,"key":"Whetstone"},{"floor":10,"key":"Tiny Chest"},{"floor":11,"key":"Odd Mushroom"},{"floor":23,"key":"Bottled Tornado"},{"floor":23,"key":"Bottled Flame"},{"floor":26,"key":"Centennial Puzzle"}],"event_choices":[{"damage_healed":0,"gold_gain":0,"player_choice":"Ignored","damage_taken":0,"max_hp_gain":0,"max_hp_loss":0,"event_name":"Liars Game","floor":2,"gold_loss":0},{"damage_healed":0,"gold_gain":0,"player_choice":"Entered Light","damage_taken":14,"max_hp_gain":0,"max_hp_loss":0,"event_name":"Shining Light","floor":5,"gold_loss":0,"cards_upgraded":["Defend_G","Cloak And Dagger"]},{"damage_healed":0,"gold_gain":0,"player_choice":"Fought Mushrooms","damage_taken":0,"max_hp_gain":0,"max_hp_loss":0,"event_name":"Mushrooms","floor":11,"gold_loss":0},{"damage_healed":0,"gold_gain":0,"player_choice":"Opened","damage_taken":0,"relics_obtained":["Anchor"],"max_hp_gain":0,"max_hp_loss":0,"event_name":"The Mausoleum","floor":22,"gold_loss":0,"cards_obtained":["Writhe"]},{"damage_healed":0,"gold_gain":0,"player_choice":"Obtained Relic","damage_taken":0,"relics_obtained":["Mango"],"max_hp_gain":0,"max_hp_loss":0,"event_name":"Addict","floor":27,"gold_loss":85}],"is_beta":false,"boss_relics":[{"not_picked":["Coffee Dripper","Fusion Hammer"],"picked":"Black Star"}],"items_purged_floors":[14,20],"is_endless":false,"potions_floor_spawned":[3,7,13,16,19,25],"killed_by":"Gremlin Leader","ascension_level":5}