{"gold_per_floor":[117,117,131,156,172,172,185,185,185,185,185,3,3,26,26,157,157,182,182,182,97,122,122,5,5,82,101,114,148,167,167,167,167],"floor_reached":33,"playtime":2518,"items_purged":[],"score":257,"play_id":"d7ebfa95-d121-466e-b117-ebcf7b3fc2cd","local_time":"20190811200513","is_ascension_mode":false,"campfire_choices":[{"floor":6,"key":"REST"},{"data":"Uppercut","floor":8,"key":"SMITH"},{"data":"Pummel","floor":11,"key":"SMITH"},{"data":"Corruption","floor":13,"key":"SMITH"},{"data":"Flame Barrier","floor":15,"key":"SMITH"},{"data":"Whirlwind","floor":23,"key":"SMITH"},{"data":"Inflame","floor":25,"key":"SMITH"},{"data":"Fiend Fire","floor":32,"key":"SMITH"}],"neow_cost":"","seed_source_timestamp":6604066338228,"circlet_count":0,"master_deck":["Strike_R+1","Strike_R+1","Strike_R+1","Strike_R+1","Strike_R+1","Defend_R+1","Defend_R+1","Defend_R+1","Defend_R+1","Bash","Pummel+1","Second Wind","Flame Barrier+1","Pummel","Uppercut+1","Parasite","Corruption+1","Bludgeon","Perfected Strike","Perfected Strike","Armaments","Disarm+1","Whirlwind+1","Shrug It Off+1","Battle Trance+1","Inflame+1","Flex+1","Bloodletting+1","Sword Boomerang+1","Fiend Fire+1","Burning Pact+1"],"relics":["Burning Blood","Golden Idol","Gremlin Horn","Bronze Scales","Orrery","Toxic Egg 2","Sundial","Bottled Lightning"],"potions_floor_usage":[4,7,16,27,29,33,33],"damage_taken":[{"damage":6,"enemies":"Jaw Worm","floor":1,"turns":3},{"damage":0,"enemies":"Small Slimes","floor":3,"turns":2},{"damage":8,"enemies":"2 Louse","floor":4,"turns":3},{"damage":22,"enemies":"Exordium Wildlife","floor":5,"turns":8},{"damage":10,"enemies":"Looter","floor":7,"turns":3},{"damage":12,"enemies":"2 Fungi Beasts","floor":14,"turns":3},{"damage":38,"enemies":"The Guardian","floor":16,"turns":16},{"damage":24,"enemies":"Spheric Guardian","floor":18,"turns":4},{"damage":7,"enemies":"Shell Parasite","floor":22,"turns":6},{"damage":0,"enemies":"Shelled Parasite and Fungi","floor":27,"turns":4},{"damage":13,"enemies":"Centurion and Healer","floor":28,"turns":5},{"damage":5,"enemies":"Gremlin Leader","floor":29,"turns":4},{"damage":4,"enemies":"3 Cultists","floor":30,"turns":5},{"damage":114,"enemies":"Champ","floor":33,"turns":14}],"seed_played":"2450873281604380045","potions_obtained":[{"floor":3,"key":"EntropicBrew"},{"floor":4,"key":"Explosive Potion"},{"floor":5,"key":"Strength Potion"},{"floor":7,"key":"BloodPotion"},{"floor":22,"key":"Energy Potion"},{"floor":27,"key":"AttackPotion"}],"is_trial":false,"path_per_floor":["M","?","M","M","M","R","M","R","T","?","R","$","R","M","R","B",null,"M","?","?","$","M","R","$","R","T","M","M","E","M","?","R","B"],"character_chosen":"IRONCLAD","items_purchased":["Bronze Scales","Corruption","Whirlwind","Shrug It Off+1","Inflame","Flex+1"],"campfire_rested":1,"item_purchase_floors":[12,12,21,21,24,24],"current_hp_per_floor":[80,60,66,64,48,72,68,68,68,80,80,80,80,74,74,42,80,62,62,62,62,61,61,61,61,61,67,60,61,63,80,80,0],"gold":167,"neow_bonus":"","is_prod":false,"is_daily":false,"chose_seed":false,"campfire_upgraded":7,"win_rate":0.0,"timestamp":1565568313,"path_taken":["M","?","M","M","M","R","M","R","T","?","R","$","R","M","R","BOSS","M","?","?","$","M","R","$","R","T","M","M","E","M","?","R","BOSS"],"build_version":"2019-07-17","purchased_purges":0,"victory":false,"max_hp_per_floor":[80,80,80,80,80,80,80,80,80,80,80,80,80,80,80,80,80,80,80,80,80,80,80,80,80,80,80,80,80,80,80,80,80],"card_choices":[{"not_picked":["Armaments","Headbutt"],"picked":"Pummel","floor":1},{"not_picked":["Fire Breathing","Warcry"],"picked":"Second Wind","floor":3},{"not_picked":["Infernal Blade","Anger"],"picked":"Flame Barrier","floor":4},{"not_picked":["Seeing Red","Entrench"],"picked":"Pummel","floor":5},{"not_picked":["Sever Soul","Warcry"],"picked":"Uppercut","floor":7},{"not_picked":["Body Slam","Fire Breathing","Intimidate"],"picked":"SKIP","floor":14},{"not_picked":["Double Tap","Berserk"],"picked":"Bludgeon","floor":16},{"not_picked":["Body Slam","Burning Pact"],"picked":"Perfected Strike","floor":17},{"not_picked":["Anger","Warcry"],"picked":"Perfected Strike","floor":17},{"not_picked":["Carnage","Body Slam"],"picked":"Armaments","floor":17},{"not_picked":["Sever Soul","Body Slam"],"picked":"Disarm+1","floor":18},{"not_picked":["Clothesline","Warcry+1"],"picked":"Battle Trance+1","floor":22},{"not_picked":["Carnage","Bludgeon"],"picked":"Bloodletting+1","floor":27},{"not_picked":["Body Slam","Searing Blow"],"picked":"Sword Boomerang+1","floor":28},{"not_picked":["Anger","Pommel Strike"],"picked":"Fiend Fire","floor":29},{"not_picked":["Body Slam","Fire Breathing"],"picked":"Burning Pact+1","floor":30}],"player_experience":0,"relics_obtained":[{"floor":9,"key":"Gremlin Horn"},{"floor":26,"key":"Sundial"},{"floor":29,"key":"Bottled Lightning"}],"event_choices":[{"damage_healed":0,"gold_gain":0,"player_choice":"Take Damage","damage_taken":20,"relics_obtained":["Golden Idol"],"max_hp_gain":0,"max_hp_loss":0,"event_name":"Golden Idol","floor":2,"gold_loss":0},{"damage_healed":20,"gold_gain":0,"player_choice":"Healed and dodged fight","damage_taken":0,"max_hp_gain":0,"max_hp_loss":0,"event_name":"Mushrooms","floor":10,"gold_loss":0,"cards_obtained":["Parasite"]},{"damage_healed":0,"gold_gain":0,"player_choice":"Simplicity","damage_taken":0,"max_hp_gain":0,"max_hp_loss":0,"event_name":"Back to Basics","floor":19,"gold_loss":0,"cards_upgraded":["Strike_R","Strike_R","Strike_R","Strike_R","Strike_R","Defend_R","Defend_R","Defend_R","Defend_R"]},{"damage_healed":0,"gold_gain":0,"player_choice":"Opened","damage_taken":0,"relics_obtained":["Toxic Egg 2"],"max_hp_gain":0,"max_hp_loss":0,"event_name":"The Mausoleum","floor":20,"gold_loss":0},{"damage_healed":26,"gold_gain":0,"player_choice":"Heal","damage_taken":0,"max_hp_gain":0,"max_hp_loss":0,"event_name":"The Library","floor":31,"gold_loss":0}],"is_beta":false,"boss_relics":[{"not_picked":["Ectoplasm","Cursed Key"],"picked":"Orrery"}],"items_purged_floors":[],"is_endless":false,"potions_floor_spawned":[3,4,5,7,22,27],"killed_by":"Champ","ascension_level":0}