{"gold_per_floor":[111,0,0,0,18,47,47,57,57,57,77,105,123,149,149,246,246,260,260,273,291,311,340,340,370,394,394,459,459,485,82,82,186,186,197,217,217,217,235,235,263,152,152,152,164,164,29,29,29,29,29,29,29,59,59],"floor_reached":56,"playtime":4907,"items_purged":["Doubt","Dualcast"],"score":1489,"play_id":"6be6a5aa-652e-412b-b7bf-e37a4fab91ba","local_time":"20190718171058","is_ascension_mode":true,"campfire_choices":[{"floor":7,"key":"REST"},{"data":"Defragment","floor":10,"key":"SMITH"},{"data":"Machine Learning","floor":15,"key":"SMITH"},{"data":"Sunder","floor":24,"key":"SMITH"},{"floor":29,"key":"REST"},{"data":"Static Discharge","floor":32,"key":"SMITH"},{"floor":40,"key":"RECALL"},{"data":"Biased Cognition","floor":44,"key":"SMITH"},{"floor":46,"key":"REST"},{"data":"Echo Form","floor":49,"key":"SMITH"},{"data":"Loop","floor":52,"key":"SMITH"}],"neow_cost":"CURSE","seed_source_timestamp":95247714821900,"circlet_count":0,"master_deck":["Strike_B+1","Strike_B+1","Strike_B+1","Strike_B+1","Defend_B+1","Defend_B+1","Defend_B+1","Defend_B+1","Zap","Sunder+1","Defragment+1","Leap","Genetic Algorithm","Glacier","Compile Driver","Static Discharge+1","Machine Learning+1","Biased Cognition+1","Chill+1","White Noise+1","Self Repair+1","Leap+1","Compile Driver+1","Beam Cell+1","Go for the Eyes+1","Conserve Battery","Echo Form+1","Lockon+1","Loop+1","White Noise+1"],"relics":["Cracked Core","Happy Flower","The Courier","Dream Catcher","Pear","Ice Cream","Mango","Nuclear Battery","Blue Candle","Bottled Flame","Bronze Scales","Tiny Chest","Boot","Regal Pillow","Incense Burner","Velvet Choker","Centennial Puzzle","Whetstone","Orichalcum"],"potions_floor_usage":[23,23,23,23,39,50,55],"damage_taken":[{"damage":13,"enemies":"Jaw Worm","floor":1,"turns":4},{"damage":0,"enemies":"Small Slimes","floor":5,"turns":2},{"damage":40,"enemies":"3 Sentries","floor":6,"turns":8},{"damage":0,"enemies":"2 Louse","floor":8,"turns":3},{"damage":8,"enemies":"Blue Slaver","floor":11,"turns":5},{"damage":0,"enemies":"Lagavulin","floor":12,"turns":8},{"damage":0,"enemies":"Large Slime","floor":13,"turns":5},{"damage":4,"enemies":"3 Sentries","floor":14,"turns":9},{"damage":16,"enemies":"Hexaghost","floor":16,"turns":11},{"damage":3,"enemies":"3 Byrds","floor":18,"turns":5},{"damage":0,"enemies":"Spheric Guardian","floor":20,"turns":4},{"damage":12,"enemies":"Centurion and Healer","floor":21,"turns":8},{"damage":0,"enemies":"Shelled Parasite and Fungi","floor":22,"turns":9},{"damage":24,"enemies":"Gremlin Leader","floor":23,"turns":10},{"damage":20,"enemies":"Slavers","floor":25,"turns":4},{"damage":1,"enemies":"Book of Stabbing","floor":28,"turns":5},{"damage":16,"enemies":"Automaton","floor":33,"turns":13},{"damage":12,"enemies":"Orb Walker","floor":35,"turns":4},{"damage":0,"enemies":"3 Darklings","floor":36,"turns":5},{"damage":0,"enemies":"Writhing Mass","floor":39,"turns":6},{"damage":19,"enemies":"Reptomancer","floor":41,"turns":6},{"damage":4,"enemies":"4 Shapes","floor":45,"turns":7},{"damage":13,"enemies":"Awakened One","floor":50,"turns":15},{"damage":17,"enemies":"Shield and Spear","floor":54,"turns":12},{"damage":96,"enemies":"The Heart","floor":55,"turns":7}],"seed_played":"6736259943933666327","potions_obtained":[{"floor":8,"key":"Dexterity Potion"},{"floor":11,"key":"SpeedPotion"},{"floor":14,"key":"Energy Potion"},{"floor":16,"key":"Block Potion"},{"floor":20,"key":"EntropicBrew"},{"floor":25,"key":"LiquidBronze"},{"floor":28,"key":"SkillPotion"},{"floor":41,"key":"Energy Potion"},{"floor":54,"key":"Weak Potion"}],"is_trial":false,"path_per_floor":["M","$","?","T","M","E","R","M","T","R","M","E","M","E","R","B",null,"M","?","M","M","M","E","R","E","T","?","E","R","T","$","R","B",null,"M","M","?","?","M","R","E","$","T","R","M","R","$","?","R","B",null,"R","$","E","B",null],"character_chosen":"DEFECT","items_purchased":["Defragment","Regal Pillow","Incense Burner","Conserve Battery","Loop","Whetstone","Streamline"],"campfire_rested":3,"item_purchase_floors":[2,31,31,31,42,47,47],"current_hp_per_floor":[76,76,58,58,58,18,44,44,54,54,46,46,46,56,56,40,95,92,92,92,80,80,78,78,68,68,68,67,100,100,100,100,94,108,96,106,106,106,113,113,104,104,104,104,110,113,113,113,113,110,112,112,112,113,17],"gold":59,"neow_bonus":"TWENTY_PERCENT_HP_BONUS","is_prod":false,"is_daily":false,"chose_seed":false,"campfire_upgraded":7,"win_rate":0,"timestamp":1563484258,"path_taken":["M","$","?","?","M","E","R","M","T","R","M","E","M","E","R","BOSS","M","?","M","M","M","E","R","E","T","?","E","R","?","$","R","BOSS","M","M","?","?","M","R","E","$","T","R","M","R","?","?","R","BOSS","R","$","E","BOSS"],"build_version":"2019-07-17","purchased_purges":2,"victory":true,"max_hp_per_floor":[89,89,89,89,89,89,89,89,99,99,99,99,99,113,113,113,113,113,113,113,113,113,113,113,113,113,113,113,113,113,113,113,113,113,113,113,113,113,113,113,113,113,113,113,113,113,113,113,113,113,113,113,113,113,113],"card_choices":[{"not_picked":["Go for the Eyes","Hologram"],"picked":"Sunder","floor":1},{"not_picked":["Double Energy","Go for the Eyes"],"picked":"Leap","floor":5},{"not_picked":["Leap","Rebound"],"picked":"Genetic Algorithm","floor":6},{"not_picked":["Darkness","Gash"],"picked":"Glacier","floor":7},{"not_picked":["Cold Snap","Barrage"],"picked":"Compile Driver","floor":8},{"not_picked":["Stack","Leap","Rip and Tear"],"picked":"SKIP","floor":11},{"not_picked":["Heatsinks","Fusion"],"picked":"Static Discharge","floor":12},{"not_picked":["Barrage","Loop"],"picked":"Machine Learning","floor":13},{"not_picked":["Scrape","Aggregate","Loop"],"picked":"SKIP","floor":14},{"not_picked":["Core Surge","Buffer"],"picked":"Biased Cognition","floor":16},{"not_picked":["Storm","Rebound"],"picked":"Chill+1","floor":18},{"not_picked":["Reinforced Body","Cold Snap","Redo"],"picked":"SKIP","floor":20},{"not_picked":["Ball Lightning+1","Stack"],"picked":"White Noise+1","floor":21},{"not_picked":["Skim","Lockon+1"],"picked":"Self Repair+1","floor":22},{"not_picked":["Heatsinks","Coolheaded"],"picked":"Leap+1","floor":23},{"not_picked":["Hyperbeam","Darkness"],"picked":"Compile Driver","floor":25},{"not_picked":["Cold Snap","Rebound"],"picked":"Beam Cell","floor":28},{"not_picked":["FTL","Force Field"],"picked":"Go for the Eyes+1","floor":29},{"not_picked":["Seek","Creative AI"],"picked":"Echo Form","floor":33},{"not_picked":["Leap","Scrape+1","Steam+1"],"picked":"SKIP","floor":35},{"not_picked":["Go for the Eyes","Coolheaded","Blizzard"],"picked":"SKIP","floor":36},{"not_picked":["Force Field+1","Go for the Eyes+1"],"picked":"Lockon+1","floor":39},{"not_picked":["Redo+1","Recycle","Coolheaded"],"picked":"SKIP","floor":41},{"not_picked":["Gash","Cold Snap","Chill+1"],"picked":"SKIP","floor":45},{"not_picked":["Tempest","Lockon+1"],"picked":"White Noise+1","floor":54}],"player_experience":280616,"relics_obtained":[{"floor":4,"key":"The Courier"},{"floor":6,"key":"Dream Catcher"},{"floor":9,"key":"Pear"},{"floor":12,"key":"Ice Cream"},{"floor":14,"key":"Mango"},{"floor":23,"key":"Blue Candle"},{"floor":25,"key":"Bottled Flame"},{"floor":26,"key":"Bronze Scales"},{"floor":28,"key":"Tiny Chest"},{"floor":30,"key":"Boot"},{"floor":41,"key":"Centennial Puzzle"},{"floor":54,"key":"Orichalcum"}],"event_choices":[{"damage_healed":0,"gold_gain":0,"player_choice":"Success","damage_taken":18,"relics_obtained":["Happy Flower"],"max_hp_gain":0,"max_hp_loss":0,"event_name":"Scrap Ooze","floor":3,"gold_loss":0},{"damage_healed":0,"gold_gain":0,"player_choice":"Simplicity","damage_taken":0,"max_hp_gain":0,"max_hp_loss":0,"event_name":"Back to Basics","floor":19,"gold_loss":0,"cards_upgraded":["Strike_B","Strike_B","Strike_B","Strike_B","Defend_B","Defend_B","Defend_B","Defend_B"]},{"damage_healed":0,"gold_gain":0,"player_choice":"Ignored","damage_taken":0,"max_hp_gain":0,"max_hp_loss":0,"event_name":"Vampires","floor":27,"gold_loss":0},{"damage_healed":0,"gold_gain":0,"player_choice":"Memory 1","damage_taken":0,"max_hp_gain":0,"max_hp_loss":0,"event_name":"SensoryStone","floor":37,"gold_loss":0},{"damage_healed":0,"gold_gain":0,"player_choice":"Ignored","damage_taken":0,"max_hp_gain":0,"max_hp_loss":0,"event_name":"Tomb of Lord Red Mask","floor":38,"gold_loss":0},{"cards_removed":["Streamline"],"damage_healed":0,"gold_gain":0,"player_choice":"Removed Attack","damage_taken":0,"max_hp_gain":0,"max_hp_loss":0,"event_name":"Falling","floor":48,"gold_loss":0}],"is_beta":false,"boss_relics":[{"not_picked":["Empty Cage","Philosopher\u0027s Stone"],"picked":"Nuclear Battery"},{"not_picked":["Calling Bell","Pandora\u0027s Box"],"picked":"Velvet Choker"}],"items_purged_floors":[2,42],"is_endless":false,"potions_floor_spawned":[8,11,14,16,20,21,25,28,36,41,54],"ascension_level":5}