{"gold_per_floor":[119,134,134,152,171,171,197,122,122,136,136,146,146,164,164,264,264,280,9,9,9,9,9,50,103,171,184,236,275,275,313,313,432,432,451,451,470,546,546,573,584,584,584,611,625,625,657,53,53,78,78,78,4,36,36],"floor_reached":55,"playtime":11476,"items_purged":["Strike_R","Strike_R"],"score":847,"play_id":"a7da1a5d-030e-4845-88c0-c78c7fbaf7a7","local_time":"20190812014830","is_ascension_mode":false,"campfire_choices":[{"data":"Bash","floor":6.0,"key":"SMITH"},{"floor":11.0,"key":"REST"},{"data":"Armaments","floor":13.0,"key":"SMITH"},{"data":"Heavy Blade","floor":15.0,"key":"SMITH"},{"floor":23.0,"key":"RECALL"},{"floor":32.0,"key":"REST"},{"floor":42.0,"key":"REST"},{"floor":49,"key":"REST"},{"floor":52,"key":"REST"}],"neow_cost":"NONE","seed_source_timestamp":0,"circlet_count":0,"master_deck":["Strike_R","Strike_R","Defend_R","Defend_R","Defend_R","Defend_R","Bash+1","Rage","Sword Boomerang","Shockwave","Havoc","Armaments+1","Immolate","Rupture","Flame Barrier","Heavy Blade+1","Exhume","True Grit+1","HandOfGreed","Ghostly","Ghostly","Ghostly","Ghostly","Ghostly","Hemokinesis","Shrug It Off","Bloodletting","Juggernaut","Shrug It Off+1","Panache","Dark Embrace","Body Slam","Pommel Strike+1","Spot Weakness+1","Feel No Pain","Seeing Red","Evolve"],"special_seed":0,"relics":["Burning Blood","PreservedInsect","Vajra","Fusion Hammer","Meat on the Bone","Self Forming Clay","Matryoshka","Ancient Tea Set","Enchiridion","White Beast Statue","Magic Flower","Sundial","Juzu Bracelet","Lantern","Mummified Hand","Pear","Toy Ornithopter","Bird Faced Urn"],"potions_floor_usage":[55],"damage_taken":[{"damage":1.0,"enemies":"Cultist","floor":1.0,"turns":3.0},{"damage":7.0,"enemies":"Jaw Worm","floor":2.0,"turns":3.0},{"damage":8.0,"enemies":"Small Slimes","floor":4.0,"turns":3.0},{"damage":18.0,"enemies":"Exordium Wildlife","floor":5.0,"turns":5.0},{"damage":31.0,"enemies":"Gremlin Nob","floor":7.0,"turns":5.0},{"damage":7.0,"enemies":"Blue Slaver","floor":10.0,"turns":3.0},{"damage":7.0,"enemies":"Looter","floor":12.0,"turns":3.0},{"damage":5.0,"enemies":"Red Slaver","floor":14.0,"turns":4.0},{"damage":27.0,"enemies":"Slime Boss","floor":16.0,"turns":9.0},{"damage":2.0,"enemies":"Shell Parasite","floor":18.0,"turns":4.0},{"damage":3.0,"enemies":"Chosen","floor":24.0,"turns":8.0},{"damage":15.0,"enemies":"Gremlin Leader","floor":25.0,"turns":6.0},{"damage":2.0,"enemies":"Shelled Parasite and Fungi","floor":27.0,"turns":7.0},{"damage":4.0,"enemies":"Slavers","floor":28.0,"turns":4.0},{"damage":14.0,"enemies":"Snake Plant","floor":29.0,"turns":8.0},{"damage":11.0,"enemies":"Chosen and Byrds","floor":31.0,"turns":7.0},{"damage":34.0,"enemies":"Collector","floor":33.0,"turns":9.0},{"damage":4.0,"enemies":"Orb Walker","floor":35.0,"turns":4.0},{"damage":4.0,"enemies":"3 Shapes","floor":37.0,"turns":4.0},{"damage":68.0,"enemies":"2 Orb Walkers","floor":38.0,"turns":9.0},{"damage":13.0,"enemies":"Nemesis","floor":40.0,"turns":9.0},{"damage":15.0,"enemies":"Maw","floor":41.0,"turns":8.0},{"damage":6.0,"enemies":"Giant Head","floor":44.0,"turns":8.0},{"damage":5.0,"enemies":"Jaw Worm Horde","floor":45.0,"turns":4.0},{"damage":1,"enemies":"Reptomancer","floor":47,"turns":6},{"damage":19,"enemies":"Donu and Deca","floor":50,"turns":7},{"damage":5,"enemies":"Shield and Spear","floor":54,"turns":8},{"damage":53,"enemies":"The Heart","floor":55,"turns":2}],"seed_played":"-3725770973792483593","potions_obtained":[{"floor":1.0,"key":"Weak Potion"},{"floor":5.0,"key":"GamblersBrew"},{"floor":7.0,"key":"PowerPotion"},{"floor":18.0,"key":"Regen Potion"},{"floor":27.0,"key":"Fire Potion"},{"floor":29.0,"key":"Strength Potion"},{"floor":31.0,"key":"FairyPotion"},{"floor":35.0,"key":"Fire Potion"},{"floor":37.0,"key":"Regen Potion"},{"floor":38.0,"key":"Explosive Potion"},{"floor":40.0,"key":"BloodPotion"},{"floor":41.0,"key":"Ancient Potion"},{"floor":44.0,"key":"Regen Potion"},{"floor":45.0,"key":"Block Potion"}],"is_trial":false,"path_per_floor":["M","M","?","M","M","R","E","$","T","M","R","M","R","M","R","B",null,"M","$","?","?","$","R","M","E","T","M","E","M","?","M","R","B",null,"M","?","M","?","?","E","M","R","T","E","M","?","E","$","R","B",null,"R","$","E","B"],"character_chosen":"IRONCLAD","items_purchased":["HandOfGreed","Feel No Pain","Pear","Seeing Red","Toy Ornithopter","Weak Potion","Evolve"],"campfire_rested":5,"item_purchase_floors":[19,48,48,48,48,48,53],"current_hp_per_floor":[80,79,79,77,65,65,40,40,40,39,63,62,62,63,63,42,80,80,80,80,40,40,40,40,31,31,35,37,29,13,20,32,31,40,40,40,40,22,22,36,30,38,38,38,38,38,38,48,48,38,48,48,48,48,0],"gold":36,"neow_bonus":"TRANSFORM_CARD","is_prod":false,"is_daily":false,"chose_seed":false,"campfire_upgraded":3,"win_rate":0,"timestamp":1565567310,"path_taken":["M","M","?","M","M","R","E","$","T","M","R","M","R","M","R","BOSS","M","$","?","?","?","R","M","E","T","M","E","?","?","M","R","BOSS","M","?","M","?","?","E","M","R","T","E","M","?","E","$","R","BOSS","R","$","E","BOSS"],"build_version":"2019-07-17","purchased_purges":2,"victory":false,"max_hp_per_floor":[80,80,80,80,80,80,80,80,80,80,80,80,80,80,80,80,80,80,80,80,40,40,40,40,40,40,40,40,40,40,40,40,40,40,40,40,40,40,38,38,38,38,38,38,38,38,38,48,48,48,48,48,48,48,48],"card_choices":[{"not_picked":["Battle Trance","Ghostly Armor"],"picked":"Sword Boomerang","floor":1.0},{"not_picked":["Twin Strike","Clothesline"],"picked":"Shockwave","floor":2.0},{"not_picked":["Metallicize","Heavy Blade"],"picked":"Havoc","floor":4.0},{"not_picked":["Perfected Strike","Body Slam"],"picked":"Armaments","floor":5.0},{"not_picked":["Uppercut","Sentinel"],"picked":"Immolate","floor":7.0},{"not_picked":["Body Slam","Sword Boomerang"],"picked":"Rupture","floor":10.0},{"not_picked":["Havoc","Body Slam"],"picked":"Flame Barrier","floor":12.0},{"not_picked":["Clothesline","Warcry"],"picked":"Heavy Blade","floor":14.0},{"not_picked":["Bludgeon","Immolate"],"picked":"Exhume","floor":16.0},{"not_picked":["Flex","Clash"],"picked":"True Grit","floor":18.0},{"not_picked":["Ghostly Armor","Burning Pact","Heavy Blade"],"picked":"SKIP","floor":24.0},{"not_picked":["Ghostly Armor","Burning Pact","Heavy Blade"],"picked":"SKIP","floor":24.0},{"not_picked":["Metallicize","Blood for Blood","Thunderclap"],"picked":"SKIP","floor":25.0},{"not_picked":["Thunderclap+1","Rampage+1"],"picked":"Hemokinesis","floor":27.0},{"not_picked":["Wild Strike","Brutality"],"picked":"Shrug It Off","floor":28.0},{"not_picked":["Blood for Blood+1","Anger","Flex"],"picked":"SKIP","floor":29.0},{"not_picked":["Clothesline","Wild Strike"],"picked":"Bloodletting","floor":31.0},{"not_picked":["Reaper","Double Tap"],"picked":"Juggernaut","floor":33.0},{"not_picked":["Anger","Combust+1"],"picked":"Shrug It Off+1","floor":35.0},{"not_picked":["Sadistic Nature","Secret Weapon"],"picked":"Panache","floor":36.0},{"not_picked":["Flame Barrier","Flex","Clash"],"picked":"SKIP","floor":37.0},{"not_picked":["Shrug It Off+1","Burning Pact+1"],"picked":"Dark Embrace","floor":38.0},{"not_picked":["Warcry","Entrench+1"],"picked":"Body Slam","floor":40.0},{"not_picked":["Flame Barrier","Clash+1","True Grit+1"],"picked":"SKIP","floor":41.0},{"not_picked":["Perfected Strike","Sever Soul+1"],"picked":"Pommel Strike+1","floor":44.0},{"not_picked":["Body Slam+1","Flex+1"],"picked":"Spot Weakness+1","floor":45.0},{"not_picked":["Armaments+1","Juggernaut","Flex"],"picked":"SKIP","floor":47},{"not_picked":["Cleave","Havoc","Uppercut"],"picked":"SKIP","floor":54}],"player_experience":215526,"relics_obtained":[{"floor":7.0,"key":"PreservedInsect"},{"floor":9.0,"key":"Vajra"},{"floor":25.0,"key":"Self Forming Clay"},{"floor":26.0,"key":"Matryoshka"},{"floor":28.0,"key":"Ancient Tea Set"},{"floor":30.0,"key":"Enchiridion"},{"floor":38.0,"key":"Magic Flower"},{"floor":40.0,"key":"Sundial"},{"floor":43.0,"key":"Juzu Bracelet"},{"floor":44.0,"key":"Lantern"},{"floor":47,"key":"Mummified Hand"},{"floor":54,"key":"Bird Faced Urn"}],"event_choices":[{"damage_healed":0.0,"max_hp_gain":0.0,"max_hp_loss":0.0,"gold_gain":0.0,"event_name":"Liars Game","player_choice":"Ignored","floor":3.0,"gold_loss":0.0,"damage_taken":0.0},{"damage_healed":0.0,"max_hp_gain":0.0,"max_hp_loss":0.0,"gold_gain":0.0,"event_name":"The Mausoleum","player_choice":"Opened","floor":20.0,"gold_loss":0.0,"damage_taken":0.0,"relics_obtained":["Meat on the Bone"]},{"damage_healed":0.0,"max_hp_gain":0.0,"max_hp_loss":40.0,"gold_gain":0.0,"event_name":"Ghosts","player_choice":"Became a Ghost","floor":21.0,"gold_loss":0.0,"damage_taken":0.0,"cards_obtained":["Ghostly","Ghostly","Ghostly","Ghostly","Ghostly"]},{"damage_healed":0.0,"max_hp_gain":0.0,"max_hp_loss":0.0,"gold_gain":0.0,"event_name":"Cursed Tome","player_choice":"Obtained Book","floor":30.0,"gold_loss":0.0,"damage_taken":16.0},{"damage_healed":0.0,"max_hp_gain":0.0,"max_hp_loss":0.0,"gold_gain":0.0,"event_name":"SensoryStone","player_choice":"Memory 1","floor":36.0,"gold_loss":0.0,"damage_taken":0.0},{"damage_healed":0.0,"max_hp_gain":0.0,"max_hp_loss":0.0,"gold_gain":0.0,"event_name":"Mysterious Sphere","player_choice":"Fight","floor":38.0,"gold_loss":0.0,"damage_taken":0.0},{"damage_healed":0.0,"max_hp_gain":0.0,"max_hp_loss":2.0,"gold_gain":0.0,"event_name":"Winding Halls","player_choice":"Max HP","floor":39.0,"gold_loss":0.0,"damage_taken":0.0},{"damage_healed":0.0,"max_hp_gain":0.0,"max_hp_loss":0.0,"gold_gain":0.0,"event_name":"Accursed Blacksmith","player_choice":"Forge","floor":46.0,"gold_loss":0.0,"damage_taken":0.0,"cards_upgraded":["True Grit"]}],"is_beta":false,"boss_relics":[{"not_picked":["Astrolabe","Eternal Feather"],"picked":"Fusion Hammer"},{"not_picked":["Black Star","Calling Bell"],"picked":"White Beast Statue"}],"items_purged_floors":[8,19],"is_endless":false,"potions_floor_spawned":[1,5,7,18,27,29,31,35,37,38,40,41,44,45,47,54],"killed_by":"The Heart","ascension_level":0}