{"gold_per_floor":[217,217,229,244,244,244,262,290,290,290,134,144,144,164,164,164],"floor_reached":16,"playtime":1803,"items_purged":["Strike_G"],"score":199,"play_id":"ebb60ded-55f6-4079-9aa2-362a1ae6b8e8","local_time":"20190713143125","is_ascension_mode":true,"campfire_choices":[{"data":"Neutralize","floor":6.0,"key":"SMITH"},{"floor":10.0,"key":"REST"},{"floor":15.0,"key":"REST"}],"neow_cost":"NONE","seed_source_timestamp":219175159988320,"circlet_count":0,"master_deck":["AscendersBane","Strike_G","Strike_G","Strike_G","Strike_G","Defend_G","Defend_G","Defend_G","Defend_G","Defend_G","Survivor","Neutralize+1","PiercingWail","Flying Knee","Deadly Poison","Skewer","Caltrops"],"special_seed":0,"relics":["Ring of the Snake","Bottled Flame","Ninja Scroll"],"potions_floor_usage":[16,16],"damage_taken":[{"damage":11.0,"enemies":"Jaw Worm","floor":1.0,"turns":8.0},{"damage":0.0,"enemies":"2 Louse","floor":3.0,"turns":4.0},{"damage":1.0,"enemies":"Small Slimes","floor":4.0,"turns":5.0},{"damage":2.0,"enemies":"Blue Slaver","floor":7.0,"turns":5.0},{"damage":43.0,"enemies":"3 Sentries","floor":8.0,"turns":14.0},{"damage":11.0,"enemies":"Exordium Thugs","floor":12.0,"turns":6.0},{"damage":0.0,"enemies":"2 Fungi Beasts","floor":14.0,"turns":3.0},{"damage":32,"enemies":"The Guardian","floor":16,"turns":13}],"seed_played":"2017303692798378241","potions_obtained":[{"floor":1.0,"key":"SpeedPotion"},{"floor":8.0,"key":"Ancient Potion"},{"floor":12.0,"key":"FearPotion"},{"floor":14.0,"key":"EssenceOfSteel"}],"is_trial":false,"path_per_floor":["M","?","M","M","?","R","M","E","T","R","$","M","?","M","R","B"],"character_chosen":"THE_SILENT","items_purchased":["Caltrops"],"campfire_rested":2,"item_purchase_floors":[11],"current_hp_per_floor":[48,48,48,47,47,47,45,2,2,21,21,10,10,10,29,0],"gold":164,"neow_bonus":"HUNDRED_GOLD","is_prod":false,"is_daily":false,"chose_seed":false,"campfire_upgraded":1,"win_rate":0,"timestamp":1563042685,"path_taken":["M","?","M","M","?","R","M","E","T","R","$","M","?","M","R","BOSS"],"build_version":"2019-07-05","purchased_purges":1,"victory":false,"max_hp_per_floor":[66,66,66,66,66,66,66,66,66,66,66,66,66,66,66,66],"card_choices":[{"not_picked":["Catalyst","Outmaneuver"],"picked":"PiercingWail","floor":1.0},{"not_picked":["Cloak And Dagger","Catalyst","PiercingWail"],"picked":"SKIP","floor":3.0},{"not_picked":["Blur","Caltrops"],"picked":"Flying Knee","floor":4.0},{"not_picked":["Acrobatics","Backflip"],"picked":"Deadly Poison","floor":7.0},{"not_picked":["A Thousand Cuts","Prepared"],"picked":"Skewer","floor":8.0},{"not_picked":["Dagger Spray","Heel Hook","Sucker Punch"],"picked":"SKIP","floor":12.0},{"not_picked":["Outmaneuver","Underhanded Strike","Choke"],"picked":"SKIP","floor":14.0}],"player_experience":2461042,"relics_obtained":[{"floor":8.0,"key":"Bottled Flame"},{"floor":9.0,"key":"Ninja Scroll"}],"event_choices":[{"damage_healed":0.0,"max_hp_gain":0.0,"max_hp_loss":0.0,"gold_gain":0.0,"event_name":"Liars Game","player_choice":"Ignored","floor":2.0,"gold_loss":0.0,"damage_taken":0.0},{"damage_healed":0.0,"max_hp_gain":0.0,"max_hp_loss":0.0,"gold_gain":0.0,"event_name":"Golden Wing","player_choice":"Ignored","floor":5.0,"gold_loss":0.0,"damage_taken":0.0},{"damage_healed":0.0,"max_hp_gain":0.0,"max_hp_loss":0.0,"gold_gain":0.0,"event_name":"Dead Adventurer","player_choice":"Searched \u00270\u0027 times","floor":13.0,"gold_loss":0.0,"damage_taken":0.0}],"is_beta":false,"boss_relics":[],"items_purged_floors":[11],"is_endless":false,"potions_floor_spawned":[1,8,12,14],"killed_by":"The Guardian","ascension_level":19}