{"gold_per_floor":[117,117,16,33,33,33,60,60,87,128,156,181,181,199,199,199],"floor_reached":16,"playtime":7637,"items_purged":["Defend_R"],"score":108,"play_id":"116bdd0c-87b7-4094-bdeb-c4b438f8d550","local_time":"20190716223951","is_ascension_mode":false,"campfire_choices":[{"data":"True Grit","floor":6,"key":"SMITH"},{"data":"Metallicize","floor":13,"key":"SMITH"},{"floor":15,"key":"REST"}],"neow_cost":"NONE","seed_source_timestamp":294196854533500,"circlet_count":0,"master_deck":["Strike_R","Strike_R","Strike_R","Strike_R","Defend_R","Defend_R","Defend_R","Bash","True Grit+1","Warcry","Shockwave","Metallicize+1","Headbutt","Feel No Pain","Burning Pact"],"relics":["Burning Blood","Matryoshka","Golden Idol","PreservedInsect","Smiling Mask","Torii","Odd Mushroom"],"potions_floor_usage":[7,10],"damage_taken":[{"damage":7,"enemies":"2 Louse","floor":1,"turns":3},{"damage":0,"enemies":"Small Slimes","floor":4,"turns":3},{"damage":38,"enemies":"Lagavulin","floor":7,"turns":8},{"damage":8,"enemies":"3 Sentries","floor":10,"turns":7},{"damage":25,"enemies":"The Mushroom Lair","floor":11,"turns":8},{"damage":1,"enemies":"Cultist","floor":12,"turns":4},{"damage":7,"enemies":"3 Louse","floor":14,"turns":4},{"damage":51,"enemies":"Hexaghost","floor":16,"turns":18}],"seed_played":"2013514799676867940","potions_obtained":[{"floor":4,"key":"SteroidPotion"},{"floor":7,"key":"SteroidPotion"},{"floor":11,"key":"SmokeBomb"}],"is_trial":false,"path_per_floor":["M","?","$","M","$","R","E","?","T","E","?","M","R","M","R","B"],"character_chosen":"IRONCLAD","items_purchased":["True Grit"],"campfire_rested":1,"item_purchase_floors":[3],"current_hp_per_floor":[79,72,72,78,78,78,46,46,46,44,25,30,30,29,51,0],"gold":199,"neow_bonus":"THREE_CARDS","is_prod":false,"is_daily":false,"chose_seed":false,"campfire_upgraded":2,"win_rate":0,"timestamp":1563331191,"path_taken":["M","?","$","M","$","R","E","?","T","E","?","M","R","M","R","BOSS"],"build_version":"2019-07-05","purchased_purges":1,"victory":false,"max_hp_per_floor":[80,80,80,80,80,80,80,74,74,74,74,74,74,74,74,74],"card_choices":[{"not_picked":["Headbutt","Armaments","Blood for Blood"],"picked":"SKIP","floor":1},{"not_picked":["Whirlwind","Body Slam"],"picked":"Warcry","floor":4},{"not_picked":["Carnage","Clash"],"picked":"Shockwave","floor":7},{"not_picked":["Second Wind","Twin Strike"],"picked":"Metallicize","floor":10},{"not_picked":["Armaments","Double Tap"],"picked":"Headbutt","floor":11},{"not_picked":["Flex","True Grit"],"picked":"Feel No Pain","floor":12},{"not_picked":["Iron Wave","Pommel Strike"],"picked":"Burning Pact","floor":14}],"player_experience":218333,"relics_obtained":[{"floor":7,"key":"Matryoshka"},{"floor":9,"key":"PreservedInsect"},{"floor":9,"key":"Smiling Mask"},{"floor":10,"key":"Torii"},{"floor":11,"key":"Odd Mushroom"}],"event_choices":[{"cards_removed":["Strike_R"],"damage_healed":0,"gold_gain":0,"player_choice":"Card Removal","damage_taken":7,"max_hp_gain":0,"max_hp_loss":0,"event_name":"Golden Wing","floor":2,"gold_loss":0},{"damage_healed":0,"gold_gain":0,"player_choice":"Lose Max HP","damage_taken":0,"relics_obtained":["Golden Idol"],"max_hp_gain":0,"max_hp_loss":6,"event_name":"Golden Idol","floor":8,"gold_loss":0},{"damage_healed":0,"gold_gain":0,"player_choice":"Fought Mushrooms","damage_taken":0,"max_hp_gain":0,"max_hp_loss":0,"event_name":"Mushrooms","floor":11,"gold_loss":0}],"is_beta":false,"boss_relics":[],"items_purged_floors":[3],"is_endless":false,"potions_floor_spawned":[4,7,11],"killed_by":"Hexaghost","ascension_level":0}