{"gold_per_floor":[109,34,49,65,65,65,90,90,113,113,113,147,158,220,220,325,325,339,414,414],"floor_reached":20,"playtime":1508,"items_purged":["Strike_R"],"score":180,"play_id":"0c6a4f48-ce7e-4aec-8e47-106b4dbbddff","local_time":"20190811124754","is_ascension_mode":false,"campfire_choices":[{"data":"Inflame","floor":6,"key":"SMITH"},{"floor":11,"key":"REST"},{"floor":15,"key":"REST"}],"neow_cost":"PERCENT_DAMAGE","seed_source_timestamp":819928637784478,"circlet_count":0,"master_deck":["Strike_R","Strike_R","Defend_R+1","Defend_R+1","Bash","Barricade","Heavy Blade","Flex","Inflame+1","Sentinel","Disarm","Burning Pact","Entrench","Anger","Juggernaut","Juggernaut+1","Bloodletting+1","Dual Wield+1"],"relics":["Burning Blood","Juzu Bracelet","Omamori","Dodecahedron","Charon\u0027s Ashes","Gremlin Horn","Astrolabe"],"potions_floor_usage":[14],"damage_taken":[{"damage":1,"enemies":"Jaw Worm","floor":1,"turns":5},{"damage":5,"enemies":"Small Slimes","floor":3,"turns":4},{"damage":4,"enemies":"2 Louse","floor":4,"turns":3},{"damage":16,"enemies":"Gremlin Nob","floor":7,"turns":4},{"damage":36,"enemies":"Lagavulin","floor":12,"turns":11},{"damage":7,"enemies":"Red Slaver","floor":13,"turns":4},{"damage":30,"enemies":"Lagavulin Event","floor":14,"turns":5},{"damage":29,"enemies":"Slime Boss","floor":16,"turns":10},{"damage":45,"enemies":"Chosen","floor":18,"turns":6},{"damage":33,"enemies":"3 Byrds","floor":20,"turns":3}],"seed_played":"2187233721565992525","potions_obtained":[{"floor":12,"key":"GamblersBrew"},{"floor":13,"key":"SkillPotion"},{"floor":14,"key":"Swift Potion"},{"floor":16,"key":"SpeedPotion"}],"is_trial":false,"path_per_floor":["M","$","M","M","?","R","E","?","T","T","R","E","M","?","R","B",null,"M","?","M"],"character_chosen":"IRONCLAD","items_purchased":[],"campfire_rested":2,"item_purchase_floors":[],"current_hp_per_floor":[61,61,62,64,48,48,38,38,38,38,62,32,31,7,31,8,80,41,33,0],"gold":414,"neow_bonus":"THREE_RARE_CARDS","is_prod":false,"is_daily":false,"chose_seed":false,"campfire_upgraded":1,"win_rate":0,"timestamp":1565520474,"path_taken":["M","$","M","M","?","R","E","?","T","?","R","E","M","?","R","BOSS","M","?","M"],"build_version":"2019-07-17","purchased_purges":1,"victory":false,"max_hp_per_floor":[80,80,80,80,80,80,80,80,80,80,80,80,80,80,80,80,80,80,80,80],"card_choices":[{"not_picked":["Dark Embrace","Berserk"],"picked":"Barricade","floor":0},{"not_picked":["Clothesline","Clash"],"picked":"Heavy Blade","floor":1},{"not_picked":["Warcry","Uppercut"],"picked":"Flex","floor":3},{"not_picked":["Heavy Blade","Pummel"],"picked":"Inflame","floor":4},{"not_picked":["Headbutt","Warcry"],"picked":"Sentinel","floor":7},{"not_picked":["Sentinel","Sever Soul"],"picked":"Burning Pact","floor":12},{"not_picked":["Pommel Strike","Wild Strike"],"picked":"Entrench","floor":13},{"not_picked":["Carnage","Blood for Blood"],"picked":"Anger","floor":14},{"not_picked":["Limit Break","Impervious"],"picked":"Juggernaut","floor":16},{"not_picked":["Headbutt","Thunderclap+1","Clash+1"],"picked":"SKIP","floor":18}],"player_experience":248107,"relics_obtained":[{"floor":7,"key":"Juzu Bracelet"},{"floor":9,"key":"Omamori"},{"floor":10,"key":"Dodecahedron"},{"floor":12,"key":"Charon\u0027s Ashes"},{"floor":14,"key":"Gremlin Horn"}],"event_choices":[{"damage_healed":0,"gold_gain":0,"player_choice":"Entered Light","damage_taken":16,"max_hp_gain":0,"max_hp_loss":0,"event_name":"Shining Light","floor":5,"gold_loss":0,"cards_upgraded":["Defend_R","Defend_R"]},{"damage_healed":0,"gold_gain":0,"cards_transformed":["Defend_R"],"player_choice":"Change","damage_taken":0,"max_hp_gain":0,"max_hp_loss":0,"event_name":"Living Wall","floor":8,"gold_loss":0,"cards_obtained":["Disarm"]},{"damage_healed":0,"gold_gain":0,"player_choice":"Searched \u00271\u0027 times","damage_taken":0,"max_hp_gain":0,"max_hp_loss":0,"event_name":"Dead Adventurer","floor":14,"gold_loss":0},{"damage_healed":0,"gold_gain":75,"player_choice":"Touch","damage_taken":8,"max_hp_gain":0,"max_hp_loss":0,"event_name":"FaceTrader","floor":19,"gold_loss":0}],"is_beta":false,"boss_relics":[{"not_picked":["Calling Bell","Sozu"],"picked":"Astrolabe"}],"items_purged_floors":[2],"is_endless":false,"potions_floor_spawned":[12,13,14,16],"killed_by":"3 Byrds","ascension_level":0}