{"gold_per_floor":[113,35,49,124,136,136,146,146,146,180,130,149,166,21,21,125,125,135,153,153,166,11,11,43,55,129,129,129,158,195,220,232,340,352,381,404,172,187,587,621,621,640,640,640,653,683,683,683,683,683,683,683,57,90,90],"floor_reached":55,"playtime":5962,"items_purged":["Strike_G","Strike_G","Strike_G"],"score":842,"play_id":"69e03d15-e204-4beb-81dc-f9624efd73fe","local_time":"20190717033628","is_ascension_mode":false,"campfire_choices":[{"data":"A Thousand Cuts","floor":6,"key":"SMITH"},{"data":"Neutralize","floor":8,"key":"SMITH"},{"data":"Well Laid Plans","floor":15,"key":"SMITH"},{"data":"Glass Knife","floor":23,"key":"SMITH"},{"floor":27,"key":"REST"},{"floor":32,"key":"REST"},{"floor":41,"key":"REST"},{"floor":44,"key":"REST"},{"floor":47,"key":"REST"},{"floor":49,"key":"RECALL"},{"data":"Footwork","floor":52,"key":"SMITH"}],"neow_cost":"NONE","seed_source_timestamp":313667684804000,"circlet_count":0,"master_deck":["Strike_G","Strike_G+1","Defend_G","Defend_G","Defend_G","Defend_G","Survivor","Neutralize+1","A Thousand Cuts+1","Dash","Deflect","Backstab+1","Outmaneuver","Blur","Backflip","Dagger Throw","Well Laid Plans+1","Glass Knife+1","Noxious Fumes+1","Dodge and Roll","Deflect","Well Laid Plans","Dagger Throw+1","Deflect+1","Prepared+1","Sucker Punch+1","Slice+1","Blade Dance+1","Outmaneuver","Footwork+1","Venomology","Bane+1","Sucker Punch+1","Swift Strike","Apotheosis","Bandage Up","Terror","Noxious Fumes","Noxious Fumes"],"relics":["Ring of the Serpent","Pear","Shuriken","Bag of Preparation","Whetstone","Paper Crane","MawBank","Red Mask","Black Star","PreservedInsect","Old Coin","Bottled Tornado","Snake Skull","Girya","Bottled Lightning","Strawberry","Mercury Hourglass"],"potions_floor_usage":[7,10,19,21,24,33,36,38,45,50,50,54,54,55],"damage_taken":[{"damage":0,"enemies":"2 Louse","floor":1,"turns":4},{"damage":6,"enemies":"Jaw Worm","floor":3,"turns":5},{"damage":1,"enemies":"Cultist","floor":5,"turns":6},{"damage":9,"enemies":"Exordium Thugs","floor":7,"turns":6},{"damage":36,"enemies":"Gremlin Nob","floor":10,"turns":6},{"damage":3,"enemies":"Looter","floor":12,"turns":4},{"damage":7,"enemies":"Large Slime","floor":13,"turns":6},{"damage":0,"enemies":"Hexaghost","floor":16,"turns":9},{"damage":5,"enemies":"2 Thieves","floor":18,"turns":5},{"damage":5,"enemies":"3 Byrds","floor":19,"turns":4},{"damage":23,"enemies":"Sentry and Sphere","floor":21,"turns":7},{"damage":7,"enemies":"Book of Stabbing","floor":24,"turns":7},{"damage":19,"enemies":"Snake Plant","floor":25,"turns":6},{"damage":1,"enemies":"Gremlin Leader","floor":29,"turns":7},{"damage":32,"enemies":"Masked Bandits","floor":30,"turns":7},{"damage":5,"enemies":"Shelled Parasite and Fungi","floor":31,"turns":5},{"damage":7,"enemies":"Automaton","floor":33,"turns":12},{"damage":6,"enemies":"Orb Walker","floor":35,"turns":3},{"damage":11,"enemies":"3 Darklings","floor":36,"turns":6},{"damage":11,"enemies":"4 Shapes","floor":38,"turns":6},{"damage":0,"enemies":"Mind Bloom Boss Battle","floor":39,"turns":7},{"damage":25,"enemies":"Reptomancer","floor":40,"turns":7},{"damage":18,"enemies":"Spire Growth","floor":42,"turns":6},{"damage":8,"enemies":"3 Darklings","floor":45,"turns":5},{"damage":11,"enemies":"Giant Head","floor":46,"turns":10},{"damage":39,"enemies":"Donu and Deca","floor":50,"turns":11},{"damage":44,"enemies":"Shield and Spear","floor":54,"turns":5},{"damage":58,"enemies":"The Heart","floor":55,"turns":5}],"seed_played":"1325551096682693229","potions_obtained":[{"floor":5,"key":"GamblersBrew"},{"floor":7,"key":"Dexterity Potion"},{"floor":13,"key":"FearPotion"},{"floor":18,"key":"Energy Potion"},{"floor":19,"key":"PowerPotion"},{"floor":21,"key":"Poison Potion"},{"floor":31,"key":"Swift Potion"},{"floor":36,"key":"Explosive Potion"},{"floor":40,"key":"Block Potion"},{"floor":46,"key":"SteroidPotion"}],"is_trial":false,"path_per_floor":["M","$","M","?","M","R","M","R","T","E","?","M","M","$","R","B",null,"M","M","?","M","$","R","E","M","T","R","?","E","?","M","R","B",null,"M","M","$","M","?","E","R","M","T","R","M","E","R","?","R","B",null,"R","$","E","B"],"character_chosen":"THE_SILENT","items_purchased":["Dash","Well Laid Plans","Bag of Preparation","PreservedInsect","Apotheosis","Bandage Up","Terror","Energy Potion","Regen Potion","Noxious Fumes"],"campfire_rested":5,"item_purchase_floors":[2,14,22,37,53,53,53,53,53,53],"current_hp_per_floor":[70,70,64,53,52,52,43,43,53,17,17,14,7,7,7,7,80,75,70,55,32,32,32,25,6,6,31,59,58,26,21,46,39,85,79,68,68,57,57,32,57,39,39,64,56,45,70,70,70,31,85,85,85,53,0],"gold":90,"neow_bonus":"ONE_RANDOM_RARE_CARD","is_prod":false,"is_daily":false,"chose_seed":false,"campfire_upgraded":5,"win_rate":0,"timestamp":1563348988,"path_taken":["M","$","M","?","M","R","M","R","T","E","?","?","?","$","R","BOSS","M","M","?","M","$","R","E","M","T","R","?","E","?","M","R","BOSS","M","M","$","M","?","E","R","M","T","R","M","E","R","?","R","BOSS","R","$","E","BOSS"],"build_version":"2019-07-05","purchased_purges":3,"victory":false,"max_hp_per_floor":[70,70,70,70,70,70,70,70,80,80,80,80,80,80,80,80,80,80,80,85,85,85,85,85,85,85,85,85,85,85,85,85,85,85,85,85,85,85,85,85,85,85,85,85,85,85,85,85,85,85,85,85,85,92,92],"card_choices":[{"not_picked":["Deadly Poison","Poisoned Stab","Underhanded Strike"],"picked":"SKIP","floor":1},{"not_picked":["Acrobatics","Concentrate"],"picked":"Deflect","floor":3},{"not_picked":["Poisoned Stab","Prepared"],"picked":"Backstab","floor":5},{"not_picked":["Cloak And Dagger","Blade Dance"],"picked":"Outmaneuver","floor":7},{"not_picked":["Predator","A Thousand Cuts"],"picked":"Blur","floor":10},{"not_picked":["Cloak And Dagger","Sucker Punch"],"picked":"Backflip","floor":12},{"not_picked":["Bane","Sucker Punch"],"picked":"Dagger Throw","floor":13},{"not_picked":["After Image","Burst"],"picked":"Glass Knife","floor":16},{"not_picked":["Prepared+1","Dodge and Roll+1"],"picked":"Noxious Fumes+1","floor":18},{"not_picked":["Bane","Deadly Poison"],"picked":"Dodge and Roll","floor":19},{"not_picked":["Choke+1","Blade Dance"],"picked":"Deflect","floor":21},{"not_picked":["Flying Knee","Reflex+1","Unload"],"picked":"SKIP","floor":24},{"not_picked":["Acrobatics","Dodge and Roll"],"picked":"Well Laid Plans","floor":25},{"not_picked":["Flying Knee","Underhanded Strike+1"],"picked":"Dagger Throw+1","floor":29},{"not_picked":["Cloak And Dagger","Bane+1"],"picked":"Deflect+1","floor":30},{"not_picked":["Flying Knee","Dagger Spray+1"],"picked":"Prepared+1","floor":31},{"not_picked":["Backflip","Blade Dance+1"],"picked":"Sucker Punch+1","floor":35},{"not_picked":["Bane","PiercingWail+1"],"picked":"Slice+1","floor":36},{"not_picked":["Blur","Accuracy+1"],"picked":"Blade Dance+1","floor":38},{"not_picked":["Prepared+1","Cloak And Dagger"],"picked":"Outmaneuver","floor":39},{"not_picked":["Choke","Blur"],"picked":"Footwork","floor":40},{"not_picked":["Backstab","Expertise"],"picked":"Venomology","floor":42},{"not_picked":["Masterful Stab","Prepared"],"picked":"Bane+1","floor":45},{"not_picked":["Dodge and Roll","Skewer"],"picked":"Sucker Punch+1","floor":46},{"not_picked":["The Bomb","Impatience"],"picked":"Swift Strike","floor":48},{"not_picked":["Masterful Stab","Dodge and Roll"],"picked":"Noxious Fumes","floor":54}],"player_experience":237418,"relics_obtained":[{"floor":9,"key":"Pear"},{"floor":10,"key":"Shuriken"},{"floor":24,"key":"Whetstone"},{"floor":26,"key":"Paper Crane"},{"floor":29,"key":"MawBank"},{"floor":30,"key":"Red Mask"},{"floor":39,"key":"Old Coin"},{"floor":40,"key":"Bottled Tornado"},{"floor":40,"key":"Snake Skull"},{"floor":46,"key":"Girya"},{"floor":46,"key":"Bottled Lightning"},{"floor":54,"key":"Strawberry"},{"floor":54,"key":"Mercury Hourglass"}],"event_choices":[{"damage_healed":0,"gold_gain":75,"player_choice":"Gather Gold","damage_taken":11,"max_hp_gain":0,"max_hp_loss":0,"event_name":"World of Goop","floor":4,"gold_loss":0},{"cards_removed":["Defend_G"],"damage_healed":0,"gold_gain":0,"player_choice":"Card Removal","damage_taken":0,"max_hp_gain":0,"max_hp_loss":0,"event_name":"The Cleric","floor":11,"gold_loss":50},{"damage_healed":0,"gold_gain":0,"player_choice":"Shed Blood","damage_taken":20,"max_hp_gain":5,"max_hp_loss":0,"event_name":"Forgotten Altar","floor":20,"gold_loss":0},{"damage_healed":28,"gold_gain":0,"player_choice":"Heal","damage_taken":0,"max_hp_gain":0,"max_hp_loss":0,"event_name":"The Library","floor":28,"gold_loss":0},{"damage_healed":0,"gold_gain":0,"player_choice":"Fought Bandits","damage_taken":0,"max_hp_gain":0,"max_hp_loss":0,"event_name":"Masked Bandits","floor":30,"gold_loss":0},{"damage_healed":0,"gold_gain":0,"player_choice":"Fight","damage_taken":0,"max_hp_gain":0,"max_hp_loss":0,"event_name":"MindBloom","floor":39,"gold_loss":0},{"damage_healed":0,"gold_gain":0,"player_choice":"Memory 1","damage_taken":0,"max_hp_gain":0,"max_hp_loss":0,"event_name":"SensoryStone","floor":48,"gold_loss":0}],"is_beta":false,"boss_relics":[{"not_picked":["White Beast Statue","Snecko Eye"],"picked":"Ring of the Serpent"},{"not_picked":["Runic Dome","Orrery"],"picked":"Black Star"}],"items_purged_floors":[14,37,53],"is_endless":false,"potions_floor_spawned":[5,7,13,18,19,21,31,36,40,46],"killed_by":"The Heart","ascension_level":0}