{"gold_per_floor":[116,116,38,55,67,67,101,18,18,18],"floor_reached":10,"playtime":606,"items_purged":[],"score":129,"play_id":"a3864ce5-8a08-42b3-85ab-e057be44cf21","local_time":"20190713123123","is_ascension_mode":true,"campfire_choices":[{"data":"Neutralize","floor":6,"key":"SMITH"}],"neow_cost":"NONE","seed_source_timestamp":213203879664711,"circlet_count":0,"master_deck":["AscendersBane","Strike_G","Strike_G","Strike_G","Strike_G","Defend_G","Defend_G","Defend_G","Defend_G","Defend_G","Survivor","Neutralize+1","Flying Knee","Dagger Throw","Finisher","Calculated Gamble","Well Laid Plans"],"relics":["Ring of the Snake","Bronze Scales","Blue Candle","Art of War","Potion Belt"],"potions_floor_usage":[10],"damage_taken":[{"damage":0,"enemies":"2 Louse","floor":1,"turns":4},{"damage":0,"enemies":"Small Slimes","floor":4,"turns":4},{"damage":0,"enemies":"Cultist","floor":5,"turns":3},{"damage":26,"enemies":"Gremlin Nob","floor":7,"turns":4},{"damage":31,"enemies":"Lagavulin","floor":10,"turns":5}],"seed_played":"3671873184197449676","potions_obtained":[{"floor":5,"key":"PowerPotion"}],"is_trial":false,"path_per_floor":["M","?","?","M","M","R","E","$","T","E"],"character_chosen":"THE_SILENT","items_purchased":["Well Laid Plans"],"campfire_rested":0,"item_purchase_floors":[8],"current_hp_per_floor":[59,52,52,52,52,52,26,26,26,0],"gold":18,"neow_bonus":"RANDOM_COMMON_RELIC","is_prod":false,"is_daily":false,"chose_seed":false,"campfire_upgraded":1,"win_rate":0,"timestamp":1563035483,"path_taken":["M","?","?","M","M","R","E","$","T","E"],"build_version":"2019-07-05","purchased_purges":0,"victory":false,"max_hp_per_floor":[66,66,66,66,66,66,66,66,66,66],"card_choices":[{"not_picked":["All Out Attack","Heel Hook"],"picked":"Flying Knee","floor":1},{"not_picked":["Flying Knee","Deflect"],"picked":"Dagger Throw","floor":4},{"not_picked":["Terror","Bane"],"picked":"Finisher","floor":5},{"not_picked":["Outmaneuver","Catalyst"],"picked":"Calculated Gamble","floor":7}],"player_experience":2455365,"relics_obtained":[{"floor":7,"key":"Art of War"},{"floor":9,"key":"Potion Belt"}],"event_choices":[{"cards_removed":["Strike_G"],"damage_healed":0,"gold_gain":0,"player_choice":"Card Removal","damage_taken":7,"max_hp_gain":0,"max_hp_loss":0,"event_name":"Golden Wing","floor":2,"gold_loss":0},{"damage_healed":0,"gold_gain":0,"player_choice":"Paid Gold","damage_taken":0,"relics_obtained":["Blue Candle"],"max_hp_gain":0,"max_hp_loss":0,"event_name":"WeMeetAgain","floor":3,"gold_loss":78}],"is_beta":false,"boss_relics":[],"items_purged_floors":[],"is_endless":false,"potions_floor_spawned":[5],"killed_by":"Lagavulin","ascension_level":19}