{"gold_per_floor":[111,126,145,95,143,143,178,193,193,193,204,222,254,265,265,368,368,386,376,389,389,389,389,22,22,22,35,50,80,0,0,0,98,98,109,41,41,58,58,58,58,58,58,58,68,68,68,79,79,79],"floor_reached":50,"playtime":2547,"items_purged":["Strike_R"],"score":547,"play_id":"9b6b3cb6-2ebb-4227-8c46-e676e75a151c","local_time":"20190811220240","is_ascension_mode":false,"campfire_choices":[{"data":"Bash","floor":6,"key":"SMITH"},{"data":"True Grit","floor":10,"key":"SMITH"},{"floor":15,"key":"REST"},{"floor":23,"key":"REST"},{"data":"1","floor":25,"key":"LIFT"},{"floor":32,"key":"REST"},{"data":"2","floor":40,"key":"LIFT"},{"data":"3","floor":42,"key":"LIFT"},{"data":"Demon Form","floor":47,"key":"SMITH"},{"floor":49,"key":"REST"}],"neow_cost":"NONE","seed_source_timestamp":13627915313832,"circlet_count":0,"master_deck":["Strike_R","Strike_R","Strike_R","Defend_R","Defend_R","Defend_R","Defend_R","Bash+1","Twin Strike","Pommel Strike","Whirlwind","True Grit+1","Shockwave","Battle Trance","Shrug It Off","Spot Weakness","Demon Form+1","Twin Strike","Pommel Strike","Corruption","Writhe","Armaments+1","Pummel","Dual Wield","Pummel","Dark Embrace","Iron Wave+1","Pummel","Twin Strike","Injury","Writhe","Twin Strike","Impatience","Mind Blast","Parasite"],"relics":["Black Blood","Red Skull","StoneCalendar","Sundial","Unceasing Top","Cursed Key","Girya","Ice Cream","Paper Frog"],"potions_floor_usage":[7,7,8,12,28,33,33,45,48,50],"damage_taken":[{"damage":11,"enemies":"Jaw Worm","floor":1,"turns":4},{"damage":1,"enemies":"Cultist","floor":2,"turns":3},{"damage":0,"enemies":"2 Louse","floor":3,"turns":3},{"damage":26,"enemies":"Lagavulin","floor":7,"turns":7},{"damage":6,"enemies":"2 Fungi Beasts","floor":8,"turns":2},{"damage":0,"enemies":"Exordium Wildlife","floor":11,"turns":2},{"damage":9,"enemies":"Exordium Thugs","floor":12,"turns":5},{"damage":31,"enemies":"3 Sentries","floor":13,"turns":6},{"damage":7,"enemies":"Blue Slaver","floor":14,"turns":3},{"damage":32,"enemies":"Slime Boss","floor":16,"turns":7},{"damage":14,"enemies":"Shell Parasite","floor":18,"turns":5},{"damage":5,"enemies":"2 Thieves","floor":19,"turns":4},{"damage":27,"enemies":"3 Cultists","floor":20,"turns":7},{"damage":12,"enemies":"Snake Plant","floor":27,"turns":4},{"damage":17,"enemies":"Sentry and Sphere","floor":28,"turns":5},{"damage":28,"enemies":"Slavers","floor":29,"turns":4},{"damage":46,"enemies":"Collector","floor":33,"turns":7},{"damage":27,"enemies":"3 Darklings","floor":35,"turns":7},{"damage":14,"enemies":"3 Shapes","floor":38,"turns":4},{"damage":26,"enemies":"Spire Growth","floor":45,"turns":4},{"damage":23,"enemies":"Writhing Mass","floor":48,"turns":4},{"damage":94,"enemies":"Donu and Deca","floor":50,"turns":4}],"seed_played":"-6500051398072899329","potions_obtained":[{"floor":1,"key":"SpeedPotion"},{"floor":2,"key":"EntropicBrew"},{"floor":11,"key":"SteroidPotion"},{"floor":12,"key":"PowerPotion"},{"floor":27,"key":"Strength Potion"},{"floor":37,"key":"SteroidPotion"},{"floor":37,"key":"Weak Potion"},{"floor":37,"key":"GamblersBrew"},{"floor":48,"key":"FearPotion"}],"is_trial":false,"path_per_floor":["M","M","M","?","T","R","E","M","T","R","M","M","E","M","R","B",null,"M","M","M","?","?","R","$","R","T","M","M","E","?","?","R","B",null,"M","$","?","M","$","R","$","R","T","?","M","?","R","M","R","B"],"character_chosen":"IRONCLAD","items_purchased":["Girya","Pummel"],"campfire_rested":4,"item_purchase_floors":[24,36],"current_hp_per_floor":[83,88,88,88,88,88,68,68,68,68,74,71,46,45,71,45,88,80,81,60,43,43,70,70,70,70,64,53,31,31,31,58,18,93,76,76,76,72,72,72,72,72,72,93,77,72,72,59,86,0],"gold":79,"neow_bonus":"TEN_PERCENT_HP_BONUS","is_prod":false,"is_daily":false,"chose_seed":false,"campfire_upgraded":3,"win_rate":0.0,"timestamp":1565575360,"path_taken":["M","M","M","?","?","R","E","M","T","R","?","M","E","M","R","BOSS","M","M","M","?","?","R","?","R","T","M","?","E","?","?","R","BOSS","M","?","?","?","$","R","?","R","T","?","M","?","R","M","R","BOSS"],"build_version":"2019-07-17","purchased_purges":1,"victory":false,"max_hp_per_floor":[88,88,88,88,88,88,88,88,88,88,88,88,88,88,88,88,88,88,88,88,93,93,93,93,93,93,93,93,93,93,93,93,93,93,93,93,93,93,93,93,93,93,93,93,93,93,93,93,93,93],"card_choices":[{"not_picked":["Dropkick","Dual Wield"],"picked":"Twin Strike","floor":1},{"not_picked":["Twin Strike","Dropkick"],"picked":"Pommel Strike","floor":2},{"not_picked":["Twin Strike","Pommel Strike"],"picked":"Whirlwind","floor":3},{"not_picked":["Perfected Strike","Sever Soul"],"picked":"True Grit","floor":7},{"not_picked":["Ghostly Armor","Rampage"],"picked":"Shockwave","floor":8},{"not_picked":["Pommel Strike","Anger"],"picked":"Battle Trance","floor":11},{"not_picked":["Anger","Carnage"],"picked":"Shrug It Off","floor":12},{"not_picked":["Flex","Disarm"],"picked":"Spot Weakness","floor":13},{"not_picked":["Rupture","Iron Wave","Headbutt"],"picked":"SKIP","floor":14},{"not_picked":["Double Tap","Limit Break"],"picked":"Demon Form","floor":16},{"not_picked":["Clash+1","Rampage"],"picked":"Twin Strike","floor":18},{"not_picked":["Iron Wave","Flex"],"picked":"Pommel Strike","floor":19},{"not_picked":["Rupture","Hemokinesis"],"picked":"Corruption","floor":20},{"not_picked":["Clash","Perfected Strike"],"picked":"Armaments+1","floor":27},{"not_picked":["Twin Strike","Limit Break"],"picked":"Pummel","floor":28},{"not_picked":["Warcry+1","Reckless Charge"],"picked":"Dual Wield","floor":29},{"not_picked":["Demon Form","Brutality"],"picked":"Dark Embrace","floor":33},{"not_picked":["Clothesline","Warcry"],"picked":"Iron Wave+1","floor":35},{"not_picked":["Second Wind","True Grit"],"picked":"Twin Strike","floor":38},{"not_picked":["Anger","Hemokinesis"],"picked":"Twin Strike","floor":45},{"not_picked":["Madness","Flash of Steel"],"picked":"Impatience","floor":46},{"not_picked":["PanicButton","Jack Of All Trades"],"picked":"Mind Blast","floor":46},{"not_picked":["Rupture+1","Thunderclap","Searing Blow+1"],"picked":"SKIP","floor":48}],"player_experience":5656,"relics_obtained":[{"floor":5,"key":"Red Skull"},{"floor":7,"key":"StoneCalendar"},{"floor":9,"key":"Sundial"},{"floor":13,"key":"Unceasing Top"},{"floor":29,"key":"Ice Cream"},{"floor":43,"key":"Paper Frog"}],"event_choices":[{"cards_removed":["Strike_R"],"damage_healed":0,"gold_gain":0,"player_choice":"Card Removal","damage_taken":0,"max_hp_gain":0,"max_hp_loss":0,"event_name":"The Cleric","floor":4,"gold_loss":50},{"damage_healed":0,"gold_gain":0,"player_choice":"Shed Blood","damage_taken":22,"max_hp_gain":5,"max_hp_loss":0,"event_name":"Forgotten Altar","floor":21,"gold_loss":0},{"damage_healed":0,"gold_gain":0,"player_choice":"Ignored","damage_taken":0,"max_hp_gain":0,"max_hp_loss":0,"event_name":"Vampires","floor":22,"gold_loss":0},{"damage_healed":0,"gold_gain":0,"player_choice":"Paid Fearfully","damage_taken":0,"max_hp_gain":0,"max_hp_loss":0,"event_name":"Masked Bandits","floor":30,"gold_loss":80},{"damage_healed":0,"gold_gain":0,"player_choice":"Copied","damage_taken":0,"max_hp_gain":0,"max_hp_loss":0,"event_name":"Duplicator","floor":31,"gold_loss":0,"cards_obtained":["Pummel"]},{"damage_healed":0,"gold_gain":0,"player_choice":"Got Potions","damage_taken":0,"max_hp_gain":0,"max_hp_loss":0,"event_name":"Lab","floor":37,"gold_loss":0},{"damage_healed":23,"gold_gain":0,"player_choice":"Writhe","damage_taken":0,"max_hp_gain":0,"max_hp_loss":0,"event_name":"Winding Halls","floor":44,"gold_loss":0,"cards_obtained":["Writhe"]},{"damage_healed":0,"gold_gain":0,"player_choice":"Memory 2","damage_taken":5,"max_hp_gain":0,"max_hp_loss":0,"event_name":"SensoryStone","floor":46,"gold_loss":0}],"is_beta":false,"boss_relics":[{"not_picked":["Velvet Choker","Tiny House"],"picked":"Cursed Key"},{"not_picked":["Astrolabe","Fusion Hammer"],"picked":"Black Blood"}],"items_purged_floors":[24],"is_endless":false,"potions_floor_spawned":[1,2,11,12,14,18,27,38,48],"killed_by":"Donu and Deca","ascension_level":0}