{"gold_per_floor":[114,1,1,1,17,17,42,60,60,60,86,104,104,160,160,264,264,280,205,221,251,262,262,172,26,26,26,58,73,108,122,122,218,218,232,87,87,87,87,87,87,87,134,134,134,134,356,374,374,374],"floor_reached":51,"playtime":6461,"items_purged":["Defend_G","Strike_G"],"score":652,"play_id":"7a45bb0d-636a-4189-b9bb-b2eae74a83c1","local_time":"20190715172000","is_ascension_mode":false,"campfire_choices":[{"data":"Neutralize","floor":6,"key":"SMITH"},{"data":"Backflip","floor":10,"key":"SMITH"},{"data":"Dodge and Roll","floor":13,"key":"SMITH"},{"data":"Glass Knife","floor":15,"key":"SMITH"},{"data":"Noxious Fumes","floor":23,"key":"SMITH"},{"data":"Survivor","floor":27,"key":"SMITH"},{"floor":32,"key":"REST"},{"data":"Madness","floor":40,"key":"SMITH"},{"data":"Madness","floor":41,"key":"SMITH"},{"data":"Outmaneuver","floor":42,"key":"SMITH"},{"data":"Prepared","floor":44,"key":"SMITH"},{"data":"Discovery","floor":46,"key":"SMITH"},{"floor":49,"key":"REST"}],"neow_cost":"NONE","seed_source_timestamp":189737288576400,"circlet_count":0,"master_deck":["Strike_G","Defend_G","Defend_G","Survivor+1","Neutralize+1","Slice","Quick Slash","Noxious Fumes+1","Choke+1","Backflip+1","Dodge and Roll+1","Prepared","Glass Knife+1","Die Die Die","Slice+1","Terror+1","Well Laid Plans+1","Outmaneuver+1","Caltrops+1","Leg Sweep+1","Prepared+1","Flying Knee+1","Tools of the Trade+1","Eviscerate+1","Madness+1","Madness+1","Discovery+1","Escape Plan+1"],"relics":["Ring of the Snake","Odd Mushroom","Question Card","Kunai","Pantograph","Empty Cage","Red Mask","Frozen Egg 2","Pen Nib","WingedGreaves","White Beast Statue","Snake Skull","FossilizedHelix","Juzu Bracelet"],"potions_floor_usage":[11,14,20,21,22,29,33,50,50],"damage_taken":[{"damage":3,"enemies":"Jaw Worm","floor":1,"turns":4},{"damage":0,"enemies":"Cultist","floor":5,"turns":3},{"damage":19,"enemies":"The Mushroom Lair","floor":7,"turns":6},{"damage":0,"enemies":"2 Louse","floor":8,"turns":2},{"damage":8,"enemies":"3 Sentries","floor":11,"turns":7},{"damage":2,"enemies":"2 Fungi Beasts","floor":12,"turns":4},{"damage":10,"enemies":"Gremlin Nob","floor":14,"turns":5},{"damage":32,"enemies":"Slime Boss","floor":16,"turns":13},{"damage":1,"enemies":"Chosen","floor":18,"turns":5},{"damage":3,"enemies":"Spheric Guardian","floor":20,"turns":6},{"damage":9,"enemies":"Masked Bandits","floor":21,"turns":4},{"damage":9,"enemies":"Centurion and Healer","floor":22,"turns":4},{"damage":25,"enemies":"Gremlin Leader","floor":28,"turns":5},{"damage":10,"enemies":"Snake Plant","floor":29,"turns":3},{"damage":0,"enemies":"Book of Stabbing","floor":30,"turns":5},{"damage":0,"enemies":"Shelled Parasite and Fungi","floor":31,"turns":4},{"damage":38,"enemies":"Automaton","floor":33,"turns":15},{"damage":1,"enemies":"Orb Walker","floor":35,"turns":4},{"damage":3,"enemies":"3 Shapes","floor":48,"turns":6},{"damage":55,"enemies":"Awakened One","floor":50,"turns":15}],"seed_played":"-8004505242040789266","potions_obtained":[{"floor":7,"key":"PowerPotion"},{"floor":8,"key":"Explosive Potion"},{"floor":16,"key":"Block Potion"},{"floor":18,"key":"PowerPotion"},{"floor":20,"key":"Explosive Potion"},{"floor":28,"key":"Dexterity Potion"},{"floor":31,"key":"SteroidPotion"},{"floor":33,"key":"SpeedPotion"},{"floor":35,"key":"SneckoOil"},{"floor":48,"key":"LiquidBronze"}],"is_trial":false,"path_per_floor":["M","$","?","$","M","R","?","M","T","R","E","M","R","?","R","B",null,"M","?","M","?","M","R","?","$","T","R","E","M","E","M","R","B",null,"M","$","T","?","$","R","R","R","T","R","?","R","?","M","R","B",null],"character_chosen":"THE_SILENT","items_purchased":["Noxious Fumes","Outmaneuver","Snake Skull"],"campfire_rested":2,"item_purchase_floors":[2,25,36],"current_hp_per_floor":[67,67,67,67,67,67,48,48,48,48,40,38,38,28,28,21,70,69,69,66,57,48,48,48,48,48,48,23,13,13,13,34,21,70,69,69,69,60,60,60,60,60,60,60,60,60,60,57,70,15],"gold":374,"neow_bonus":"THREE_CARDS","is_prod":false,"is_daily":false,"chose_seed":false,"campfire_upgraded":11,"win_rate":0,"timestamp":1563225600,"path_taken":["M","$","?","?","M","R","?","M","T","R","E","M","R","?","R","BOSS","M","?","M","?","M","R","?","$","T","R","E","M","E","M","R","BOSS","M","$","?","?","$","R","R","R","T","R","?","R","?","M","R","BOSS"],"build_version":"2019-07-05","purchased_purges":2,"victory":true,"max_hp_per_floor":[70,70,70,70,70,70,70,70,70,70,70,70,70,70,70,70,70,70,70,70,70,70,70,70,70,70,70,70,70,70,70,70,70,70,70,70,70,70,70,70,70,70,70,70,70,70,70,70,70,70],"card_choices":[{"not_picked":["Heel Hook","Bane"],"picked":"Slice","floor":0},{"not_picked":["Setup","Blade Dance"],"picked":"Quick Slash","floor":1},{"not_picked":["Endless Agony","Blade Dance","Predator"],"picked":"SKIP","floor":5},{"not_picked":["Choke","Dash"],"picked":"Backflip","floor":7},{"not_picked":["Masterful Stab","PiercingWail","Finisher"],"picked":"SKIP","floor":8},{"not_picked":["Backflip","All Out Attack","Quick Slash"],"picked":"Dodge and Roll","floor":11},{"not_picked":["Expertise","Sucker Punch","Flying Knee"],"picked":"Prepared","floor":12},{"not_picked":["Deadly Poison","Skewer","Riddle With Holes"],"picked":"Glass Knife","floor":14},{"not_picked":["Unload","Grand Finale","Phantasmal Killer"],"picked":"Die Die Die","floor":16},{"not_picked":["Predator","Bouncing Flask","Dagger Spray","Sucker Punch"],"picked":"SKIP","floor":18},{"not_picked":["Eviscerate","Infinite Blades+1","Dagger Spray"],"picked":"Slice+1","floor":20},{"not_picked":["Deadly Poison+1","Dagger Throw","Dagger Spray"],"picked":"Terror+1","floor":21},{"not_picked":["Deflect","Deadly Poison","Caltrops"],"picked":"Well Laid Plans+1","floor":22},{"not_picked":["Accuracy+1","Tactician","Backflip"],"picked":"Caltrops+1","floor":28},{"not_picked":["Deflect","Underhanded Strike","Corpse Explosion"],"picked":"Leg Sweep+1","floor":29},{"not_picked":["Poisoned Stab","PiercingWail","Choke+1"],"picked":"Prepared","floor":30},{"not_picked":["Calculated Gamble","Poisoned Stab+1","Prepared"],"picked":"Flying Knee+1","floor":31},{"not_picked":["Night Terror","Malaise","Glass Knife"],"picked":"Tools of the Trade+1","floor":33},{"not_picked":["Flying Knee","Caltrops+1","Accuracy+1"],"picked":"Eviscerate+1","floor":35},{"not_picked":["Good Instincts","The Bomb","Madness"],"picked":"Discovery","floor":45},{"not_picked":["Setup","Slice+1","Cloak And Dagger"],"picked":"Escape Plan+1","floor":48}],"player_experience":177520,"relics_obtained":[{"floor":7,"key":"Odd Mushroom"},{"floor":9,"key":"Question Card"},{"floor":11,"key":"Kunai"},{"floor":21,"key":"Red Mask"},{"floor":26,"key":"Frozen Egg 2"},{"floor":28,"key":"Pen Nib"},{"floor":30,"key":"WingedGreaves"},{"floor":37,"key":"FossilizedHelix"},{"floor":43,"key":"Juzu Bracelet"}],"event_choices":[{"damage_healed":0,"gold_gain":0,"cards_transformed":["Strike_G"],"player_choice":"Transformed","damage_taken":0,"max_hp_gain":0,"max_hp_loss":0,"event_name":"Transmorgrifier","floor":3,"gold_loss":0,"cards_obtained":["Choke"]},{"damage_healed":0,"gold_gain":0,"player_choice":"Fought Mushrooms","damage_taken":0,"max_hp_gain":0,"max_hp_loss":0,"event_name":"Mushrooms","floor":7,"gold_loss":0},{"damage_healed":0,"gold_gain":0,"player_choice":"Searched \u00273\u0027 times","damage_taken":0,"relics_obtained":["Pantograph"],"max_hp_gain":0,"max_hp_loss":0,"event_name":"Dead Adventurer","floor":14,"gold_loss":0},{"cards_removed":["Strike_G"],"damage_healed":0,"gold_gain":0,"player_choice":"Gave Gold","damage_taken":0,"max_hp_gain":0,"max_hp_loss":0,"event_name":"Beggar","floor":19,"gold_loss":75},{"damage_healed":0,"gold_gain":0,"player_choice":"Fought Bandits","damage_taken":0,"max_hp_gain":0,"max_hp_loss":0,"event_name":"Masked Bandits","floor":21,"gold_loss":0},{"cards_removed":["Strike_G"],"damage_healed":0,"gold_gain":0,"player_choice":"Upgrade and Remove","damage_taken":0,"max_hp_gain":0,"max_hp_loss":0,"event_name":"Designer","floor":24,"gold_loss":90,"cards_upgraded":["Choke"]},{"damage_healed":0,"gold_gain":0,"player_choice":"Embrace Madness","damage_taken":9,"max_hp_gain":0,"max_hp_loss":0,"event_name":"Winding Halls","floor":38,"gold_loss":0,"cards_obtained":["Madness","Madness"]},{"damage_healed":0,"gold_gain":0,"player_choice":"Memory 1","damage_taken":0,"max_hp_gain":0,"max_hp_loss":0,"event_name":"SensoryStone","floor":45,"gold_loss":0},{"damage_healed":0,"gold_gain":222,"player_choice":"Wore Mask","damage_taken":0,"max_hp_gain":0,"max_hp_loss":0,"event_name":"Tomb of Lord Red Mask","floor":47,"gold_loss":0}],"is_beta":false,"boss_relics":[{"not_picked":["Runic Dome","Fusion Hammer"],"picked":"Empty Cage"},{"not_picked":["Snecko Eye","Orrery"],"picked":"White Beast Statue"}],"items_purged_floors":[2,25],"is_endless":false,"potions_floor_spawned":[7,8,16,18,20,28,31,33,35,48],"ascension_level":0}