{"gold_per_floor":[17,17,27,27,27,27,60,60,107,122,122,139,164,180,180,276,276,291,60,43,55,55,67,67,81,104,137,157,174,174,78,78,182,182,192,206,223,30,48,48,48,60,60,77,77,6,35,53,53,53,53,53,14,45,45],"floor_reached":55,"playtime":5843,"items_purged":["Strike_B"],"score":821,"play_id":"cdf3a67a-9ad7-41dd-8c96-0cd9b4d6dbef","local_time":"20190809215031","is_ascension_mode":true,"campfire_choices":[{"floor":6.0,"key":"REST"},{"data":"Steam","floor":8.0,"key":"SMITH"},{"data":"Genetic Algorithm","floor":15.0,"key":"SMITH"},{"floor":24.0,"key":"REST"},{"floor":30.0,"key":"REST"},{"data":"Blizzard","floor":32.0,"key":"SMITH"},{"data":"Consume","floor":40.0,"key":"SMITH"},{"floor":45.0,"key":"RECALL"},{"floor":49.0,"key":"REST"},{"data":"Capacitor","floor":52,"key":"SMITH"}],"neow_cost":"NO_GOLD","seed_source_timestamp":0,"circlet_count":0,"master_deck":["Zap+1","Dualcast","Chill","Steam+1","White Noise","Blizzard+1","Chill","Blizzard","Genetic Algorithm+1","Blizzard+1","Capacitor+1","Cold Snap","White Noise","Leap+1","Cold Snap","Buffer","BootSequence","Coolheaded","Conserve Battery","Consume","Capacitor","Chill+1","Force Field","Bandage Up","Machine Learning","Stack","Chaos","Gash","Machine Learning","Capacitor","Self Repair","Force Field+1","Barrage+1","Stack+1","Defragment+1","Consume+1","Self Repair+1","Defragment","White Noise","Tempest+1","Defragment","Compile Driver+1"],"special_seed":0,"relics":["FrozenCore","Dead Branch","Prayer Wheel","StoneCalendar","Ancient Tea Set","Boot","Whetstone","Regal Pillow","Dream Catcher","Pandora\u0027s Box","DollysMirror","Bag of Marbles","Torii"],"potions_floor_usage":[55,55],"damage_taken":[{"damage":3.0,"enemies":"Jaw Worm","floor":1.0,"turns":4.0},{"damage":0.0,"enemies":"2 Louse","floor":3.0,"turns":2.0},{"damage":4.0,"enemies":"Lagavulin","floor":7.0,"turns":8.0},{"damage":2.0,"enemies":"Small Slimes","floor":10.0,"turns":3.0},{"damage":7.0,"enemies":"Gremlin Gang","floor":12.0,"turns":4.0},{"damage":0.0,"enemies":"3 Sentries","floor":13.0,"turns":4.0},{"damage":3.0,"enemies":"Exordium Thugs","floor":14.0,"turns":4.0},{"damage":14.0,"enemies":"The Guardian","floor":16.0,"turns":14.0},{"damage":8.0,"enemies":"Spheric Guardian","floor":18.0,"turns":7.0},{"damage":1.0,"enemies":"2 Thieves","floor":20.0,"turns":4.0},{"damage":18.0,"enemies":"Cultist and Chosen","floor":21.0,"turns":6.0},{"damage":16.0,"enemies":"Snake Plant","floor":23.0,"turns":5.0},{"damage":14.0,"enemies":"3 Cultists","floor":25.0,"turns":7.0},{"damage":16.0,"enemies":"Gremlin Leader","floor":27.0,"turns":7.0},{"damage":0.0,"enemies":"Sentry and Sphere","floor":28.0,"turns":6.0},{"damage":0.0,"enemies":"Snecko","floor":29.0,"turns":7.0},{"damage":0.0,"enemies":"Automaton","floor":33.0,"turns":13.0},{"damage":4.0,"enemies":"3 Shapes","floor":35.0,"turns":7.0},{"damage":0.0,"enemies":"3 Darklings","floor":36.0,"turns":5.0},{"damage":0.0,"enemies":"Maw","floor":37.0,"turns":7.0},{"damage":21.0,"enemies":"Spire Growth","floor":39.0,"turns":7.0},{"damage":8.0,"enemies":"4 Shapes","floor":42.0,"turns":7.0},{"damage":27.0,"enemies":"Maw","floor":44.0,"turns":9.0},{"damage":6.0,"enemies":"Nemesis","floor":47.0,"turns":11.0},{"damage":37.0,"enemies":"Transient","floor":48.0,"turns":5.0},{"damage":50.0,"enemies":"Time Eater","floor":50.0,"turns":12.0},{"damage":42,"enemies":"Shield and Spear","floor":54,"turns":10},{"damage":58,"enemies":"The Heart","floor":55,"turns":3}],"seed_played":"8322915793680202480","potions_obtained":[{"floor":1.0,"key":"SpeedPotion"},{"floor":10.0,"key":"Strength Potion"},{"floor":14.0,"key":"Poison Potion"},{"floor":16.0,"key":"Fire Potion"},{"floor":18.0,"key":"SkillPotion"},{"floor":20.0,"key":"SkillPotion"},{"floor":37.0,"key":"Poison Potion"},{"floor":44.0,"key":"Ancient Potion"},{"floor":54,"key":"FearPotion"}],"is_trial":false,"path_per_floor":["M","?","M","?","?","R","E","R","T","M","?","M","E","M","R","B",null,"M","$","M","M","?","M","R","M","T","E","M","M","R","$","R","B",null,"M","M","M","$","M","R","?","M","T","M","R","$","E","M","R","B",null,"R","$","E","B"],"character_chosen":"DEFECT","items_purchased":["Whetstone","Bandage Up","DollysMirror","Defragment","Defragment"],"campfire_rested":4,"item_purchase_floors":[19,31,38,46,53],"current_hp_per_floor":[72,72,72,57,54,75,71,71,71,69,69,62,62,59,59,45,75,67,67,66,48,48,32,54,40,40,24,24,24,61,61,61,65,75,75,75,75,75,65,65,65,68,68,62,62,62,75,49,75,46,75,75,75,54,0],"gold":45,"neow_bonus":"ONE_RARE_RELIC","is_prod":false,"is_daily":false,"chose_seed":false,"campfire_upgraded":5,"win_rate":1,"timestamp":1565401831,"path_taken":["M","?","M","?","?","R","E","R","T","M","?","?","E","M","R","BOSS","M","$","M","M","?","M","R","M","T","E","M","M","R","$","R","BOSS","M","?","M","$","M","R","?","M","T","M","R","?","E","M","R","BOSS","R","$","E","BOSS"],"build_version":"2019-07-17","purchased_purges":1,"victory":false,"max_hp_per_floor":[75,75,75,75,75,75,75,75,75,75,75,75,75,75,75,75,75,75,75,75,75,75,75,75,75,75,75,75,75,75,75,75,75,75,75,75,75,75,75,75,75,75,75,75,75,75,75,75,75,75,75,75,75,75,75],"card_choices":[{"not_picked":["Leap","Melter"],"picked":"Chill","floor":1.0},{"not_picked":["Stack","Leap","Beam Cell"],"picked":"SKIP","floor":3.0},{"not_picked":["Leap","Static Discharge"],"picked":"Steam","floor":7.0},{"not_picked":["Beam Cell","Doom and Gloom"],"picked":"White Noise","floor":10.0},{"not_picked":["Gash","Doom and Gloom"],"picked":"Blizzard","floor":10.0},{"not_picked":["Sweeping Beam","Coolheaded"],"picked":"Chill","floor":12.0},{"not_picked":["Static Discharge","Streamline"],"picked":"Blizzard","floor":12.0},{"not_picked":["Leap","Ball Lightning"],"picked":"Genetic Algorithm","floor":13.0},{"not_picked":["Streamline","Genetic Algorithm"],"picked":"Blizzard","floor":14.0},{"not_picked":["Stack","Undo","Beam Cell"],"picked":"SKIP","floor":14.0},{"not_picked":["Creative AI","Reboot"],"picked":"Biased Cognition","floor":16.0},{"not_picked":["Darkness","Conserve Battery"],"picked":"Capacitor","floor":18.0},{"not_picked":["Compile Driver","Sweeping Beam"],"picked":"Cold Snap","floor":18.0},{"not_picked":["Skim","Conserve Battery"],"picked":"White Noise","floor":20.0},{"not_picked":["Rebound","Streamline"],"picked":"Leap+1","floor":20.0},{"not_picked":["Biased Cognition","Steam"],"picked":"Cold Snap","floor":21.0},{"not_picked":["Sweeping Beam+1","Go for the Eyes+1","Gash"],"picked":"SKIP","floor":21.0},{"not_picked":["Ball Lightning","Aggregate"],"picked":"Coolheaded","floor":23.0},{"not_picked":["Steam","FTL","Melter"],"picked":"SKIP","floor":23.0},{"not_picked":["Aggregate","Leap"],"picked":"Conserve Battery","floor":25.0},{"not_picked":["Scrape","Auto Shields","Barrage"],"picked":"SKIP","floor":25.0},{"not_picked":["Thunder Strike","Sweeping Beam+1"],"picked":"Consume","floor":27.0},{"not_picked":["Cold Snap+1","Sweeping Beam+1","Skim"],"picked":"SKIP","floor":28.0},{"not_picked":["Go for the Eyes+1","FTL+1","Sweeping Beam"],"picked":"SKIP","floor":28.0},{"not_picked":["Static Discharge","White Noise"],"picked":"Capacitor","floor":29.0},{"not_picked":["Beam Cell","Hello World"],"picked":"Chill+1","floor":29.0},{"not_picked":["Electrodynamics","Reprogram"],"picked":"Force Field","floor":30.0},{"not_picked":["Buffer","Multi-Cast"],"picked":"Machine Learning","floor":33.0},{"not_picked":["Hologram+1","Auto Shields"],"picked":"Force Field+1","floor":35.0},{"not_picked":["Scrape+1","Go for the Eyes+1"],"picked":"Barrage+1","floor":35.0},{"not_picked":["Go for the Eyes","Electrodynamics"],"picked":"Stack+1","floor":36.0},{"not_picked":["Consume+1","Leap+1"],"picked":"Defragment+1","floor":36.0},{"not_picked":["Leap","Go for the Eyes+1","Sweeping Beam"],"picked":"SKIP","floor":37.0},{"not_picked":["Streamline","Beam Cell","Multi-Cast"],"picked":"SKIP","floor":37.0},{"not_picked":["Stack+1","Ball Lightning+1"],"picked":"Self Repair+1","floor":39.0},{"not_picked":["Static Discharge","Beam Cell+1","Redo"],"picked":"SKIP","floor":39.0},{"not_picked":["Sweeping Beam","Ball Lightning","Steam Power+1"],"picked":"SKIP","floor":42.0},{"not_picked":["Cold Snap","Tempest+1","Compile Driver"],"picked":"SKIP","floor":42.0},{"not_picked":["Coolheaded","Creative AI","Redo"],"picked":"SKIP","floor":44.0},{"not_picked":["BootSequence","Scrape+1","Conserve Battery"],"picked":"SKIP","floor":44.0},{"not_picked":["Compile Driver+1","Ball Lightning+1","Gash+1"],"picked":"SKIP","floor":47.0},{"not_picked":["Streamline+1","Ball Lightning+1"],"picked":"White Noise","floor":48.0},{"not_picked":["Scrape","Coolheaded+1","Ball Lightning+1"],"picked":"SKIP","floor":48.0},{"not_picked":["Beam Cell","Creative AI"],"picked":"Tempest+1","floor":49.0},{"not_picked":["Gash","Streamline"],"picked":"Compile Driver+1","floor":54}],"player_experience":127508,"relics_obtained":[{"floor":7.0,"key":"StoneCalendar"},{"floor":9.0,"key":"Ancient Tea Set"},{"floor":13.0,"key":"Boot"},{"floor":26.0,"key":"Regal Pillow"},{"floor":27.0,"key":"Dream Catcher"},{"floor":47.0,"key":"Bag of Marbles"},{"floor":54,"key":"Torii"}],"event_choices":[{"cards_removed":["Strike_B"],"damage_healed":0.0,"max_hp_gain":0.0,"max_hp_loss":0.0,"gold_gain":0.0,"event_name":"Living Wall","player_choice":"Forget","floor":2.0,"gold_loss":0.0,"damage_taken":0.0},{"damage_healed":0.0,"max_hp_gain":0.0,"max_hp_loss":0.0,"gold_gain":0.0,"event_name":"Shining Light","player_choice":"Entered Light","floor":4.0,"gold_loss":0.0,"damage_taken":15.0,"cards_upgraded":["Zap","Defend_B"]},{"damage_healed":0.0,"max_hp_gain":0.0,"max_hp_loss":0.0,"gold_gain":0.0,"event_name":"Scrap Ooze","player_choice":"Success","floor":5.0,"gold_loss":0.0,"damage_taken":3.0,"relics_obtained":["Prayer Wheel"]},{"damage_healed":0.0,"max_hp_gain":0.0,"max_hp_loss":0.0,"gold_gain":0.0,"event_name":"FaceTrader","player_choice":"Leave","floor":11.0,"gold_loss":0.0,"damage_taken":0.0},{"damage_healed":0.0,"max_hp_gain":0.0,"max_hp_loss":0.0,"gold_gain":0.0,"event_name":"Match and Keep!","player_choice":"2 cards matched","floor":22.0,"gold_loss":0.0,"damage_taken":0.0,"cards_obtained":["Buffer","BootSequence"]},{"cards_removed":["Biased Cognition"],"damage_healed":0.0,"max_hp_gain":0.0,"max_hp_loss":0.0,"gold_gain":0.0,"event_name":"Falling","player_choice":"Removed Power","floor":41.0,"gold_loss":0.0,"damage_taken":0.0}],"is_beta":false,"boss_relics":[{"not_picked":["Runic Pyramid","Inserter"],"picked":"FrozenCore"},{"not_picked":["Eternal Feather","Snecko Eye"],"picked":"Pandora\u0027s Box"}],"items_purged_floors":[19],"is_endless":false,"potions_floor_spawned":[1,10,14,16,18,20,23,27,29,37,44,54],"killed_by":"The Heart","ascension_level":1}