{"gold_per_floor":[10,24,24,40,53,53,73,73,73,73,128,159,175,230,230,230],"floor_reached":16,"playtime":854,"items_purged":[],"score":137,"play_id":"2b46ad25-3f60-4e30-9486-52ce301ae97f","local_time":"20190811120017","is_ascension_mode":false,"campfire_choices":[{"data":"Sentinel","floor":6,"key":"SMITH"},{"data":"Iron Wave","floor":8,"key":"SMITH"},{"data":"Offering","floor":10,"key":"SMITH"},{"floor":15,"key":"REST"}],"neow_cost":"NO_GOLD","seed_source_timestamp":817725605851011,"circlet_count":0,"master_deck":["Strike_R","Strike_R","Strike_R","Strike_R","Strike_R","Defend_R","Bash","Seeing Red","Cleave","Rupture","Sentinel+1","Offering+1","Iron Wave+1","Inflame","Fire Breathing","Spot Weakness","Combust"],"relics":["Burning Blood","Bag of Preparation","Lantern","Mummified Hand","Tiny Chest"],"potions_floor_usage":[16],"damage_taken":[{"damage":20,"enemies":"Jaw Worm","floor":1,"turns":4},{"damage":16,"enemies":"2 Louse","floor":2,"turns":3},{"damage":3,"enemies":"Small Slimes","floor":4,"turns":2},{"damage":6,"enemies":"Gremlin Gang","floor":5,"turns":3},{"damage":22,"enemies":"Red Slaver","floor":7,"turns":4},{"damage":27,"enemies":"Gremlin Nob","floor":11,"turns":4},{"damage":15,"enemies":"3 Sentries","floor":12,"turns":4},{"damage":6,"enemies":"Exordium Wildlife","floor":13,"turns":1},{"damage":6,"enemies":"Gremlin Nob","floor":14,"turns":3},{"damage":44,"enemies":"The Guardian","floor":16,"turns":3}],"seed_played":"-7004974631955090369","potions_obtained":[{"floor":1,"key":"Regen Potion"},{"floor":2,"key":"PowerPotion"},{"floor":12,"key":"SmokeBomb"},{"floor":13,"key":"Dexterity Potion"},{"floor":14,"key":"Energy Potion"}],"is_trial":false,"path_per_floor":["M","M","?","M","M","R","M","R","T","R","?","E","M","E","R","B"],"character_chosen":"IRONCLAD","items_purchased":[],"campfire_rested":1,"item_purchase_floors":[],"current_hp_per_floor":[66,56,56,59,59,59,43,43,43,43,22,13,13,13,37,0],"gold":230,"neow_bonus":"REMOVE_TWO","is_prod":false,"is_daily":false,"chose_seed":false,"campfire_upgraded":3,"win_rate":0,"timestamp":1565517617,"path_taken":["M","M","?","M","M","R","M","R","T","R","?","E","M","E","R","BOSS"],"build_version":"2019-07-17","purchased_purges":0,"victory":false,"max_hp_per_floor":[80,80,80,80,80,80,80,80,80,80,80,80,80,80,80,80],"card_choices":[{"not_picked":["Hemokinesis","Searing Blow"],"picked":"Seeing Red","floor":1},{"not_picked":["True Grit","Heavy Blade"],"picked":"Cleave","floor":2},{"not_picked":["Ghostly Armor","Sword Boomerang"],"picked":"Sentinel","floor":4},{"not_picked":["Infernal Blade","Anger"],"picked":"Offering","floor":5},{"not_picked":["Sword Boomerang","Headbutt"],"picked":"Iron Wave","floor":7},{"not_picked":["Cleave","Thunderclap"],"picked":"Inflame","floor":11},{"not_picked":["Sword Boomerang","True Grit"],"picked":"Fire Breathing","floor":12},{"not_picked":["Corruption","Pommel Strike"],"picked":"Spot Weakness","floor":13},{"not_picked":["Pommel Strike","Corruption"],"picked":"Combust","floor":14}],"player_experience":247253,"relics_obtained":[{"floor":9,"key":"Bag of Preparation"},{"floor":11,"key":"Lantern"},{"floor":12,"key":"Mummified Hand"},{"floor":14,"key":"Tiny Chest"}],"event_choices":[{"damage_healed":0,"gold_gain":0,"cards_transformed":["Defend_R"],"player_choice":"Change","damage_taken":0,"max_hp_gain":0,"max_hp_loss":0,"event_name":"Living Wall","floor":3,"gold_loss":0,"cards_obtained":["Rupture"]},{"damage_healed":0,"gold_gain":30,"player_choice":"Searched \u00273\u0027 times","damage_taken":0,"max_hp_gain":0,"max_hp_loss":0,"event_name":"Dead Adventurer","floor":11,"gold_loss":0}],"is_beta":false,"boss_relics":[],"items_purged_floors":[],"is_endless":false,"potions_floor_spawned":[1,2,12,13,14],"killed_by":"The Guardian","ascension_level":0}