{"gold_per_floor":[114,84,99,114,44,44,59,89,144,96,111,141,141,59,59,159,159,174,273,273,288,313,313,328,328,328,358,358,108,138,153,153,253,253,268,78,153,168,168,168,198,213,263,293,293,93,108,123,123,123],"floor_reached":51,"playtime":3038,"items_purged":[],"score":928,"play_id":"c2321892-e0ed-4cd9-9432-be6fc21ddf26","local_time":"20190812003506","daily_mods":["Specialized","Hoarder","Binary"],"is_ascension_mode":false,"campfire_choices":[{"data":"Zap","floor":6,"key":"SMITH"},{"floor":13,"key":"REST"},{"data":"Double Energy","floor":15,"key":"SMITH"},{"floor":23,"key":"REST"},{"floor":25,"key":"REST"},{"floor":28,"key":"REST"},{"data":"Double Energy","floor":32,"key":"SMITH"},{"data":"Double Energy","floor":40,"key":"SMITH"},{"floor":49,"key":"REST"}],"neow_cost":"","seed_source_timestamp":868814545676000,"circlet_count":0,"master_deck":["Strike_B","Strike_B","Strike_B","Strike_B","Defend_B","Defend_B","Defend_B","Defend_B","Zap+1","Dualcast","Sunder","Sunder","Sunder","Sunder","Sunder","Sunder","Sunder","Sunder","Sunder","Sunder","Sunder","Sunder","Sunder","Sunder","Sunder","Streamline","Streamline","Streamline","Double Energy+1","Double Energy+1","Double Energy+1","FTL","FTL","FTL","Reinforced Body","Reinforced Body","Reinforced Body","Rip and Tear","Rip and Tear","Rip and Tear","Go for the Eyes","Go for the Eyes","Go for the Eyes","Conserve Battery","Conserve Battery","Conserve Battery","Ball Lightning","Ball Lightning","Ball Lightning","Coolheaded","Coolheaded","Coolheaded","Defragment","Defragment","Defragment","Rainbow","Rainbow","Rainbow","FTL+1","FTL+1","FTL+1","Necronomicurse","Necronomicurse","Necronomicurse","Go for the Eyes","Go for the Eyes","Go for the Eyes","Conserve Battery+1","Conserve Battery+1","Conserve Battery+1","Defragment","Defragment","Defragment","Sweeping Beam+1","Sweeping Beam+1","Sweeping Beam+1","Apotheosis","Apotheosis","Apotheosis","Leap+1","Leap+1","Leap+1","Creative AI","Creative AI","Creative AI"],"special_seed":18120,"relics":["FrozenCore","Singing Bowl","Tiny Chest","Bottled Lightning","Necronomicon","Strawberry","FossilizedHelix","Dream Catcher","Pantograph","Happy Flower","Velvet Choker","Blue Candle","Lantern","PreservedInsect","Symbiotic Virus","Anchor"],"potions_floor_usage":[4,4,8,12,21,48,50,50],"damage_taken":[{"damage":0,"enemies":"2 Louse","floor":1,"turns":1},{"damage":0,"enemies":"Cultist","floor":3,"turns":2},{"damage":8,"enemies":"Jaw Worm","floor":4,"turns":2},{"damage":10,"enemies":"Looter","floor":7,"turns":3},{"damage":16,"enemies":"Gremlin Nob","floor":8,"turns":3},{"damage":5,"enemies":"Blue Slaver","floor":11,"turns":3},{"damage":11,"enemies":"3 Sentries","floor":12,"turns":3},{"damage":41,"enemies":"The Guardian","floor":16,"turns":11},{"damage":17,"enemies":"Shell Parasite","floor":18,"turns":6},{"damage":0,"enemies":"2 Thieves","floor":21,"turns":4},{"damage":11,"enemies":"Sentry and Sphere","floor":24,"turns":6},{"damage":17,"enemies":"Book of Stabbing","floor":27,"turns":6},{"damage":15,"enemies":"Slavers","floor":30,"turns":6},{"damage":0,"enemies":"Snake Plant","floor":31,"turns":4},{"damage":73,"enemies":"Automaton","floor":33,"turns":13},{"damage":0,"enemies":"Orb Walker","floor":35,"turns":3},{"damage":0,"enemies":"3 Darklings","floor":38,"turns":7},{"damage":25,"enemies":"Reptomancer","floor":41,"turns":7},{"damage":0,"enemies":"Maw","floor":42,"turns":6},{"damage":33,"enemies":"Nemesis","floor":44,"turns":5},{"damage":0,"enemies":"Sphere and 2 Shapes","floor":47,"turns":3},{"damage":2,"enemies":"Spire Growth","floor":48,"turns":4},{"damage":38,"enemies":"Donu and Deca","floor":50,"turns":10}],"seed_played":"6720078143573282166","potions_obtained":[{"floor":1,"key":"SkillPotion"},{"floor":2,"key":"Strength Potion"},{"floor":2,"key":"Weak Potion"},{"floor":11,"key":"Explosive Potion"},{"floor":18,"key":"EssenceOfSteel"},{"floor":30,"key":"LiquidBronze"},{"floor":41,"key":"Energy Potion"},{"floor":44,"key":"PowerPotion"}],"is_trial":false,"path_per_floor":["M","?","M","M","$","R","M","E","T","$","M","E","R","$","R","B",null,"M","?","?","M","T","R","M","R","T","E","R","$","E","M","R","B",null,"M","$","?","M","?","R","E","M","T","E","T","$","M","M","R","B",null],"character_chosen":"DEFECT","items_purchased":["Reinforced Body","Conserve Battery","Defragment","Pantograph","Apotheosis","Dexterity Potion","Anchor"],"campfire_rested":5,"item_purchase_floors":[5,10,14,29,36,46,46],"current_hp_per_floor":[75,75,75,67,67,67,57,41,41,41,36,25,47,47,47,6,75,58,58,42,42,49,73,62,82,82,67,84,84,71,71,71,15,88,90,90,81,81,81,81,56,58,58,27,27,27,29,29,58,45],"gold":123,"neow_bonus":"","is_prod":false,"is_daily":true,"chose_seed":false,"campfire_upgraded":4,"win_rate":0,"timestamp":1565584506,"path_taken":["M","?","?","?","$","R","M","E","T","?","M","E","R","$","R","BOSS","M","?","?","M","?","R","M","R","T","E","R","$","E","M","R","BOSS","M","$","?","?","?","R","E","M","T","E","?","$","M","M","R","BOSS"],"build_version":"2019-07-17","purchased_purges":0,"victory":true,"max_hp_per_floor":[75,75,75,75,75,75,75,75,75,75,75,75,75,75,75,75,75,75,75,75,75,82,82,82,82,82,84,84,84,86,86,86,88,88,90,90,90,90,85,85,85,87,87,89,89,89,91,93,95,95],"card_choices":[{"not_picked":["Redo"],"picked":"Streamline","floor":1},{"not_picked":["Sweeping Beam"],"picked":"Double Energy","floor":3},{"not_picked":["Lockon"],"picked":"FTL","floor":4},{"not_picked":["Stack"],"picked":"Rip and Tear","floor":7},{"not_picked":["Turbo"],"picked":"Go for the Eyes","floor":8},{"not_picked":["Redo"],"picked":"Ball Lightning","floor":11},{"not_picked":["Ball Lightning"],"picked":"Coolheaded","floor":12},{"not_picked":["Creative AI"],"picked":"Rainbow","floor":16},{"not_picked":["Beam Cell+1"],"picked":"FTL+1","floor":18},{"not_picked":["Chaos+1"],"picked":"Go for the Eyes","floor":21},{"not_picked":["Leap"],"picked":"Conserve Battery+1","floor":24},{"not_picked":["Turbo+1","Conserve Battery"],"picked":"Singing Bowl","floor":27},{"not_picked":["Leap+1"],"picked":"Defragment","floor":28},{"not_picked":["Loop","Recycle"],"picked":"Singing Bowl","floor":30},{"not_picked":["Ball Lightning+1"],"picked":"Sweeping Beam+1","floor":31},{"not_picked":["Amplify","Rainbow"],"picked":"Singing Bowl","floor":33},{"not_picked":["Turbo","Rebound+1"],"picked":"Singing Bowl","floor":35},{"not_picked":["Go for the Eyes"],"picked":"Leap+1","floor":38},{"not_picked":["Steam+1"],"picked":"Creative AI","floor":41},{"not_picked":["Aggregate","Sweeping Beam+1"],"picked":"Singing Bowl","floor":42},{"not_picked":["Self Repair+1","Coolheaded"],"picked":"Singing Bowl","floor":44},{"not_picked":["Rip and Tear","Hologram"],"picked":"Singing Bowl","floor":47},{"not_picked":["Beam Cell+1","Streamline"],"picked":"Singing Bowl","floor":48},{"not_picked":["Darkness","Rebound+1"],"picked":"Singing Bowl","floor":49}],"player_experience":361272,"relics_obtained":[{"floor":8,"key":"Singing Bowl"},{"floor":9,"key":"Tiny Chest"},{"floor":12,"key":"Bottled Lightning"},{"floor":20,"key":"Necronomicon"},{"floor":22,"key":"Strawberry"},{"floor":26,"key":"FossilizedHelix"},{"floor":27,"key":"Dream Catcher"},{"floor":30,"key":"Happy Flower"},{"floor":41,"key":"Blue Candle"},{"floor":43,"key":"Lantern"},{"floor":44,"key":"PreservedInsect"},{"floor":45,"key":"Symbiotic Virus"}],"event_choices":[{"damage_healed":0,"gold_gain":0,"player_choice":"Bought 2 Potions","damage_taken":0,"max_hp_gain":0,"max_hp_loss":0,"event_name":"The Woman in Blue","floor":2,"gold_loss":0},{"damage_healed":0,"gold_gain":99,"player_choice":"Stole From Cult","damage_taken":0,"max_hp_gain":0,"max_hp_loss":0,"event_name":"Nest","floor":19,"gold_loss":0},{"damage_healed":0,"gold_gain":0,"player_choice":"Obtained Book","damage_taken":16,"max_hp_gain":0,"max_hp_loss":0,"event_name":"Cursed Tome","floor":20,"gold_loss":0},{"damage_healed":0,"gold_gain":75,"player_choice":"Touch","damage_taken":9,"max_hp_gain":0,"max_hp_loss":0,"event_name":"FaceTrader","floor":37,"gold_loss":0},{"damage_healed":0,"gold_gain":0,"player_choice":"Max HP","damage_taken":0,"max_hp_gain":0,"max_hp_loss":5,"event_name":"Winding Halls","floor":39,"gold_loss":0}],"is_beta":false,"boss_relics":[{"not_picked":["Runic Dome","Pandora\u0027s Box"],"picked":"FrozenCore"},{"not_picked":["Lizard Tail","Cursed Key"],"picked":"Velvet Choker"}],"items_purged_floors":[],"is_endless":false,"potions_floor_spawned":[1,11,18,30,41,44,47,48],"ascension_level":0}