{"gold_per_floor":[114,114,114,64,64,64,94,69,145,158,183,183,209,220,220,325,325,340,196,196,196,215,246,260,277,277,293,293,393,393,406,406,503,503,520,532,138,138,156,156,170,187,187,187,202,49,49,49,49,49],"floor_reached":51,"playtime":4785,"items_purged":[],"score":788,"play_id":"ff1af5e8-dee7-461c-b29c-382ec7dd6c95","local_time":"20190810225910","is_ascension_mode":true,"campfire_choices":[{"data":"Zap","floor":6.0,"key":"SMITH"},{"data":"Hologram","floor":12.0,"key":"SMITH"},{"floor":15.0,"key":"REST"},{"data":"Capacitor","floor":28,"key":"SMITH"},{"data":"Chaos","floor":30,"key":"SMITH"},{"data":"Steam","floor":32,"key":"SMITH"},{"data":"Capacitor","floor":40,"key":"SMITH"},{"data":"Seek","floor":44,"key":"SMITH"},{"data":"Good Instincts","floor":49,"key":"SMITH"}],"neow_cost":"NONE","seed_source_timestamp":6682281358182,"circlet_count":0,"master_deck":["Strike_B","Strike_B+1","Strike_B","Defend_B","Defend_B","Defend_B","Defend_B+1","Zap+1","Leap","Coolheaded","Hologram+1","Glacier","Machine Learning","Undo","Capacitor+1","Chaos+1","Glacier","Seek+1","FTL","Doom and Gloom+1","Steam+1","Go for the Eyes+1","Capacitor+1","Go for the Eyes+1","Parasite","Chill","Defragment+1","Good Instincts+1"],"special_seed":0,"relics":["Cracked Core","NeowsBlessing","Mercury Hourglass","Pantograph","Kunai","Pen Nib","Strawberry","Coffee Dripper","Calipers","Molten Egg 2","Sozu","Gambling Chip","Torii","Bronze Scales"],"potions_floor_usage":[23,33,33],"damage_taken":[{"damage":0.0,"enemies":"Jaw Worm","floor":1.0,"turns":1.0},{"damage":0.0,"enemies":"3 Sentries","floor":7.0,"turns":1.0},{"damage":0.0,"enemies":"Small Slimes","floor":10.0,"turns":1.0},{"damage":0.0,"enemies":"Lagavulin","floor":11.0,"turns":7.0},{"damage":34.0,"enemies":"Gremlin Nob","floor":13.0,"turns":4.0},{"damage":0.0,"enemies":"2 Louse","floor":14.0,"turns":2.0},{"damage":38.0,"enemies":"Slime Boss","floor":16.0,"turns":18.0},{"damage":18.0,"enemies":"Spheric Guardian","floor":18.0,"turns":9.0},{"damage":5,"enemies":"Shell Parasite","floor":22,"turns":7},{"damage":30,"enemies":"Book of Stabbing","floor":23,"turns":11},{"damage":13,"enemies":"Centurion and Healer","floor":24,"turns":11},{"damage":0,"enemies":"Snecko","floor":25,"turns":10},{"damage":10,"enemies":"Cultist and Chosen","floor":27,"turns":8},{"damage":10,"enemies":"Snake Plant","floor":31,"turns":5},{"damage":16,"enemies":"Collector","floor":33,"turns":16},{"damage":0,"enemies":"Orb Walker","floor":35,"turns":5},{"damage":4,"enemies":"3 Shapes","floor":36,"turns":3},{"damage":18,"enemies":"Transient","floor":39,"turns":5},{"damage":12,"enemies":"Writhing Mass","floor":41,"turns":10},{"damage":0,"enemies":"3 Darklings","floor":42,"turns":5},{"damage":1,"enemies":"Jaw Worm Horde","floor":45,"turns":5},{"damage":7,"enemies":"Awakened One","floor":50,"turns":25}],"seed_played":"-2381317713898555277","potions_obtained":[{"floor":7.0,"key":"EssenceOfSteel"},{"floor":10.0,"key":"SteroidPotion"},{"floor":11.0,"key":"Weak Potion"},{"floor":14.0,"key":"Regen Potion"},{"floor":18,"key":"PowerPotion"},{"floor":21,"key":"Poison Potion"},{"floor":25,"key":"Weak Potion"}],"is_trial":false,"path_per_floor":["M","?","?","?","?","R","E","$","T","M","E","R","E","M","R","B",null,"M","$","?","?","M","E","M","M","T","M","R","?","R","M","R","B",null,"M","M","$","?","M","R","M","M","T","R","M","$","?","$","R","B",null],"character_chosen":"DEFECT","items_purchased":["Coolheaded","Capacitor","Chaos","Capacitor","Gambling Chip","Bronze Scales"],"campfire_rested":1,"item_purchase_floors":[8,19,19,37,37,46],"current_hp_per_floor":[75,63,68,68,52,52,52,52,52,52,52,52,25,25,51,38,87,69,69,69,69,64,49,36,36,36,26,26,26,26,16,16,25,87,87,83,83,83,65,65,53,53,53,53,52,52,52,52,52,70],"gold":49,"neow_bonus":"THREE_ENEMY_KILL","is_prod":false,"is_daily":false,"chose_seed":false,"campfire_upgraded":8,"win_rate":0,"timestamp":1565492350,"path_taken":["M","?","?","?","?","R","E","?","T","M","E","R","E","M","R","BOSS","M","$","?","?","M","E","?","M","T","M","R","?","R","M","R","BOSS","M","M","$","?","M","R","M","M","T","R","M","?","?","$","R","BOSS"],"build_version":"2019-07-17","purchased_purges":0,"victory":true,"max_hp_per_floor":[75,75,80,80,80,80,80,80,80,80,80,80,87,87,87,87,87,87,87,87,87,87,87,87,87,87,87,87,87,87,87,87,87,87,87,87,87,87,87,87,87,87,87,87,87,87,87,87,87,87],"card_choices":[{"not_picked":["Sweeping Beam","Compile Driver","Heatsinks"],"picked":"SKIP","floor":1.0},{"not_picked":["Barrage","Streamline"],"picked":"Leap","floor":7.0},{"not_picked":["Skim","Sweeping Beam","Creative AI"],"picked":"SKIP","floor":10.0},{"not_picked":["Rebound","Coolheaded"],"picked":"Hologram","floor":11.0},{"not_picked":["BootSequence","Skim","Recycle"],"picked":"SKIP","floor":13.0},{"not_picked":["FTL","Sweeping Beam"],"picked":"Glacier","floor":14.0},{"not_picked":["Buffer","Rainbow"],"picked":"Machine Learning","floor":16.0},{"not_picked":["Conserve Battery","Stack+1"],"picked":"Undo","floor":18},{"not_picked":["Stack","Recycle"],"picked":"Glacier","floor":22},{"not_picked":["Conserve Battery+1","Lockon+1"],"picked":"Seek","floor":23},{"not_picked":["Lockon","Compile Driver","Sweeping Beam"],"picked":"SKIP","floor":24},{"not_picked":["Coolheaded+1","Sunder"],"picked":"FTL","floor":25},{"not_picked":["Hologram","Coolheaded+1"],"picked":"Doom and Gloom+1","floor":27},{"not_picked":["Ball Lightning+1","Barrage+1"],"picked":"Steam","floor":31},{"not_picked":["Ball Lightning+1","Redo+1"],"picked":"Go for the Eyes+1","floor":35},{"not_picked":["Sunder+1","Beam Cell+1","Lockon+1"],"picked":"SKIP","floor":36},{"not_picked":["Steam","Redo+1"],"picked":"Go for the Eyes+1","floor":39},{"not_picked":["Static Discharge+1","Glacier"],"picked":"Chill","floor":41},{"not_picked":["Go for the Eyes+1","Genetic Algorithm+1"],"picked":"Defragment+1","floor":42},{"not_picked":["Cold Snap+1","Gash+1","Steam"],"picked":"SKIP","floor":45},{"not_picked":["Thinking Ahead","HandOfGreed+1"],"picked":"Good Instincts","floor":47}],"player_experience":157614,"relics_obtained":[{"floor":7.0,"key":"Pantograph"},{"floor":9.0,"key":"Kunai"},{"floor":11.0,"key":"Pen Nib"},{"floor":13.0,"key":"Strawberry"},{"floor":23,"key":"Calipers"},{"floor":26,"key":"Molten Egg 2"},{"floor":43,"key":"Torii"}],"event_choices":[{"damage_healed":0.0,"max_hp_gain":0.0,"max_hp_loss":0.0,"gold_gain":0.0,"event_name":"Scrap Ooze","player_choice":"Success","floor":2.0,"gold_loss":0.0,"damage_taken":12.0,"relics_obtained":["Mercury Hourglass"]},{"damage_healed":0.0,"max_hp_gain":5.0,"max_hp_loss":0.0,"gold_gain":0.0,"event_name":"Big Fish","player_choice":"Donut","floor":3.0,"gold_loss":0.0,"damage_taken":0.0},{"cards_removed":["Dualcast"],"damage_healed":0.0,"max_hp_gain":0.0,"max_hp_loss":0.0,"gold_gain":0.0,"event_name":"The Cleric","player_choice":"Card Removal","floor":4.0,"gold_loss":50.0,"damage_taken":0.0},{"damage_healed":0.0,"max_hp_gain":0.0,"max_hp_loss":0.0,"gold_gain":0.0,"event_name":"Shining Light","player_choice":"Entered Light","floor":5.0,"gold_loss":0.0,"damage_taken":16.0,"cards_upgraded":["Strike_B","Defend_B"]},{"damage_healed":0,"gold_gain":0,"player_choice":"Ignored","damage_taken":0,"max_hp_gain":0,"max_hp_loss":0,"event_name":"The Mausoleum","floor":20,"gold_loss":0},{"damage_healed":0,"gold_gain":0,"player_choice":"Got Potions","damage_taken":0,"max_hp_gain":0,"max_hp_loss":0,"event_name":"Lab","floor":21,"gold_loss":0},{"damage_healed":0,"gold_gain":100,"player_choice":"Pray","damage_taken":0,"max_hp_gain":0,"max_hp_loss":0,"event_name":"Golden Shrine","floor":29,"gold_loss":0},{"cards_removed":["Strike_B"],"damage_healed":0,"gold_gain":0,"player_choice":"Offered Basic","damage_taken":0,"max_hp_gain":0,"max_hp_loss":0,"event_name":"Bonfire Elementals","floor":38,"gold_loss":0},{"damage_healed":0,"gold_gain":0,"player_choice":"Memory 1","damage_taken":0,"max_hp_gain":0,"max_hp_loss":0,"event_name":"SensoryStone","floor":47,"gold_loss":0}],"is_beta":false,"boss_relics":[{"not_picked":["Pandora\u0027s Box","Calling Bell"],"picked":"Coffee Dripper"},{"not_picked":["Lizard Tail","Philosopher\u0027s Stone"],"picked":"Sozu"}],"items_purged_floors":[],"is_endless":false,"potions_floor_spawned":[7,10,11,14,18,25,27,31,36,41],"ascension_level":3}