{"gold_per_floor":[215,229,244,259,270,270,100,100,124,142,168,182,257,277,277,352,352,369,385,195,195,208,208,208,208,285,285,316,1,12,25,25,104,104,115,115,115,215,5,5],"floor_reached":40,"playtime":5714,"items_purged":["Strike_G","Strike_G","Regret"],"score":893,"play_id":"48bb04e4-f8e0-4ccf-bb7f-9ed44c4b0d51","local_time":"20190710134043","is_ascension_mode":true,"campfire_choices":[{"data":"Neutralize","floor":6.0,"key":"SMITH"},{"data":"Well Laid Plans","floor":8.0,"key":"SMITH"},{"floor":15.0,"key":"REST"},{"floor":23.0,"key":"REST"},{"data":"Ghostly","floor":27.0,"key":"SMITH"},{"floor":32.0,"key":"REST"}],"neow_cost":"NONE","seed_source_timestamp":485759936870996,"circlet_count":0,"master_deck":["AscendersBane","Defend_G+1","Defend_G+1","Defend_G+1","Defend_G+1","Defend_G+1","Survivor","Neutralize+1","Noxious Fumes","Well Laid Plans+1","Deadly Poison","Cloak And Dagger","Poisoned Stab+1","Dark Shackles","PiercingWail","Backstab","Skewer","Backflip","Malaise","Poisoned Stab","Dodge and Roll","Noxious Fumes","Ghostly+1","Ghostly","Ghostly","Calculated Gamble+1","Catalyst","Predator+1","Die Die Die+1","Setup+1","Well Laid Plans+1","Corpse Explosion+1","Footwork"],"special_seed":0,"relics":["Ring of the Snake","Dream Catcher","Whetstone","Cursed Key","Molten Egg 2","Bronze Scales","FossilizedHelix","Astrolabe","Bird Faced Urn"],"potions_floor_usage":[40,40],"damage_taken":[{"damage":1.0,"enemies":"Small Slimes","floor":1.0,"turns":3.0},{"damage":4.0,"enemies":"Jaw Worm","floor":2.0,"turns":6.0},{"damage":0.0,"enemies":"2 Louse","floor":3.0,"turns":3.0},{"damage":8.0,"enemies":"Exordium Wildlife","floor":4.0,"turns":5.0},{"damage":7.0,"enemies":"Looter","floor":5.0,"turns":5.0},{"damage":3.0,"enemies":"Red Slaver","floor":10.0,"turns":4.0},{"damage":12.0,"enemies":"3 Sentries","floor":11.0,"turns":7.0},{"damage":4.0,"enemies":"Exordium Wildlife","floor":12.0,"turns":6.0},{"damage":0.0,"enemies":"3 Louse","floor":14.0,"turns":3.0},{"damage":2.0,"enemies":"The Guardian","floor":16.0,"turns":10.0},{"damage":0.0,"enemies":"3 Byrds","floor":18.0,"turns":5.0},{"damage":10.0,"enemies":"2 Thieves","floor":19.0,"turns":5.0},{"damage":18.0,"enemies":"Chosen and Byrds","floor":22.0,"turns":8.0},{"damage":1.0,"enemies":"Book of Stabbing","floor":28.0,"turns":6.0},{"damage":9.0,"enemies":"Snake Plant","floor":30.0,"turns":5.0},{"damage":4.0,"enemies":"Shelled Parasite and Fungi","floor":31.0,"turns":6.0},{"damage":6.0,"enemies":"Champ","floor":33.0,"turns":15.0},{"damage":11.0,"enemies":"Orb Walker","floor":35.0,"turns":4.0},{"damage":1.0,"enemies":"Mind Bloom Boss Battle","floor":38.0,"turns":8.0},{"damage":69,"enemies":"Giant Head","floor":40,"turns":9}],"seed_played":"684439315171137631","potions_obtained":[{"floor":5.0,"key":"Explosive Potion"},{"floor":10.0,"key":"Swift Potion"},{"floor":16.0,"key":"LiquidBronze"},{"floor":22.0,"key":"SteroidPotion"},{"floor":28.0,"key":"Poison Potion"},{"floor":30.0,"key":"Block Potion"},{"floor":33.0,"key":"GhostInAJar"},{"floor":38.0,"key":"Regen Potion"}],"is_trial":false,"path_per_floor":["M","M","M","M","M","R","$","R","T","M","E","M","?","M","R","B",null,"M","M","$","?","M","R","?","?","T","R","E","$","M","M","R","B",null,"M","?","?","?","$","E"],"character_chosen":"THE_SILENT","items_purchased":["Dark Shackles","Noxious Fumes","FossilizedHelix","Footwork"],"campfire_rested":3,"item_purchase_floors":[7,20,29,39],"current_hp_per_floor":[58,54,54,46,39,39,39,39,39,36,24,20,9,9,28,26,56,56,46,46,33,15,24,24,17,17,17,16,16,7,3,14,8,31,20,20,20,19,19,0],"gold":5,"neow_bonus":"HUNDRED_GOLD","is_prod":false,"is_daily":false,"chose_seed":false,"campfire_upgraded":3,"win_rate":0,"timestamp":1562780443,"path_taken":["M","M","M","M","M","R","$","R","T","M","E","M","?","M","R","BOSS","M","M","$","?","M","R","?","?","T","R","E","$","M","M","R","BOSS","M","?","?","?","$","E"],"build_version":"2019-07-05","purchased_purges":3,"victory":false,"max_hp_per_floor":[66,66,66,66,66,66,66,66,66,66,66,66,66,66,66,66,66,66,66,66,33,33,33,33,38,38,38,38,38,38,38,38,38,38,38,38,38,38,38,38],"card_choices":[{"not_picked":["Dodge and Roll","Quick Slash"],"picked":"Noxious Fumes","floor":1.0},{"not_picked":["Footwork","Finisher"],"picked":"Well Laid Plans","floor":2.0},{"not_picked":["Acrobatics","Flechettes"],"picked":"Deadly Poison","floor":3.0},{"not_picked":["Dodge and Roll","Slice"],"picked":"Cloak And Dagger","floor":4.0},{"not_picked":["Deflect","Prepared"],"picked":"Poisoned Stab","floor":5.0},{"not_picked":["Masterful Stab","Blade Dance","Acrobatics"],"picked":"SKIP","floor":10.0},{"not_picked":["Envenom","Deadly Poison"],"picked":"PiercingWail","floor":11.0},{"not_picked":["Underhanded Strike","Dagger Spray"],"picked":"Backstab","floor":12.0},{"not_picked":["Dodge and Roll","Slice"],"picked":"Skewer","floor":14.0},{"not_picked":["Predator","Sucker Punch"],"picked":"Backflip","floor":15.0},{"not_picked":["Tools of the Trade","Doppelganger"],"picked":"Malaise","floor":16.0},{"not_picked":["Flying Knee","Bane"],"picked":"Poisoned Stab","floor":18.0},{"not_picked":["Distraction+1","Dagger Throw+1"],"picked":"Dodge and Roll","floor":19.0},{"not_picked":["Deadly Poison","Sucker Punch"],"picked":"Calculated Gamble+1","floor":22.0},{"not_picked":["Deadly Poison","Terror"],"picked":"Catalyst","floor":23.0},{"not_picked":["Distraction","Slice+1","Corpse Explosion"],"picked":"SKIP","floor":28.0},{"not_picked":["Reflex","Expertise","Prepared"],"picked":"SKIP","floor":30.0},{"not_picked":["Finisher+1","Blade Dance","Quick Slash+1"],"picked":"SKIP","floor":31.0},{"not_picked":["PiercingWail","Dagger Throw+1"],"picked":"Predator+1","floor":32.0},{"not_picked":["A Thousand Cuts","Glass Knife+1"],"picked":"Die Die Die+1","floor":33.0},{"not_picked":["Blade Dance","Dagger Throw+1","Backflip"],"picked":"SKIP","floor":35.0}],"player_experience":2442134,"relics_obtained":[{"floor":9.0,"key":"Dream Catcher"},{"floor":11.0,"key":"Whetstone"},{"floor":26.0,"key":"Molten Egg 2"},{"floor":28.0,"key":"Bronze Scales"},{"floor":38.0,"key":"Bird Faced Urn"}],"event_choices":[{"damage_healed":0.0,"max_hp_gain":0.0,"max_hp_loss":0.0,"gold_gain":75.0,"event_name":"World of Goop","player_choice":"Gather Gold","floor":13.0,"gold_loss":0.0,"damage_taken":11.0},{"damage_healed":0.0,"max_hp_gain":0.0,"max_hp_loss":33.0,"gold_gain":0.0,"event_name":"Ghosts","player_choice":"Became a Ghost","floor":21.0,"gold_loss":0.0,"damage_taken":0.0,"cards_obtained":["Ghostly","Ghostly","Ghostly"]},{"damage_healed":0.0,"max_hp_gain":0.0,"max_hp_loss":0.0,"gold_gain":0.0,"event_name":"Back to Basics","player_choice":"Simplicity","floor":24.0,"gold_loss":0.0,"damage_taken":0.0,"cards_upgraded":["Strike_G","Strike_G","Defend_G","Defend_G","Defend_G","Defend_G","Defend_G"]},{"damage_healed":0.0,"max_hp_gain":5.0,"max_hp_loss":0.0,"gold_gain":0.0,"event_name":"Forgotten Altar","player_choice":"Shed Blood","floor":25.0,"gold_loss":0.0,"damage_taken":12.0},{"damage_healed":0.0,"max_hp_gain":0.0,"max_hp_loss":0.0,"gold_gain":0.0,"event_name":"Mysterious Sphere","player_choice":"Ignored","floor":36.0,"gold_loss":0.0,"damage_taken":0.0},{"damage_healed":0.0,"max_hp_gain":0.0,"max_hp_loss":0.0,"gold_gain":0.0,"event_name":"Tomb of Lord Red Mask","player_choice":"Ignored","floor":37.0,"gold_loss":0.0,"damage_taken":0.0},{"damage_healed":0.0,"max_hp_gain":0.0,"max_hp_loss":0.0,"gold_gain":0.0,"event_name":"MindBloom","player_choice":"Fight","floor":38.0,"gold_loss":0.0,"damage_taken":0.0}],"is_beta":false,"boss_relics":[{"not_picked":["Tiny House","Pandora\u0027s Box"],"picked":"Cursed Key"},{"not_picked":["Calling Bell","Fusion Hammer"],"picked":"Astrolabe"}],"items_purged_floors":[7,20,39],"is_endless":false,"potions_floor_spawned":[5,10,16,22,28,30,33,38],"killed_by":"Giant Head","ascension_level":19}