{"gold_per_floor":[115,65,81,81,135,135,148,173,249,276,276,289,50,62,62,167,167,180,190,10,29,43,68,68,68,68,68,68,68,36,67,67,162,162,173,184,197,117,163,163,163,163,163,180,180,196,196,211,211,211,211,211,6,40,40],"floor_reached":55,"playtime":12632,"items_purged":["Strike_R","Reaper","Thunderclap"],"score":665,"play_id":"3e080f85-d724-4779-9d69-5da36c10f529","local_time":"20190808030816","is_ascension_mode":false,"campfire_choices":[{"data":"Bash","floor":6.0,"key":"SMITH"},{"floor":11.0,"key":"REST"},{"data":"Metamorphosis","floor":15.0,"key":"SMITH"},{"floor":24.0,"key":"REST"},{"floor":27.0,"key":"RECALL"},{"floor":29.0,"key":"REST"},{"floor":32.0,"key":"REST"},{"floor":40.0,"key":"REST"},{"floor":42.0,"key":"REST"},{"floor":45.0,"key":"REST"},{"floor":49,"key":"REST"},{"floor":52,"key":"REST"}],"neow_cost":"NONE","seed_source_timestamp":1024458512293561,"circlet_count":0,"master_deck":["Bash+1","Anger","Shrug It Off","Clothesline","Havoc","Flame Barrier","Metamorphosis+1","Disarm","Feel No Pain","J.A.X.","Burning Pact","Armaments+1","Cleave","Reaper","Iron Wave","Rampage","Reaper","Spot Weakness","Pommel Strike+1","Warcry+1","Disarm+1","Thunderclap","PanicButton","Heavy Blade+1","Havoc+1","Sentinel+1","Shrug It Off+1","Burning Pact","True Grit","Second Wind"],"special_seed":0,"relics":["Burning Blood","Happy Flower","Dream Catcher","The Courier","Centennial Puzzle","Fusion Hammer","PreservedInsect","Charon\u0027s Ashes","Bronze Scales","Pandora\u0027s Box","Unceasing Top","Nunchaku","Strawberry"],"potions_floor_usage":[50,55,55,55],"damage_taken":[{"damage":7.0,"enemies":"Small Slimes","floor":1.0,"turns":4.0},{"damage":0.0,"enemies":"2 Louse","floor":3.0,"turns":3.0},{"damage":6.0,"enemies":"Jaw Worm","floor":7.0,"turns":3.0},{"damage":19.0,"enemies":"Lagavulin","floor":8.0,"turns":6.0},{"damage":19.0,"enemies":"3 Sentries","floor":10.0,"turns":7.0},{"damage":3.0,"enemies":"Exordium Wildlife","floor":12.0,"turns":3.0},{"damage":0.0,"enemies":"2 Fungi Beasts","floor":14.0,"turns":4.0},{"damage":25.0,"enemies":"The Guardian","floor":16.0,"turns":9.0},{"damage":2.0,"enemies":"2 Thieves","floor":18.0,"turns":4.0},{"damage":5.0,"enemies":"Spheric Guardian","floor":19.0,"turns":3.0},{"damage":1.0,"enemies":"3 Cultists","floor":21.0,"turns":5.0},{"damage":12.0,"enemies":"Centurion and Healer","floor":22.0,"turns":4.0},{"damage":11.0,"enemies":"Gremlin Leader","floor":23.0,"turns":3.0},{"damage":13.0,"enemies":"Book of Stabbing","floor":31.0,"turns":3.0},{"damage":74.0,"enemies":"Champ","floor":33.0,"turns":9.0},{"damage":12.0,"enemies":"Orb Walker","floor":35.0,"turns":3.0},{"damage":11.0,"enemies":"3 Darklings","floor":36.0,"turns":4.0},{"damage":38.0,"enemies":"4 Shapes","floor":37.0,"turns":3.0},{"damage":67.0,"enemies":"2 Orb Walkers","floor":39.0,"turns":5.0},{"damage":28.0,"enemies":"Maw","floor":44.0,"turns":6.0},{"damage":32.0,"enemies":"Sphere and 2 Shapes","floor":46.0,"turns":4.0},{"damage":14,"enemies":"Jaw Worm Horde","floor":48,"turns":3},{"damage":38,"enemies":"Donu and Deca","floor":50,"turns":7},{"damage":28,"enemies":"Shield and Spear","floor":54,"turns":5},{"damage":117,"enemies":"The Heart","floor":55,"turns":9}],"seed_played":"-3225420781553972515","potions_obtained":[{"floor":1.0,"key":"SteroidPotion"},{"floor":3.0,"key":"Dexterity Potion"},{"floor":7.0,"key":"Swift Potion"},{"floor":16.0,"key":"FearPotion"},{"floor":22.0,"key":"FearPotion"},{"floor":31.0,"key":"SpeedPotion"},{"floor":33.0,"key":"BloodPotion"},{"floor":36.0,"key":"Ancient Potion"},{"floor":44.0,"key":"Dexterity Potion"},{"floor":48,"key":"Block Potion"}],"is_trial":false,"path_per_floor":["M","?","M","?","T","R","M","E","T","E","R","M","$","M","R","B",null,"M","M","$","M","M","E","R","?","T","R","?","R","$","E","R","B",null,"M","M","M","$","?","R","?","R","T","M","R","M","?","M","R","B",null,"R","$","E","B"],"character_chosen":"IRONCLAD","items_purchased":["Metamorphosis","AttackPotion","PreservedInsect","Disarm","Rupture","Burning Pact","PowerPotion","True Grit"],"campfire_rested":9,"item_purchase_floors":[13,13,20,20,30,53,53,53],"current_hp_per_floor":[79,79,80,64,64,64,64,51,51,38,62,65,65,71,71,52,80,80,80,80,80,74,69,80,80,80,80,80,80,80,73,80,12,80,74,69,75,75,14,38,38,62,62,66,80,54,54,46,70,47,80,80,80,81,0],"gold":40,"neow_bonus":"THREE_CARDS","is_prod":false,"is_daily":false,"chose_seed":false,"campfire_upgraded":2,"win_rate":0,"timestamp":1565226496,"path_taken":["M","?","M","?","?","R","?","E","T","E","R","M","$","M","R","BOSS","M","M","$","M","M","E","R","?","T","R","?","R","?","E","R","BOSS","M","?","M","$","?","R","?","R","T","M","R","?","?","M","R","BOSS","R","$","E","BOSS"],"build_version":"2019-07-17","purchased_purges":3,"victory":false,"max_hp_per_floor":[80,80,80,80,80,80,80,80,80,80,80,80,80,80,80,80,80,80,80,80,80,80,80,80,80,80,80,80,80,80,80,80,80,80,80,80,80,80,80,80,80,80,80,80,80,80,80,80,80,80,80,80,80,87,87],"card_choices":[{"not_picked":["Pommel Strike","Sentinel"],"picked":"Anger","floor":0.0},{"not_picked":["Headbutt","Perfected Strike"],"picked":"Shrug It Off","floor":1.0},{"not_picked":["Feel No Pain","Twin Strike"],"picked":"Thunderclap","floor":3.0},{"not_picked":["Pommel Strike","Clash"],"picked":"Clothesline","floor":7.0},{"not_picked":["Clash","Limit Break","Flex"],"picked":"SKIP","floor":8.0},{"not_picked":["Anger","Metallicize","Warcry"],"picked":"SKIP","floor":10.0},{"not_picked":["Wild Strike","Body Slam"],"picked":"Havoc","floor":11.0},{"not_picked":["Dropkick","Power Through"],"picked":"Flame Barrier","floor":12.0},{"not_picked":["Whirlwind","Havoc","Inflame"],"picked":"SKIP","floor":14.0},{"not_picked":["Perfected Strike","Whirlwind","Carnage"],"picked":"SKIP","floor":18.0},{"not_picked":["Warcry+1","Infernal Blade","Pommel Strike"],"picked":"SKIP","floor":19.0},{"not_picked":["Wild Strike","Reckless Charge","Anger+1"],"picked":"SKIP","floor":21.0},{"not_picked":["Havoc","Power Through","Twin Strike"],"picked":"SKIP","floor":22.0},{"not_picked":["Pommel Strike","Blood for Blood","Body Slam"],"picked":"SKIP","floor":23.0},{"not_picked":["Corruption","Headbutt"],"picked":"Feel No Pain","floor":24.0},{"not_picked":["Thunderclap+1","Anger+1"],"picked":"Burning Pact","floor":29.0},{"not_picked":["True Grit","Bloodletting","Feed"],"picked":"SKIP","floor":31.0},{"not_picked":["Wild Strike","Thunderclap"],"picked":"Armaments+1","floor":32.0},{"not_picked":["Body Slam+1","Thunderclap+1"],"picked":"Pommel Strike+1","floor":35.0},{"not_picked":["Clothesline","Havoc"],"picked":"Warcry+1","floor":36.0},{"not_picked":["Body Slam","Cleave+1"],"picked":"Disarm+1","floor":37.0},{"not_picked":["Clothesline+1","Pommel Strike"],"picked":"Heavy Blade+1","floor":42.0},{"not_picked":["Infernal Blade","Ghostly Armor","Bloodletting+1"],"picked":"SKIP","floor":44.0},{"not_picked":["True Grit","Twin Strike"],"picked":"Havoc+1","floor":45.0},{"not_picked":["Cleave","Thunderclap"],"picked":"Sentinel+1","floor":46.0},{"not_picked":["Cleave+1","Reckless Charge+1","Dropkick"],"picked":"SKIP","floor":48},{"not_picked":["Carnage+1","Wild Strike+1"],"picked":"Shrug It Off+1","floor":52},{"not_picked":["Infernal Blade+1","Cleave+1"],"picked":"Second Wind","floor":54}],"player_experience":200610,"relics_obtained":[{"floor":5.0,"key":"Happy Flower"},{"floor":8.0,"key":"Dream Catcher"},{"floor":9.0,"key":"The Courier"},{"floor":10.0,"key":"Centennial Puzzle"},{"floor":23.0,"key":"Charon\u0027s Ashes"},{"floor":31.0,"key":"Bronze Scales"},{"floor":39.0,"key":"Unceasing Top"},{"floor":43.0,"key":"Nunchaku"},{"floor":54,"key":"Strawberry"}],"event_choices":[{"cards_removed":["Strike_R"],"damage_healed":0.0,"max_hp_gain":0.0,"max_hp_loss":0.0,"gold_gain":0.0,"event_name":"The Cleric","player_choice":"Card Removal","floor":2.0,"gold_loss":50.0,"damage_taken":0.0},{"damage_healed":0.0,"max_hp_gain":0.0,"max_hp_loss":0.0,"gold_gain":0.0,"event_name":"Shining Light","player_choice":"Entered Light","floor":4.0,"gold_loss":0.0,"damage_taken":16.0,"cards_upgraded":["Defend_R","Strike_R"]},{"damage_healed":0.0,"max_hp_gain":0.0,"max_hp_loss":0.0,"gold_gain":0.0,"event_name":"Drug Dealer","player_choice":"Obtain J.A.X.","floor":28.0,"gold_loss":0.0,"damage_taken":0.0,"cards_obtained":["J.A.X."]},{"damage_healed":0.0,"max_hp_gain":0.0,"max_hp_loss":0.0,"gold_gain":0.0,"event_name":"Mysterious Sphere","player_choice":"Fight","floor":39.0,"gold_loss":0.0,"damage_taken":0.0},{"damage_healed":0.0,"max_hp_gain":0.0,"max_hp_loss":0.0,"gold_gain":0.0,"event_name":"Match and Keep!","player_choice":"2 cards matched","floor":41.0,"gold_loss":0.0,"damage_taken":0.0,"cards_obtained":["Thunderclap","PanicButton"]},{"cards_removed":["Rupture"],"damage_healed":0.0,"max_hp_gain":0.0,"max_hp_loss":0.0,"gold_gain":0.0,"event_name":"Falling","player_choice":"Removed Power","floor":47.0,"gold_loss":0.0,"damage_taken":0.0}],"is_beta":false,"boss_relics":[{"not_picked":["Velvet Choker","Orrery"],"picked":"Fusion Hammer"},{"not_picked":["Runic Pyramid","Tiny House"],"picked":"Pandora\u0027s Box"}],"items_purged_floors":[13,38,53],"is_endless":false,"potions_floor_spawned":[1,3,7,16,22,31,33,36,37,44,48,54],"killed_by":"The Heart","ascension_level":0}