{"gold_per_floor":[360,310,235,245,268,268,268,268,268,303,303,321,331,347,347,448,448,465,465,390,390,64,64,89,89,89,89,123,138,150,180,180,279,279,299,374,388,388,70,97,97,107,107,107,140,140,140,140,140,140,140,140,12,45,45],"floor_reached":55,"playtime":11817,"items_purged":["Strike_B","Defend_B","Defend_B"],"score":927,"play_id":"95b40c6c-f4d8-4f12-8230-59b54c518563","local_time":"20190616230101","is_ascension_mode":false,"campfire_choices":[{"floor":6.0,"key":"RECALL"},{"data":"Defragment","floor":8.0,"key":"SMITH"},{"floor":15.0,"key":"REST"},{"data":"Fission","floor":23.0,"key":"SMITH"},{"data":"Loop","floor":25.0,"key":"SMITH"},{"data":"Ghostly","floor":32.0,"key":"SMITH"},{"floor":41.0,"key":"REST"},{"data":"Seek","floor":44.0,"key":"SMITH"},{"data":"Darkness","floor":49.0,"key":"SMITH"},{"data":"FTL","floor":52,"key":"SMITH"}],"neow_cost":"TEN_PERCENT_HP_LOSS","seed_source_timestamp":0,"circlet_count":0,"master_deck":["Defend_B","Zap","Dualcast","Defragment+1","Rip and Tear+1","Undo","Conserve Battery","Sweeping Beam","Genetic Algorithm","Fission+1","Darkness+1","Ghostly","Ghostly","Ghostly","Ghostly","Ghostly+1","Coolheaded","Loop+1","FTL+1","Leap","Seek+1","Streamline+1","Biased Cognition+1","Doubt","Master of Strategy","Steam Power"],"special_seed":0,"relics":["Cracked Core","Shuriken","Lantern","Black Star","Orichalcum","Incense Burner","Frozen Egg 2","Pear","Torii","Ice Cream","PreservedInsect","Cables","Cursed Key","Medical Kit","Bronze Scales","Blood Vial","Gambling Chip","Prayer Wheel","Bottled Flame","Vajra","Oddly Smooth Stone"],"potions_floor_usage":[55,55],"damage_taken":[{"damage":0.0,"enemies":"Small Slimes","floor":1.0,"turns":3.0},{"damage":1.0,"enemies":"Jaw Worm","floor":4.0,"turns":3.0},{"damage":50.0,"enemies":"3 Sentries","floor":10.0,"turns":11.0},{"damage":0.0,"enemies":"Cultist","floor":12.0,"turns":3.0},{"damage":0.0,"enemies":"Large Slime","floor":13.0,"turns":4.0},{"damage":0.0,"enemies":"Looter","floor":14.0,"turns":2.0},{"damage":16.0,"enemies":"Slime Boss","floor":16.0,"turns":11.0},{"damage":5.0,"enemies":"Shell Parasite","floor":18.0,"turns":10.0},{"damage":0.0,"enemies":"Gremlin Leader","floor":24.0,"turns":9.0},{"damage":0.0,"enemies":"Book of Stabbing","floor":28.0,"turns":6.0},{"damage":1.0,"enemies":"3 Byrds","floor":29.0,"turns":5.0},{"damage":0.0,"enemies":"Snake Plant","floor":30.0,"turns":4.0},{"damage":0.0,"enemies":"Slavers","floor":31.0,"turns":8.0},{"damage":19.0,"enemies":"Automaton","floor":33.0,"turns":12.0},{"damage":0.0,"enemies":"3 Darklings","floor":35.0,"turns":5.0},{"damage":1.0,"enemies":"3 Shapes","floor":37.0,"turns":7.0},{"damage":12.0,"enemies":"Reptomancer","floor":40.0,"turns":7.0},{"damage":0.0,"enemies":"Transient","floor":42.0,"turns":5.0},{"damage":0.0,"enemies":"Nemesis","floor":45.0,"turns":5.0},{"damage":8.0,"enemies":"Awakened One","floor":50.0,"turns":13.0},{"damage":0,"enemies":"Shield and Spear","floor":54,"turns":5},{"damage":44,"enemies":"The Heart","floor":55,"turns":9}],"seed_played":"-1533438790194527397","potions_obtained":[{"floor":10.0,"key":"AttackPotion"},{"floor":12.0,"key":"GamblersBrew"},{"floor":13.0,"key":"PowerPotion"},{"floor":16.0,"key":"Block Potion"},{"floor":40.0,"key":"AttackPotion"},{"floor":45.0,"key":"SneckoOil"}],"is_trial":false,"path_per_floor":["M","?","$","M","T","R","?","R","T","E","?","M","M","M","R","B",null,"M","?","?","?","$","R","E","R","T","?","E","M","M","E","R","B",null,"M","?","M","?","$","E","R","M","T","R","E","?","?","$","R","B",null,"R","$","E","B"],"character_chosen":"DEFECT","items_purchased":["Loop","Orichalcum","Medical Kit","FocusPotion","FearPotion"],"campfire_rested":2,"item_purchase_floors":[22,22,39,53,53],"current_hp_per_floor":[68,68,68,67,67,67,67,67,67,17,17,17,17,17,37,21,68,63,34,34,34,34,34,34,34,44,44,44,43,43,43,43,24,44,44,40,39,39,39,27,40,42,42,42,44,44,44,44,44,36,44,44,44,44,0],"gold":45,"neow_bonus":"TWO_FIFTY_GOLD","is_prod":false,"is_daily":false,"chose_seed":false,"campfire_upgraded":7,"win_rate":0,"timestamp":1560718861,"path_taken":["M","?","$","M","?","R","?","R","T","E","?","M","M","M","R","BOSS","M","?","?","?","?","R","E","R","T","?","E","M","M","E","R","BOSS","M","?","?","?","$","E","R","?","T","R","E","?","?","$","R","BOSS","R","$","E","BOSS"],"build_version":"2019-01-23","purchased_purges":3,"victory":false,"max_hp_per_floor":[68,68,68,68,68,68,68,68,68,68,68,68,68,68,68,68,68,68,34,34,34,34,34,34,34,44,44,44,44,44,44,44,44,44,44,44,44,44,44,44,44,44,44,44,44,44,44,44,44,44,44,44,44,44,44],"card_choices":[{"not_picked":["Stack","Gash"],"picked":"Defragment","floor":1.0},{"not_picked":["Turbo","Beam Cell"],"picked":"Rip and Tear","floor":4.0},{"not_picked":["Consume","Blizzard"],"picked":"Undo","floor":10.0},{"not_picked":["Sunder","Hologram"],"picked":"Conserve Battery","floor":12.0},{"not_picked":["Leap","Capacitor"],"picked":"Sweeping Beam","floor":13.0},{"not_picked":["Stack","Thunder Strike"],"picked":"Genetic Algorithm","floor":14.0},{"not_picked":["Creative AI","Multi-Cast"],"picked":"Fission","floor":16.0},{"not_picked":["Redo+1","Hologram"],"picked":"Darkness","floor":18.0},{"not_picked":["Redo","Conserve Battery","Go for the Eyes"],"picked":"SKIP","floor":24.0},{"not_picked":["Loop+1","Force Field+1"],"picked":"FTL","floor":28.0},{"not_picked":["Heatsinks+1","Stack","Darkness"],"picked":"SKIP","floor":29.0},{"not_picked":["Barrage","Reprogram"],"picked":"Leap","floor":30.0},{"not_picked":["Force Field","Turbo","Steam"],"picked":"SKIP","floor":31.0},{"not_picked":["Creative AI+1","Rainbow"],"picked":"Seek","floor":33.0},{"not_picked":["Compile Driver+1","BootSequence+1","Conserve Battery+1"],"picked":"SKIP","floor":35.0},{"not_picked":["Sweeping Beam+1","Conserve Battery+1"],"picked":"Streamline+1","floor":37.0},{"not_picked":["Gash+1","Leap+1","Conserve Battery"],"picked":"SKIP","floor":40.0},{"not_picked":["Defragment+1","Turbo"],"picked":"Biased Cognition+1","floor":42.0},{"not_picked":["Stack","Barrage","Hologram+1"],"picked":"SKIP","floor":45.0},{"not_picked":["Chrysalis","Metamorphosis"],"picked":"Master of Strategy","floor":46.0},{"not_picked":["Ball Lightning","Stack+1","Storm+1"],"picked":"SKIP","floor":54}],"player_experience":148154,"relics_obtained":[{"floor":9.0,"key":"Shuriken"},{"floor":10.0,"key":"Lantern"},{"floor":24.0,"key":"Incense Burner"},{"floor":24.0,"key":"Frozen Egg 2"},{"floor":26.0,"key":"Pear"},{"floor":28.0,"key":"Torii"},{"floor":28.0,"key":"Ice Cream"},{"floor":31.0,"key":"PreservedInsect"},{"floor":31.0,"key":"Cables"},{"floor":40.0,"key":"Bronze Scales"},{"floor":40.0,"key":"Blood Vial"},{"floor":43.0,"key":"Gambling Chip"},{"floor":45.0,"key":"Prayer Wheel"},{"floor":45.0,"key":"Bottled Flame"},{"floor":54,"key":"Vajra"},{"floor":54,"key":"Oddly Smooth Stone"}],"event_choices":[{"cards_removed":["Strike_B"],"damage_healed":0.0,"max_hp_gain":0.0,"max_hp_loss":0.0,"gold_gain":0.0,"event_name":"The Cleric","player_choice":"Card Removal","floor":2.0,"gold_loss":50.0,"damage_taken":0.0},{"damage_healed":0.0,"max_hp_gain":0.0,"max_hp_loss":0.0,"gold_gain":0.0,"event_name":"Liars Game","player_choice":"Ignored","floor":7.0,"gold_loss":0.0,"damage_taken":0.0},{"damage_healed":0.0,"max_hp_gain":0.0,"max_hp_loss":0.0,"gold_gain":0.0,"event_name":"Accursed Blacksmith","player_choice":"Forge","floor":11.0,"gold_loss":0.0,"damage_taken":0.0,"cards_upgraded":["Rip and Tear"]},{"damage_healed":0.0,"max_hp_gain":0.0,"max_hp_loss":34.0,"gold_gain":0.0,"event_name":"Ghosts","player_choice":"Became a Ghost","floor":19.0,"gold_loss":0.0,"damage_taken":0.0,"cards_obtained":["Ghostly","Ghostly","Ghostly","Ghostly","Ghostly"]},{"cards_removed":["Strike_B"],"damage_healed":0.0,"max_hp_gain":0.0,"max_hp_loss":0.0,"gold_gain":0.0,"event_name":"Beggar","player_choice":"Gave Gold","floor":20.0,"gold_loss":75.0,"damage_taken":0.0},{"damage_healed":0.0,"max_hp_gain":0.0,"max_hp_loss":0.0,"gold_gain":0.0,"event_name":"The Library","player_choice":"Read","floor":21.0,"gold_loss":0.0,"damage_taken":0.0,"cards_obtained":["Coolheaded"]},{"damage_healed":0.0,"max_hp_gain":0.0,"max_hp_loss":0.0,"gold_gain":0.0,"event_name":"Vampires","player_choice":"Ignored","floor":27.0,"gold_loss":0.0,"damage_taken":0.0},{"damage_healed":0.0,"max_hp_gain":0.0,"max_hp_loss":0.0,"gold_gain":75.0,"event_name":"FaceTrader","player_choice":"Touch","floor":36.0,"gold_loss":0.0,"damage_taken":4.0},{"cards_removed":["Strike_B"],"damage_healed":0.0,"max_hp_gain":0.0,"max_hp_loss":0.0,"gold_gain":0.0,"event_name":"Purifier","player_choice":"Purged","floor":38.0,"gold_loss":0.0,"damage_taken":0.0},{"damage_healed":0.0,"max_hp_gain":0.0,"max_hp_loss":0.0,"gold_gain":0.0,"event_name":"SensoryStone","player_choice":"Memory 1","floor":46.0,"gold_loss":0.0,"damage_taken":0.0},{"damage_healed":0.0,"max_hp_gain":0.0,"max_hp_loss":0.0,"gold_gain":0.0,"cards_transformed":["Defend_B"],"event_name":"Transmorgrifier","player_choice":"Transformed","floor":47.0,"gold_loss":0.0,"damage_taken":0.0,"cards_obtained":["Steam Power"]}],"is_beta":false,"boss_relics":[{"not_picked":["Runic Pyramid","Orrery"],"picked":"Black Star"},{"not_picked":["Calling Bell","Coffee Dripper"],"picked":"Cursed Key"}],"items_purged_floors":[3,22,39],"is_endless":false,"potions_floor_spawned":[10,12,13,16,18,31,40,45],"killed_by":"The Heart","ascension_level":0}