{"gold_per_floor":[113,132,17,35,35,35,52,86,86,97,129,140,140,67,67,164,164,183,203,223,148,168,198,198,298,347,360,360,372,372,391,391,490,490,503,513,513,513,524,524,538,538,538,24,44,55,387,412,412,412],"floor_reached":51,"playtime":4191,"items_purged":["Strike_B","Strike_B"],"score":713,"play_id":"7ff5fd77-0c53-41ee-bf5c-a114adc87598","local_time":"20190717223925","is_ascension_mode":false,"campfire_choices":[{"data":"Defragment","floor":6,"key":"SMITH"},{"floor":13,"key":"REST"},{"data":"Defragment","floor":15,"key":"SMITH"},{"data":"Zap","floor":24,"key":"SMITH"},{"data":"Coolheaded","floor":28,"key":"SMITH"},{"data":"Dualcast","floor":30,"key":"SMITH"},{"data":"Ball Lightning","floor":32,"key":"SMITH"},{"floor":40,"key":"RECALL"},{"floor":42,"key":"REST"},{"floor":49,"key":"REST"}],"neow_cost":"CURSE","seed_source_timestamp":29281066911200,"circlet_count":0,"master_deck":["Defend_B","Defend_B","Zap+1","Dualcast+1","Clumsy","Ball Lightning+1","Capacitor","Defragment+1","Conserve Battery+1","Coolheaded+1","Conserve Battery","Barrage","White Noise+1","Sweeping Beam","Chill","Defragment+1","Reboot","BootSequence+1","Hyperbeam+1","All For One+1","Barrage+1","Go for the Eyes","Auto Shields","Loop+1","Machine Learning","Barrage+1","Glacier+1","Conserve Battery+1","Blizzard","Machine Learning","Madness","Madness","Redo+1","Tempest","Secret Weapon","Amplify","Doom and Gloom+1","White Noise+1","Coolheaded+1"],"relics":["Cracked Core","Bird Faced Urn","Mercury Hourglass","Du-Vu Doll","Prayer Wheel","Astrolabe","Blood Vial","Lantern","Fusion Hammer","Art of War","War Paint","Old Coin","Pen Nib"],"potions_floor_usage":[7,7,8,8,11,12,19,27,45,47,50,50,50],"damage_taken":[{"damage":0,"enemies":"Small Slimes","floor":1,"turns":3},{"damage":1,"enemies":"Cultist","floor":2,"turns":3},{"damage":3,"enemies":"Jaw Worm","floor":4,"turns":3},{"damage":37,"enemies":"Gremlin Gang","floor":7,"turns":5},{"damage":12,"enemies":"Gremlin Nob","floor":8,"turns":4},{"damage":4,"enemies":"Large Slime","floor":10,"turns":4},{"damage":11,"enemies":"Lagavulin","floor":11,"turns":5},{"damage":1,"enemies":"Exordium Thugs","floor":12,"turns":3},{"damage":4,"enemies":"The Guardian","floor":16,"turns":7},{"damage":0,"enemies":"Chosen","floor":18,"turns":4},{"damage":0,"enemies":"Shell Parasite","floor":19,"turns":4},{"damage":0,"enemies":"Centurion and Healer","floor":20,"turns":6},{"damage":1,"enemies":"Snecko","floor":22,"turns":4},{"damage":5,"enemies":"Gremlin Leader","floor":23,"turns":5},{"damage":7,"enemies":"Snake Plant","floor":27,"turns":5},{"damage":0,"enemies":"Cultist and Chosen","floor":29,"turns":5},{"damage":0,"enemies":"Chosen and Byrds","floor":31,"turns":6},{"damage":1,"enemies":"Automaton","floor":33,"turns":9},{"damage":0,"enemies":"3 Shapes","floor":35,"turns":4},{"damage":0,"enemies":"3 Darklings","floor":36,"turns":3},{"damage":1,"enemies":"Spire Growth","floor":39,"turns":5},{"damage":22,"enemies":"Jaw Worm Horde","floor":41,"turns":4},{"damage":0,"enemies":"Transient","floor":45,"turns":5},{"damage":0,"enemies":"3 Darklings","floor":46,"turns":1},{"damage":14,"enemies":"Nemesis","floor":47,"turns":5},{"damage":37,"enemies":"Awakened One","floor":50,"turns":11}],"seed_played":"-3479127662922328056","potions_obtained":[{"floor":4,"key":"EntropicBrew"},{"floor":7,"key":"FearPotion"},{"floor":11,"key":"LiquidBronze"},{"floor":16,"key":"PowerPotion"},{"floor":18,"key":"Energy Potion"},{"floor":23,"key":"SpeedPotion"},{"floor":27,"key":"Block Potion"},{"floor":35,"key":"SteroidPotion"},{"floor":41,"key":"PowerPotion"},{"floor":46,"key":"Block Potion"},{"floor":47,"key":"Ancient Potion"}],"is_trial":false,"path_per_floor":["M","M","$","M","$","R","M","E","T","M","E","M","R","$","R","B",null,"M","M","M","?","M","E","R","?","T","M","R","M","R","M","R","B",null,"M","M","?","?","M","R","M","R","T","$","M","M","E","T","R","B",null],"character_chosen":"DEFECT","items_purchased":["Defragment","Defragment","War Paint","Secret Weapon","Amplify"],"campfire_rested":3,"item_purchase_floors":[3,14,44,44,44],"current_hp_per_floor":[75,74,74,71,71,71,36,26,26,24,17,18,40,40,40,44,75,75,75,75,75,74,75,75,75,75,70,70,75,75,75,75,74,75,75,75,66,66,75,75,59,75,75,75,75,75,63,63,75,67],"gold":412,"neow_bonus":"ONE_RARE_RELIC","is_prod":false,"is_daily":false,"chose_seed":false,"campfire_upgraded":6,"win_rate":0,"timestamp":1563417565,"path_taken":["M","M","$","M","$","R","M","E","T","M","E","M","R","$","R","BOSS","M","M","M","?","M","E","R","?","T","?","R","M","R","M","R","BOSS","M","M","?","?","M","R","M","R","T","$","M","M","E","?","R","BOSS"],"build_version":"2019-07-05","purchased_purges":2,"victory":true,"max_hp_per_floor":[75,75,75,75,75,75,75,75,75,75,75,75,75,75,75,75,75,75,75,75,75,75,75,75,75,75,75,75,75,75,75,75,75,75,75,75,75,75,75,75,75,75,75,75,75,75,75,75,75,75],"card_choices":[{"not_picked":["Gash","Streamline"],"picked":"Ball Lightning","floor":1},{"not_picked":["Undo","Cold Snap"],"picked":"Capacitor","floor":2},{"not_picked":["Steam Power","Beam Cell"],"picked":"Conserve Battery","floor":4},{"not_picked":["Streamline","Darkness"],"picked":"Coolheaded","floor":7},{"not_picked":["Reinforced Body","Coolheaded"],"picked":"Conserve Battery","floor":8},{"not_picked":["Hologram","Stack"],"picked":"Barrage","floor":10},{"not_picked":["Rip and Tear","Meteor Strike"],"picked":"White Noise","floor":11},{"not_picked":["Steam","Redo"],"picked":"Sweeping Beam","floor":12},{"not_picked":["Streamline","Aggregate"],"picked":"Chill","floor":12},{"not_picked":["Creative AI","Rainbow"],"picked":"Reboot","floor":16},{"not_picked":["Turbo+1","Streamline"],"picked":"Barrage+1","floor":18},{"not_picked":["Rebound","Steam"],"picked":"Go for the Eyes","floor":18},{"not_picked":["Defragment","Skim+1"],"picked":"Auto Shields","floor":19},{"not_picked":["Barrage","Sweeping Beam","Turbo+1"],"picked":"SKIP","floor":19},{"not_picked":["Lockon","Hologram"],"picked":"Loop+1","floor":20},{"not_picked":["Steam Power+1","Leap","Darkness"],"picked":"SKIP","floor":20},{"not_picked":["Conserve Battery+1","Skim+1"],"picked":"Machine Learning","floor":22},{"not_picked":["Stack","Gash","Steam"],"picked":"SKIP","floor":22},{"not_picked":["Turbo","Streamline","Rebound"],"picked":"SKIP","floor":23},{"not_picked":["Stack+1","Turbo+1"],"picked":"Barrage+1","floor":27},{"not_picked":["Reboot","Compile Driver"],"picked":"Glacier+1","floor":27},{"not_picked":["Rebound","Cold Snap"],"picked":"Conserve Battery+1","floor":29},{"not_picked":["Cold Snap","Reprogram","Reinforced Body"],"picked":"SKIP","floor":29},{"not_picked":["Recycle","Coolheaded+1","Redo"],"picked":"SKIP","floor":31},{"not_picked":["Streamline","Ball Lightning","Rainbow"],"picked":"SKIP","floor":31},{"not_picked":["Darkness+1","Turbo+1"],"picked":"Blizzard","floor":35},{"not_picked":["Hologram+1","Turbo+1","Rebound"],"picked":"SKIP","floor":35},{"not_picked":["Conserve Battery","Scrape"],"picked":"Machine Learning","floor":36},{"not_picked":["Scrape+1","Double Energy","Leap+1"],"picked":"SKIP","floor":36},{"not_picked":["Barrage","Double Energy+1"],"picked":"Redo+1","floor":39},{"not_picked":["Beam Cell","Gash+1","Self Repair+1"],"picked":"SKIP","floor":39},{"not_picked":["Hyperbeam","Leap"],"picked":"Tempest","floor":41},{"not_picked":["Cold Snap+1","Sweeping Beam+1","Go for the Eyes+1"],"picked":"SKIP","floor":41},{"not_picked":["Gash+1","Conserve Battery+1"],"picked":"Doom and Gloom+1","floor":45},{"not_picked":["Beam Cell","Doom and Gloom+1","Barrage"],"picked":"SKIP","floor":45},{"not_picked":["Compile Driver","Conserve Battery"],"picked":"White Noise+1","floor":46},{"not_picked":["Streamline","BootSequence","Redo"],"picked":"SKIP","floor":46},{"not_picked":["Sweeping Beam","All For One"],"picked":"Coolheaded+1","floor":47}],"player_experience":252340,"relics_obtained":[{"floor":8,"key":"Mercury Hourglass"},{"floor":9,"key":"Du-Vu Doll"},{"floor":11,"key":"Prayer Wheel"},{"floor":23,"key":"Blood Vial"},{"floor":26,"key":"Lantern"},{"floor":43,"key":"Art of War"},{"floor":47,"key":"Old Coin"},{"floor":48,"key":"Pen Nib"}],"event_choices":[{"cards_removed":["Defend_B"],"damage_healed":0,"gold_gain":0,"player_choice":"Gave Gold","damage_taken":0,"max_hp_gain":0,"max_hp_loss":0,"event_name":"Beggar","floor":21,"gold_loss":75},{"damage_healed":0,"gold_gain":100,"player_choice":"Pray","damage_taken":0,"max_hp_gain":0,"max_hp_loss":0,"event_name":"Golden Shrine","floor":25,"gold_loss":0},{"damage_healed":0,"gold_gain":0,"player_choice":"Embrace Madness","damage_taken":9,"max_hp_gain":0,"max_hp_loss":0,"event_name":"Winding Halls","floor":37,"gold_loss":0,"cards_obtained":["Madness","Madness"]},{"damage_healed":0,"gold_gain":0,"player_choice":"Ignored","damage_taken":0,"max_hp_gain":0,"max_hp_loss":0,"event_name":"Tomb of Lord Red Mask","floor":38,"gold_loss":0}],"is_beta":false,"boss_relics":[{"not_picked":["Lizard Tail","Black Star"],"picked":"Astrolabe"},{"not_picked":["Orrery","Runic Dome"],"picked":"Fusion Hammer"}],"items_purged_floors":[3,44],"is_endless":false,"potions_floor_spawned":[4,7,11,16,18,23,27,35,41,46,47],"ascension_level":0}