{"gold_per_floor":[118,132,132,82,257,257,92,111,136,153,53,87,87,97,97,193,243,255,255,170,13,29,63,63,63,63,63,63,63,98,109,109,109],"floor_reached":33,"playtime":2001,"items_purged":["Doubt","Strike_R"],"score":281,"play_id":"87bf153a-9a29-4277-97dc-6d2fe727fa6f","local_time":"20190715220719","is_ascension_mode":false,"campfire_choices":[{"data":"Pommel Strike","floor":6,"key":"SMITH"},{"data":"Flex","floor":13,"key":"SMITH"},{"data":"Uppercut","floor":15,"key":"SMITH"},{"floor":24,"key":"REST"},{"data":"Ghostly Armor","floor":27,"key":"SMITH"},{"data":"Metallicize","floor":29,"key":"SMITH"},{"data":"Shrug It Off","floor":32,"key":"SMITH"}],"neow_cost":"NONE","seed_source_timestamp":211477407790100,"circlet_count":0,"master_deck":["Strike_R","Strike_R+1","Defend_R","Defend_R+1","Defend_R","Bash+1","Pommel Strike+1","Ghostly Armor+1","Dark Shackles+1","Flex+1","Uppercut+1","Heavy Blade+1","Clash","Limit Break","Metallicize+1","Headbutt+1","Shrug It Off+1"],"relics":["Burning Blood","Whetstone","Orichalcum","Tiny House","MutagenicStrength","War Paint","Lantern","Pen Nib","Frozen Egg 2","Peace Pipe"],"potions_floor_usage":[12,18,18,18,30],"damage_taken":[{"damage":8,"enemies":"Cultist","floor":1,"turns":6},{"damage":0,"enemies":"Small Slimes","floor":2,"turns":2},{"damage":1,"enemies":"Jaw Worm","floor":8,"turns":2},{"damage":1,"enemies":"Looter","floor":10,"turns":2},{"damage":8,"enemies":"Lagavulin","floor":12,"turns":6},{"damage":3,"enemies":"Exordium Wildlife","floor":14,"turns":5},{"damage":18,"enemies":"The Guardian","floor":16,"turns":9},{"damage":7,"enemies":"3 Byrds","floor":18,"turns":7},{"damage":18,"enemies":"Spheric Guardian","floor":22,"turns":4},{"damage":67,"enemies":"Gremlin Leader","floor":23,"turns":7},{"damage":6,"enemies":"Book of Stabbing","floor":30,"turns":3},{"damage":0,"enemies":"Snecko","floor":31,"turns":4},{"damage":88,"enemies":"Collector","floor":33,"turns":6}],"seed_played":"8403059641094058730","potions_obtained":[{"floor":8,"key":"Block Potion"},{"floor":10,"key":"SneckoOil"},{"floor":14,"key":"Swift Potion"},{"floor":16,"key":"PowerPotion"},{"floor":17,"key":"Block Potion"},{"floor":22,"key":"Ancient Potion"},{"floor":23,"key":"PowerPotion"},{"floor":31,"key":"GamblersBrew"}],"is_trial":false,"path_per_floor":["M","M","?","?","?","R","$","M","T","M","$","E","R","M","R","B",null,"M","?","?","$","M","E","R","?","T","R","?","R","E","M","R","B"],"character_chosen":"IRONCLAD","items_purchased":["Dark Shackles","Lantern"],"campfire_rested":1,"item_purchase_floors":[7,21],"current_hp_per_floor":[78,80,80,80,80,80,80,80,80,80,80,78,78,80,80,68,85,84,84,84,84,72,11,36,36,36,36,64,64,64,70,70,0],"gold":109,"neow_bonus":"REMOVE_CARD","is_prod":false,"is_daily":false,"chose_seed":false,"campfire_upgraded":6,"win_rate":0,"timestamp":1563242839,"path_taken":["M","?","?","?","?","R","$","?","T","M","$","E","R","M","R","BOSS","M","?","?","$","M","E","R","?","T","R","?","R","E","M","R","BOSS"],"build_version":"2019-07-05","purchased_purges":2,"victory":false,"max_hp_per_floor":[80,80,80,80,80,80,80,80,80,80,80,80,80,80,80,80,85,85,85,85,85,85,85,85,85,85,85,85,85,85,85,85,85],"card_choices":[{"not_picked":["Thunderclap","True Grit"],"picked":"Pommel Strike","floor":1},{"not_picked":["Warcry","Clash"],"picked":"Ghostly Armor","floor":2},{"not_picked":["Seeing Red","Hemokinesis"],"picked":"Flex","floor":8},{"not_picked":["Armaments","Iron Wave"],"picked":"Uppercut","floor":10},{"not_picked":["Thunderclap","Combust"],"picked":"Heavy Blade","floor":12},{"not_picked":["Body Slam","Wild Strike"],"picked":"Clash","floor":14},{"not_picked":["Reaper","Feed"],"picked":"Limit Break","floor":16},{"not_picked":["Warcry","Body Slam"],"picked":"Metallicize","floor":18},{"not_picked":["Clothesline","Perfected Strike+1","Fire Breathing"],"picked":"SKIP","floor":22},{"not_picked":["Havoc","Wild Strike"],"picked":"Headbutt+1","floor":23},{"not_picked":["Rupture+1","Offering","Sword Boomerang"],"picked":"SKIP","floor":30},{"not_picked":["Headbutt+1","Pommel Strike"],"picked":"Shrug It Off","floor":31}],"player_experience":197119,"relics_obtained":[{"floor":9,"key":"Whetstone"},{"floor":12,"key":"Orichalcum"},{"floor":23,"key":"Pen Nib"},{"floor":26,"key":"Frozen Egg 2"},{"floor":30,"key":"Peace Pipe"}],"event_choices":[{"cards_removed":["Defend_R"],"damage_healed":0,"gold_gain":0,"player_choice":"Forget","damage_taken":0,"max_hp_gain":0,"max_hp_loss":0,"event_name":"Living Wall","floor":3,"gold_loss":0},{"cards_removed":["Strike_R"],"damage_healed":0,"gold_gain":0,"player_choice":"Card Removal","damage_taken":0,"max_hp_gain":0,"max_hp_loss":0,"event_name":"The Cleric","floor":4,"gold_loss":50},{"damage_healed":0,"gold_gain":175,"player_choice":"AGREE","damage_taken":0,"max_hp_gain":0,"max_hp_loss":0,"event_name":"Liars Game","floor":5,"gold_loss":0,"cards_obtained":["Doubt"]},{"damage_healed":0,"gold_gain":0,"player_choice":"Inject Mutagens","damage_taken":0,"relics_obtained":["MutagenicStrength"],"max_hp_gain":0,"max_hp_loss":0,"event_name":"Drug Dealer","floor":19,"gold_loss":0},{"damage_healed":0,"gold_gain":0,"player_choice":"Obtained Relic","damage_taken":0,"relics_obtained":["War Paint"],"max_hp_gain":0,"max_hp_loss":0,"event_name":"Addict","floor":20,"gold_loss":85},{"damage_healed":0,"gold_gain":0,"player_choice":"Ignored","damage_taken":0,"max_hp_gain":0,"max_hp_loss":0,"event_name":"Cursed Tome","floor":25,"gold_loss":0},{"damage_healed":28,"gold_gain":0,"player_choice":"Heal","damage_taken":0,"max_hp_gain":0,"max_hp_loss":0,"event_name":"The Library","floor":28,"gold_loss":0}],"is_beta":false,"boss_relics":[{"not_picked":["White Beast Statue","Snecko Eye"],"picked":"Tiny House"}],"items_purged_floors":[7,11],"is_endless":false,"potions_floor_spawned":[8,10,14,16,22,23,31],"killed_by":"Collector","ascension_level":0}