{"gold_per_floor":[214,47,67,87,87,119,133,164,164,183,217,233,267,281,281,379,379,390,406,422,422,432,432,466,466,466,496,520,548,728,57,57,154,154,166,180,197,210,223,223,256,256,256,284,284,300,310,338,338,338],"floor_reached":50,"playtime":6513,"items_purged":["Strike_G"],"score":951,"play_id":"abf638c9-3600-4bc6-9f34-1a23bd80f6ab","local_time":"20190810230113","is_ascension_mode":true,"campfire_choices":[{"floor":15,"key":"REST"},{"floor":23,"key":"REST"},{"floor":25,"key":"REST"},{"floor":32,"key":"REST"},{"floor":40,"key":"RECALL"},{"floor":42,"key":"DIG"},{"floor":49,"key":"REST"}],"neow_cost":"NONE","seed_source_timestamp":2158599832056299,"circlet_count":0,"master_deck":["Strike_G+1","Strike_G","Defend_G","Defend_G","Defend_G","Defend_G","Defend_G","Survivor","Neutralize","Dagger Throw","Crippling Poison","Well Laid Plans","Dagger Spray","Crippling Poison","Burst","Noxious Fumes","PiercingWail","Dodge and Roll","Dodge and Roll","Dodge and Roll","Bullet Time","Deflect","Noxious Fumes","PiercingWail","Predator","Quick Slash+1","Acrobatics+1","After Image","Blade Dance+1","Thinking Ahead","Bandage Up","Corpse Explosion","Blur+1","Acrobatics+1","Parasite","Dodge and Roll+1","Backflip+1","Doubt","Envenom","Bouncing Flask+1"],"relics":["Ring of the Snake","Oddly Smooth Stone","Strawberry","Art of War","Meat on the Bone","Centennial Puzzle","Fusion Hammer","Lantern","Kunai","Blue Candle","Boot","Smiling Mask","Whetstone","OrangePellets","Cursed Key","Shovel","Toxic Egg 2","Du-Vu Doll","Dream Catcher","Vajra"],"potions_floor_usage":[11,13,13,16,33,33,44,46,50,50,50],"damage_taken":[{"damage":0,"enemies":"Small Slimes","floor":1,"turns":3},{"damage":0,"enemies":"Cultist","floor":3,"turns":4},{"damage":4,"enemies":"Jaw Worm","floor":4,"turns":5},{"damage":11,"enemies":"3 Sentries","floor":6,"turns":8},{"damage":0,"enemies":"Exordium Wildlife","floor":7,"turns":4},{"damage":25,"enemies":"Gremlin Nob","floor":8,"turns":5},{"damage":4,"enemies":"2 Fungi Beasts","floor":10,"turns":3},{"damage":13,"enemies":"Lagavulin","floor":11,"turns":6},{"damage":6,"enemies":"Gremlin Gang","floor":12,"turns":3},{"damage":21,"enemies":"Gremlin Nob","floor":13,"turns":5},{"damage":0,"enemies":"3 Louse","floor":14,"turns":3},{"damage":2,"enemies":"The Guardian","floor":16,"turns":11},{"damage":4,"enemies":"Shell Parasite","floor":18,"turns":9},{"damage":0,"enemies":"3 Byrds","floor":19,"turns":5},{"damage":24,"enemies":"Snake Plant","floor":20,"turns":6},{"damage":2,"enemies":"Snecko","floor":22,"turns":5},{"damage":14,"enemies":"Slavers","floor":24,"turns":5},{"damage":0,"enemies":"Gremlin Leader","floor":27,"turns":7},{"damage":18,"enemies":"Slavers","floor":29,"turns":4},{"damage":0,"enemies":"Automaton","floor":33,"turns":12},{"damage":0,"enemies":"3 Shapes","floor":35,"turns":6},{"damage":0,"enemies":"3 Darklings","floor":36,"turns":3},{"damage":0,"enemies":"Sphere and 2 Shapes","floor":37,"turns":6},{"damage":2,"enemies":"4 Shapes","floor":38,"turns":4},{"damage":3,"enemies":"Writhing Mass","floor":39,"turns":7},{"damage":2,"enemies":"Giant Head","floor":41,"turns":10},{"damage":20,"enemies":"Reptomancer","floor":44,"turns":6},{"damage":6,"enemies":"Sphere and 2 Shapes","floor":46,"turns":4},{"damage":1,"enemies":"Spire Growth","floor":47,"turns":6},{"damage":22,"enemies":"Giant Head","floor":48,"turns":8},{"damage":80,"enemies":"Time Eater","floor":50,"turns":12}],"seed_played":"3332715722757465876","potions_obtained":[{"floor":3,"key":"SkillPotion"},{"floor":7,"key":"Swift Potion"},{"floor":8,"key":"SkillPotion"},{"floor":14,"key":"FearPotion"},{"floor":20,"key":"SpeedPotion"},{"floor":29,"key":"Ancient Potion"},{"floor":37,"key":"Fire Potion"},{"floor":38,"key":"GamblersBrew"},{"floor":41,"key":"Swift Potion"},{"floor":44,"key":"SteroidPotion"},{"floor":48,"key":"GhostInAJar"}],"is_trial":false,"path_per_floor":["M","$","M","M","?","E","M","E","T","M","E","M","E","M","R","B",null,"M","M","M","?","M","R","E","R","T","E","T","E","?","$","R","B",null,"M","M","M","M","M","R","E","R","T","E","?","M","M","E","R","B"],"character_chosen":"THE_SILENT","items_purchased":["Crippling Poison","Well Laid Plans","Dagger Spray","Thinking Ahead","Whetstone","OrangePellets","Bandage Up"],"campfire_rested":5,"item_purchase_floors":[2,2,2,31,31,31,31],"current_hp_per_floor":[70,70,70,66,66,55,55,37,37,33,20,26,17,29,52,50,70,66,66,42,42,40,63,49,72,72,72,72,54,33,33,56,60,73,77,77,77,75,76,76,75,75,75,59,59,57,60,46,69,0],"gold":338,"neow_bonus":"HUNDRED_GOLD","is_prod":false,"is_daily":false,"chose_seed":false,"campfire_upgraded":0,"win_rate":0,"timestamp":1565467273,"path_taken":["M","$","M","M","?","E","M","E","T","M","E","?","E","?","R","BOSS","M","M","M","?","M","R","E","R","T","E","?","E","?","$","R","BOSS","M","M","M","M","?","R","E","R","T","E","?","M","M","E","R","BOSS"],"build_version":"2019-07-17","purchased_purges":1,"victory":false,"max_hp_per_floor":[70,70,70,70,70,70,70,77,77,77,77,77,77,77,77,77,77,77,77,77,77,77,77,77,77,77,77,77,77,77,77,77,77,77,77,77,77,77,77,77,77,77,77,77,77,77,77,77,77,77],"card_choices":[{"not_picked":["Cloak And Dagger","Accuracy"],"picked":"Dagger Throw","floor":1},{"not_picked":["Concentrate","Underhanded Strike"],"picked":"Crippling Poison","floor":3},{"not_picked":["Calculated Gamble","Slice","Sucker Punch"],"picked":"SKIP","floor":4},{"not_picked":["Acrobatics","Dagger Spray","Poisoned Stab"],"picked":"SKIP","floor":6},{"not_picked":["Leg Sweep","Quick Slash"],"picked":"Noxious Fumes","floor":7},{"not_picked":["Endless Agony","Blade Dance","Slice"],"picked":"SKIP","floor":8},{"not_picked":["Skewer","Reflex"],"picked":"PiercingWail","floor":10},{"not_picked":["After Image","Quick Slash"],"picked":"Dodge and Roll","floor":11},{"not_picked":["Outmaneuver","Deadly Poison","Bane"],"picked":"SKIP","floor":12},{"not_picked":["Prepared","Venomology"],"picked":"Dodge and Roll","floor":13},{"not_picked":["Underhanded Strike","Cloak And Dagger"],"picked":"Dodge and Roll","floor":14},{"not_picked":["Unload","A Thousand Cuts"],"picked":"Bullet Time","floor":16},{"not_picked":["Eviscerate+1","Masterful Stab"],"picked":"Deflect","floor":18},{"not_picked":["Underhanded Strike","Finisher"],"picked":"Noxious Fumes","floor":19},{"not_picked":["Accuracy","Skewer+1"],"picked":"PiercingWail","floor":20},{"not_picked":["Crippling Poison","Cloak And Dagger"],"picked":"Acrobatics+1","floor":22},{"not_picked":["Blur","Deadly Poison"],"picked":"After Image","floor":24},{"not_picked":["Catalyst","Quick Slash"],"picked":"Blade Dance+1","floor":27},{"not_picked":["Eviscerate","Skewer","Flechettes"],"picked":"SKIP","floor":29},{"not_picked":["Night Terror","Wraith Form v2"],"picked":"Corpse Explosion","floor":33},{"not_picked":["Quick Slash+1","Sucker Punch","Concentrate+1"],"picked":"SKIP","floor":35},{"not_picked":["Flying Knee","Bane"],"picked":"Blur+1","floor":36},{"not_picked":["Deadly Poison","Slice"],"picked":"Acrobatics+1","floor":37},{"not_picked":["Outmaneuver","Deflect+1","Bane"],"picked":"SKIP","floor":38},{"not_picked":["Flying Knee+1","Bullet Time"],"picked":"Dodge and Roll+1","floor":39},{"not_picked":["Tactician+1","All Out Attack"],"picked":"Backflip+1","floor":41},{"not_picked":["PiercingWail+1","Outmaneuver+1"],"picked":"Envenom","floor":44},{"not_picked":["Acrobatics+1","Dagger Throw+1"],"picked":"Bouncing Flask+1","floor":46},{"not_picked":["Slice","Poisoned Stab+1","Accuracy"],"picked":"SKIP","floor":47},{"not_picked":["Flechettes+1","Accuracy","Bullet Time+1"],"picked":"SKIP","floor":48}],"player_experience":140933,"relics_obtained":[{"floor":6,"key":"Oddly Smooth Stone"},{"floor":8,"key":"Strawberry"},{"floor":9,"key":"Art of War"},{"floor":11,"key":"Meat on the Bone"},{"floor":13,"key":"Centennial Puzzle"},{"floor":24,"key":"Lantern"},{"floor":26,"key":"Kunai"},{"floor":27,"key":"Blue Candle"},{"floor":28,"key":"Boot"},{"floor":29,"key":"Smiling Mask"},{"floor":41,"key":"Shovel"},{"floor":42,"key":"Toxic Egg 2"},{"floor":43,"key":"Du-Vu Doll"},{"floor":44,"key":"Dream Catcher"},{"floor":48,"key":"Vajra"}],"event_choices":[{"damage_healed":0,"gold_gain":0,"player_choice":"2 cards matched","damage_taken":0,"max_hp_gain":0,"max_hp_loss":0,"event_name":"Match and Keep!","floor":5,"gold_loss":0,"cards_obtained":["Burst","Neutralize"]},{"damage_healed":0,"gold_gain":0,"cards_transformed":["Strike_G","Strike_G"],"player_choice":"Became Test Subject","damage_taken":0,"max_hp_gain":0,"max_hp_loss":0,"event_name":"Drug Dealer","floor":21,"gold_loss":0,"cards_obtained":["Predator","Quick Slash"]},{"damage_healed":0,"gold_gain":180,"player_choice":"GOLD GOLD ","damage_taken":21,"max_hp_gain":0,"max_hp_loss":0,"event_name":"Knowing Skull","floor":30,"potions_obtained":[],"gold_loss":0,"cards_obtained":[]},{"cards_removed":["Neutralize"],"damage_healed":0,"gold_gain":0,"player_choice":"Removed Attack","damage_taken":0,"max_hp_gain":0,"max_hp_loss":0,"event_name":"Falling","floor":45,"gold_loss":0}],"is_beta":false,"boss_relics":[{"not_picked":["Ring of the Serpent","Eternal Feather"],"picked":"Fusion Hammer"},{"not_picked":["Orrery","WristBlade"],"picked":"Cursed Key"}],"items_purged_floors":[31],"is_endless":false,"potions_floor_spawned":[3,7,8,14,20,29,37,38,41,44,48],"killed_by":"Time Eater","ascension_level":5}