{"gold_per_floor":[111,16,16,34,51,51,61,92,167,167,185,43,61,78,78,183,183,199,199,218,218,231,257,257,172,219,234,252,278,278,11,11,11],"floor_reached":33,"playtime":3664,"items_purged":[],"score":344,"play_id":"0b12076a-e958-4034-a6db-7d7d2f614cdc","local_time":"20190716184610","is_ascension_mode":false,"campfire_choices":[{"data":"Metallicize","floor":6,"key":"SMITH"},{"data":"Fiend Fire","floor":10,"key":"SMITH"},{"data":"Fiend Fire","floor":15,"key":"SMITH"},{"data":"Dual Wield","floor":24,"key":"SMITH"},{"data":"Rupture","floor":30,"key":"SMITH"},{"data":"Apotheosis","floor":32,"key":"SMITH"}],"neow_cost":"NONE","seed_source_timestamp":284145520363300,"circlet_count":0,"master_deck":["Defend_R+1","Defend_R+1","Defend_R+1","Defend_R+1","Bash","Pommel Strike","Flash of Steel","Clothesline","Metallicize+1","Dual Wield+1","Fiend Fire+1","Fiend Fire+1","Ghostly Armor","Reaper","Cleave+1","Bite","Bite","Bite","Bite","Bite","Reckless Charge","Anger","Pommel Strike","Rupture+1","Apotheosis+1","Ghostly Armor"],"relics":["Burning Blood","Dead Branch","Dodecahedron","Regal Pillow","Mercury Hourglass","Potion Belt","Red Mask"],"potions_floor_usage":[18,18,23],"damage_taken":[{"damage":6,"enemies":"Jaw Worm","floor":1,"turns":3},{"damage":1,"enemies":"Cultist","floor":4,"turns":3},{"damage":0,"enemies":"Small Slimes","floor":5,"turns":2},{"damage":3,"enemies":"2 Fungi Beasts","floor":7,"turns":4},{"damage":15,"enemies":"Gremlin Nob","floor":8,"turns":5},{"damage":0,"enemies":"3 Louse","floor":11,"turns":6},{"damage":0,"enemies":"Large Slime","floor":13,"turns":3},{"damage":7,"enemies":"Looter","floor":14,"turns":2},{"damage":0,"enemies":"Slime Boss","floor":16,"turns":3},{"damage":6,"enemies":"3 Byrds","floor":18,"turns":8},{"damage":1,"enemies":"Spheric Guardian","floor":20,"turns":3},{"damage":12,"enemies":"Centurion and Healer","floor":22,"turns":7},{"damage":15,"enemies":"Slavers","floor":23,"turns":6},{"damage":2,"enemies":"3 Cultists","floor":27,"turns":6},{"damage":12,"enemies":"Chosen and Byrds","floor":28,"turns":4},{"damage":12,"enemies":"Masked Bandits","floor":29,"turns":3},{"damage":67,"enemies":"Automaton","floor":33,"turns":6}],"seed_played":"-6766117135115378978","potions_obtained":[{"floor":5,"key":"Ancient Potion"},{"floor":8,"key":"SpeedPotion"},{"floor":11,"key":"Dexterity Potion"},{"floor":18,"key":"SpeedPotion"},{"floor":22,"key":"Block Potion"},{"floor":29,"key":"SkillPotion"}],"is_trial":false,"path_per_floor":["M","$","?","M","M","R","M","E","T","R","M","$","M","M","R","B",null,"M","?","M","?","M","E","R","?","T","M","M","?","R","$","R","B"],"character_chosen":"IRONCLAD","items_purchased":["Flash of Steel","Fiend Fire","Apotheosis","Ghostly Armor"],"campfire_rested":0,"item_purchase_floors":[2,12,31,31],"current_hp_per_floor":[80,80,80,80,80,80,80,71,71,71,77,77,80,79,79,80,80,80,56,56,56,56,53,53,53,53,56,56,52,52,52,52,0],"gold":11,"neow_bonus":"THREE_CARDS","is_prod":false,"is_daily":false,"chose_seed":false,"campfire_upgraded":6,"win_rate":0,"timestamp":1563317170,"path_taken":["M","$","?","?","M","R","M","E","T","R","M","$","M","?","R","BOSS","M","?","M","?","M","E","R","?","T","M","M","?","R","$","R","BOSS"],"build_version":"2019-07-05","purchased_purges":0,"victory":false,"max_hp_per_floor":[80,80,80,80,80,80,80,80,80,80,80,80,80,80,80,80,80,80,56,56,56,56,56,56,56,56,56,56,56,56,56,56,56],"card_choices":[{"not_picked":["Wild Strike","Entrench"],"picked":"Pommel Strike","floor":1},{"not_picked":["Corruption","True Grit"],"picked":"Clothesline","floor":4},{"not_picked":["Hemokinesis","Flex"],"picked":"Metallicize","floor":5},{"not_picked":["Cleave","Havoc"],"picked":"Dual Wield","floor":7},{"not_picked":["Combust","Dropkick"],"picked":"Fiend Fire","floor":8},{"not_picked":["Pommel Strike","Headbutt","Hemokinesis"],"picked":"SKIP","floor":11},{"not_picked":["Anger","Sword Boomerang","Barricade"],"picked":"SKIP","floor":13},{"not_picked":["Clothesline","Flex"],"picked":"Ghostly Armor","floor":14},{"not_picked":["Feed","Bludgeon"],"picked":"Reaper","floor":16},{"not_picked":["Iron Wave","Clothesline+1"],"picked":"Cleave+1","floor":18},{"not_picked":["Heavy Blade","Clothesline"],"picked":"Reckless Charge","floor":20},{"not_picked":["Clothesline","Thunderclap"],"picked":"Anger","floor":22},{"not_picked":["Barricade","Whirlwind","Searing Blow+1"],"picked":"SKIP","floor":23},{"not_picked":["Rupture","Fire Breathing"],"picked":"Pommel Strike","floor":27},{"not_picked":["Shockwave","Sword Boomerang+1","Wild Strike"],"picked":"SKIP","floor":28},{"not_picked":["Havoc","Clothesline"],"picked":"Rupture","floor":29}],"player_experience":211422,"relics_obtained":[{"floor":8,"key":"Dead Branch"},{"floor":9,"key":"Dodecahedron"},{"floor":23,"key":"Regal Pillow"},{"floor":26,"key":"Potion Belt"},{"floor":29,"key":"Red Mask"}],"event_choices":[{"cards_removed":["Strike_R"],"damage_healed":0,"gold_gain":0,"player_choice":"Card Removal","damage_taken":0,"max_hp_gain":0,"max_hp_loss":0,"event_name":"Wheel of Change","floor":3,"gold_loss":0},{"damage_healed":0,"gold_gain":0,"player_choice":"Became a vampire","damage_taken":0,"max_hp_gain":0,"max_hp_loss":24,"event_name":"Vampires","floor":19,"gold_loss":0,"cards_obtained":["Bite","Bite","Bite","Bite","Bite"]},{"damage_healed":0,"gold_gain":0,"player_choice":"Simplicity","damage_taken":0,"max_hp_gain":0,"max_hp_loss":0,"event_name":"Back to Basics","floor":21,"gold_loss":0,"cards_upgraded":["Defend_R","Defend_R","Defend_R","Defend_R"]},{"damage_healed":0,"gold_gain":0,"player_choice":"Obtained Relic","damage_taken":0,"relics_obtained":["Mercury Hourglass"],"max_hp_gain":0,"max_hp_loss":0,"event_name":"Addict","floor":25,"gold_loss":85},{"damage_healed":0,"gold_gain":0,"player_choice":"Fought Bandits","damage_taken":0,"max_hp_gain":0,"max_hp_loss":0,"event_name":"Masked Bandits","floor":29,"gold_loss":0}],"is_beta":false,"boss_relics":[{"not_picked":["Astrolabe","Runic Dome","Philosopher\u0027s Stone"]}],"items_purged_floors":[],"is_endless":false,"potions_floor_spawned":[5,8,11,13,18,22,29],"killed_by":"Automaton","ascension_level":0}