{"gold_per_floor":[116,66,241,49,59,87,162,162,162,24,24,34,48,75,75,180,180,194,210,222,242,102,102,120,120,145,25,58,78,78],"floor_reached":30,"playtime":3247,"items_purged":["Doubt","Strike_R","Clash","Strike_R"],"score":260,"play_id":"bee4a225-2ce0-4957-9520-a65617b57557","local_time":"20190716194918","is_ascension_mode":false,"campfire_choices":[{"data":"Shrug It Off","floor":8,"key":"SMITH"},{"data":"Blind","floor":11,"key":"SMITH"},{"floor":15,"key":"REST"},{"data":"Flame Barrier","floor":23,"key":"SMITH"},{"data":"Rampage","floor":25,"key":"SMITH"}],"neow_cost":"PERCENT_DAMAGE","seed_source_timestamp":288354175670700,"circlet_count":0,"master_deck":["Strike_R","Defend_R","Defend_R","Defend_R","Bash","Shrug It Off+1","Inflame","Blind+1","Pommel Strike","Battle Trance","Disarm","Ghostly Armor","Berserk","Rampage+1","Flame Barrier+1","Shrug It Off","Shrug It Off"],"relics":["Burning Blood","Lantern","Bottled Lightning","The Courier","Sozu","Bag of Preparation","Du-Vu Doll"],"potions_floor_usage":[14,24,28],"damage_taken":[{"damage":4,"enemies":"Small Slimes","floor":1,"turns":4},{"damage":2,"enemies":"2 Louse","floor":5,"turns":3},{"damage":46,"enemies":"3 Sentries","floor":6,"turns":13},{"damage":0,"enemies":"Jaw Worm","floor":12,"turns":2},{"damage":0,"enemies":"Blue Slaver","floor":13,"turns":4},{"damage":9,"enemies":"Gremlin Nob","floor":14,"turns":4},{"damage":14,"enemies":"The Guardian","floor":16,"turns":13},{"damage":3,"enemies":"Spheric Guardian","floor":18,"turns":5},{"damage":0,"enemies":"Chosen","floor":19,"turns":5},{"damage":6,"enemies":"Shelled Parasite and Fungi","floor":20,"turns":4},{"damage":26,"enemies":"Cultist and Chosen","floor":21,"turns":9},{"damage":0,"enemies":"Snecko","floor":24,"turns":6},{"damage":16,"enemies":"Slavers","floor":28,"turns":7},{"damage":31,"enemies":"Sentry and Sphere","floor":29,"turns":10},{"damage":0,"enemies":"Colosseum Slavers","floor":30,"turns":7},{"damage":40,"enemies":"Colosseum Nobs","floor":30,"turns":4}],"seed_played":"4535310193980506775","potions_obtained":[{"floor":1,"key":"LiquidBronze"},{"floor":6,"key":"Fire Potion"},{"floor":14,"key":"Dexterity Potion"}],"is_trial":false,"path_per_floor":["M","?","?","$","M","E","?","R","T","$","R","M","M","E","R","B",null,"M","M","M","M","$","R","M","R","T","$","E","M","?"],"character_chosen":"IRONCLAD","items_purchased":["Inflame","Blind","Battle Trance","Shrug It Off"],"campfire_rested":1,"item_purchase_floors":[4,4,10,22],"current_hp_per_floor":[58,58,58,58,62,22,11,11,11,11,11,17,23,20,44,36,80,80,80,80,60,60,60,66,66,66,66,56,31,0],"gold":78,"neow_bonus":"REMOVE_TWO","is_prod":false,"is_daily":false,"chose_seed":false,"campfire_upgraded":4,"win_rate":0,"timestamp":1563320958,"path_taken":["M","?","?","$","M","E","?","R","T","?","R","M","?","E","R","BOSS","M","?","M","?","$","R","M","R","T","$","E","M","?"],"build_version":"2019-07-05","purchased_purges":4,"victory":false,"max_hp_per_floor":[80,80,80,80,80,80,80,80,80,80,80,80,80,80,80,80,80,80,80,80,80,80,80,80,80,80,80,80,80,80],"card_choices":[{"not_picked":["Carnage","Rupture"],"picked":"Shrug It Off","floor":1},{"not_picked":["Clothesline","Wild Strike","Headbutt"],"picked":"SKIP","floor":5},{"not_picked":["Sword Boomerang","Power Through"],"picked":"Pommel Strike","floor":6},{"not_picked":["Anger","Barricade"],"picked":"Clash","floor":12},{"not_picked":["Wild Strike","Pommel Strike"],"picked":"Disarm","floor":13},{"not_picked":["Inflame","Battle Trance"],"picked":"Ghostly Armor","floor":14},{"not_picked":["Feed","Juggernaut"],"picked":"Berserk","floor":16},{"not_picked":["Pommel Strike","Corruption","Feel No Pain"],"picked":"SKIP","floor":18},{"not_picked":["Infernal Blade","Perfected Strike"],"picked":"Rampage","floor":19},{"not_picked":["Bloodletting","Cleave"],"picked":"Flame Barrier","floor":20},{"not_picked":["Perfected Strike","Clash","Wild Strike+1"],"picked":"SKIP","floor":21},{"not_picked":["Cleave","Headbutt","Heavy Blade+1"],"picked":"SKIP","floor":24},{"not_picked":["Battle Trance+1","Berserk","Armaments"],"picked":"SKIP","floor":28},{"not_picked":["Warcry","Clash"],"picked":"Shrug It Off","floor":29}],"player_experience":215086,"relics_obtained":[{"floor":6,"key":"Lantern"},{"floor":9,"key":"Bottled Lightning"},{"floor":14,"key":"The Courier"},{"floor":26,"key":"Bag of Preparation"},{"floor":28,"key":"Du-Vu Doll"}],"event_choices":[{"cards_removed":["Strike_R"],"damage_healed":0,"gold_gain":0,"player_choice":"Card Removal","damage_taken":0,"max_hp_gain":0,"max_hp_loss":0,"event_name":"The Cleric","floor":2,"gold_loss":50},{"damage_healed":0,"gold_gain":175,"player_choice":"AGREE","damage_taken":0,"max_hp_gain":0,"max_hp_loss":0,"event_name":"Liars Game","floor":3,"gold_loss":0,"cards_obtained":["Doubt"]},{"damage_healed":0,"gold_gain":75,"player_choice":"Gather Gold","damage_taken":11,"max_hp_gain":0,"max_hp_loss":0,"event_name":"World of Goop","floor":7,"gold_loss":0},{"damage_healed":0,"gold_gain":0,"player_choice":"Fight","damage_taken":0,"max_hp_gain":0,"max_hp_loss":0,"event_name":"Colosseum","floor":30,"gold_loss":0},{"damage_healed":0,"gold_gain":0,"player_choice":"Fought Nobs","damage_taken":0,"max_hp_gain":0,"max_hp_loss":0,"event_name":"Colosseum","floor":30,"gold_loss":0}],"is_beta":false,"boss_relics":[{"not_picked":["Eternal Feather","Black Star"],"picked":"Sozu"}],"items_purged_floors":[4,10,22,27],"is_endless":false,"potions_floor_spawned":[1,6,14,20,28,29,30],"killed_by":"Colosseum Nobs","ascension_level":0}