{"gold_per_floor":[219,239,46,61,78,109,9,9,9,19,19,32,44,74,74,176,176,187,206,206,221,76,76,24,24,24,44,0,0,0,15,15,117,117,130,5,405,255,267,267,294,307,307,307],"floor_reached":44,"playtime":2865,"items_purged":["Strike_R","Defend_R","Strike_R","Strike_R"],"score":500,"play_id":"9eb5fff8-7258-4597-a00d-2013a729f180","local_time":"20190715153115","is_ascension_mode":false,"campfire_choices":[{"data":"Armaments","floor":8,"key":"SMITH"},{"data":"Demon Form","floor":11,"key":"SMITH"},{"data":"Shrug It Off","floor":15,"key":"SMITH"},{"data":"Heavy Blade","floor":23,"key":"SMITH"},{"data":"Shrug It Off","floor":25,"key":"SMITH"},{"data":"1","floor":32,"key":"LIFT"},{"data":"2","floor":40,"key":"LIFT"}],"neow_cost":"NONE","seed_source_timestamp":186852943141900,"circlet_count":0,"master_deck":["Strike_R","Strike_R","Defend_R","Defend_R","Defend_R","Bash","Flex","Armaments+1","Flash of Steel","Flex","Iron Wave","Spot Weakness","Shrug It Off+1","Demon Form+1","Intimidate","Reaper","Thunderclap+1","Heavy Blade+1","Shrug It Off+1","Inflame+1","Limit Break","Heavy Blade+1","Pommel Strike+1","Armaments+1","Clothesline+1","Iron Wave+1"],"relics":["Burning Blood","StoneCalendar","Sundial","Letter Opener","Velvet Choker","Happy Flower","Girya","Mark of Pain","Old Coin","Self Forming Clay","Mercury Hourglass"],"potions_floor_usage":[6,6,13,31,33,33,37,42],"damage_taken":[{"damage":2,"enemies":"Cultist","floor":1,"turns":5},{"damage":7,"enemies":"Small Slimes","floor":2,"turns":5},{"damage":8,"enemies":"2 Louse","floor":4,"turns":3},{"damage":0,"enemies":"Large Slime","floor":5,"turns":6},{"damage":23,"enemies":"Gremlin Nob","floor":6,"turns":4},{"damage":2,"enemies":"2 Fungi Beasts","floor":10,"turns":3},{"damage":4,"enemies":"Blue Slaver","floor":12,"turns":5},{"damage":13,"enemies":"Red Slaver","floor":13,"turns":2},{"damage":22,"enemies":"3 Sentries","floor":14,"turns":7},{"damage":23,"enemies":"The Guardian","floor":16,"turns":9},{"damage":17,"enemies":"Shell Parasite","floor":18,"turns":5},{"damage":30,"enemies":"Chosen","floor":19,"turns":5},{"damage":12,"enemies":"Shelled Parasite and Fungi","floor":21,"turns":6},{"damage":9,"enemies":"3 Cultists","floor":27,"turns":4},{"damage":27,"enemies":"Cultist and Chosen","floor":31,"turns":5},{"damage":38,"enemies":"Automaton","floor":33,"turns":10},{"damage":13,"enemies":"Orb Walker","floor":35,"turns":3},{"damage":10,"enemies":"Mind Bloom Boss Battle","floor":37,"turns":5},{"damage":9,"enemies":"3 Shapes","floor":39,"turns":4},{"damage":51,"enemies":"Nemesis","floor":41,"turns":5},{"damage":31,"enemies":"Jaw Worm Horde","floor":42,"turns":4},{"damage":19,"enemies":"Giant Head","floor":44,"turns":5}],"seed_played":"1083667408106059568","potions_obtained":[{"floor":1,"key":"SteroidPotion"},{"floor":5,"key":"Explosive Potion"},{"floor":10,"key":"Strength Potion"},{"floor":14,"key":"Weak Potion"},{"floor":16,"key":"SteroidPotion"},{"floor":18,"key":"Strength Potion"},{"floor":19,"key":"Regen Potion"},{"floor":35,"key":"EssenceOfSteel"},{"floor":37,"key":"Energy Potion"},{"floor":41,"key":"SkillPotion"}],"is_trial":false,"path_per_floor":["M","M","$","M","M","E","$","R","T","M","R","M","M","E","R","B",null,"M","M","?","M","$","R","$","R","T","M","?","$","?","M","R","B",null,"M","$","?","$","M","R","E","M","T","E"],"character_chosen":"IRONCLAD","items_purchased":["Flash of Steel","Flex","Happy Flower","Shrug It Off"],"campfire_rested":0,"item_purchase_floors":[3,3,22,24],"current_hp_per_floor":[80,79,79,77,80,63,63,63,63,67,67,69,62,46,46,29,80,80,61,46,52,52,52,52,52,52,75,75,75,75,62,62,62,85,78,78,85,85,82,82,37,12,12,0],"gold":307,"neow_bonus":"HUNDRED_GOLD","is_prod":false,"is_daily":false,"chose_seed":false,"campfire_upgraded":5,"win_rate":0,"timestamp":1563219075,"path_taken":["M","M","$","M","?","E","$","R","T","M","R","M","M","E","R","BOSS","M","M","?","M","$","R","$","R","T","M","?","$","?","M","R","BOSS","M","$","?","$","M","R","E","M","T","E"],"build_version":"2019-07-05","purchased_purges":4,"victory":false,"max_hp_per_floor":[80,80,80,80,80,80,80,80,80,80,80,80,80,80,80,80,80,80,80,85,85,85,85,85,85,85,85,85,85,85,85,85,85,85,85,85,85,85,85,85,85,85,85,85],"card_choices":[{"not_picked":["Ghostly Armor","Bloodletting"],"picked":"Flex","floor":1},{"not_picked":["Clothesline","Infernal Blade"],"picked":"Armaments","floor":2},{"not_picked":["True Grit","Armaments"],"picked":"Iron Wave","floor":4},{"not_picked":["Whirlwind","Thunderclap"],"picked":"Spot Weakness","floor":5},{"not_picked":["Pommel Strike","Headbutt"],"picked":"Shrug It Off","floor":6},{"not_picked":["Burning Pact","Clothesline"],"picked":"Demon Form","floor":10},{"not_picked":["Iron Wave","Pommel Strike","Body Slam"],"picked":"SKIP","floor":12},{"not_picked":["Sword Boomerang","Warcry","Havoc"],"picked":"SKIP","floor":13},{"not_picked":["Perfected Strike","Thunderclap"],"picked":"Intimidate","floor":14},{"not_picked":["Immolate","Exhume"],"picked":"Reaper","floor":16},{"not_picked":["Sever Soul+1","Warcry"],"picked":"Thunderclap+1","floor":18},{"not_picked":["Anger","Iron Wave+1"],"picked":"Heavy Blade","floor":19},{"not_picked":["Pommel Strike","Clash","Havoc+1"],"picked":"SKIP","floor":21},{"not_picked":["Rupture","Clothesline"],"picked":"Inflame+1","floor":27},{"not_picked":["Perfected Strike","Exhume","Twin Strike"],"picked":"SKIP","floor":31},{"not_picked":["Berserk","Demon Form"],"picked":"Limit Break","floor":33},{"not_picked":["Perfected Strike+1","Headbutt"],"picked":"Heavy Blade+1","floor":35},{"not_picked":["Havoc+1","Sentinel+1"],"picked":"Pommel Strike+1","floor":37},{"not_picked":["Headbutt+1","Clash+1"],"picked":"Armaments+1","floor":39},{"not_picked":["Flame Barrier","Demon Form"],"picked":"Clothesline+1","floor":41},{"not_picked":["Dual Wield","Body Slam"],"picked":"Iron Wave+1","floor":42}],"player_experience":174655,"relics_obtained":[{"floor":6,"key":"StoneCalendar"},{"floor":9,"key":"Sundial"},{"floor":14,"key":"Letter Opener"},{"floor":26,"key":"Girya"},{"floor":37,"key":"Old Coin"},{"floor":41,"key":"Self Forming Clay"},{"floor":43,"key":"Mercury Hourglass"}],"event_choices":[{"damage_healed":0,"gold_gain":0,"player_choice":"Shed Blood","damage_taken":20,"max_hp_gain":5,"max_hp_loss":0,"event_name":"Forgotten Altar","floor":20,"gold_loss":0},{"damage_healed":0,"gold_gain":0,"player_choice":"Paid Fearfully","damage_taken":0,"max_hp_gain":0,"max_hp_loss":0,"event_name":"Masked Bandits","floor":28,"gold_loss":44},{"damage_healed":0,"gold_gain":0,"player_choice":"Ignored","damage_taken":0,"max_hp_gain":0,"max_hp_loss":0,"event_name":"Cursed Tome","floor":30,"gold_loss":0},{"damage_healed":0,"gold_gain":0,"player_choice":"Fight","damage_taken":0,"max_hp_gain":0,"max_hp_loss":0,"event_name":"MindBloom","floor":37,"gold_loss":0}],"is_beta":false,"boss_relics":[{"not_picked":["Philosopher\u0027s Stone","Black Star"],"picked":"Velvet Choker"},{"not_picked":["Astrolabe","Pandora\u0027s Box"],"picked":"Mark of Pain"}],"items_purged_floors":[3,7,36,38],"is_endless":false,"potions_floor_spawned":[1,5,10,14,16,18,19,27,35,37,41],"killed_by":"Giant Head","ascension_level":0}