{"gold_per_floor":[211,228,228,403,353,353,372,410,459,212,212,212,35,51,51,174,174,192,192,6,20,119,153,168,168,247,270,288,17,58,73,73,199,199,223,348],"floor_reached":36,"playtime":4128,"items_purged":["Defend_R","Defend_R","Fiend Fire"],"score":452,"play_id":"0d770fc9-e294-4709-a11b-f32800ebc3f8","local_time":"20190312221537","is_ascension_mode":false,"campfire_choices":[{"data":"Bash","floor":6.0,"key":"SMITH"},{"data":"Metallicize","floor":12.0,"key":"SMITH"},{"data":"Disarm","floor":15.0,"key":"SMITH"},{"data":"Battle Trance","floor":25.0,"key":"SMITH"},{"data":"Anger","floor":32.0,"key":"SMITH"}],"neow_cost":"NONE","seed_source_timestamp":0,"circlet_count":0,"master_deck":["Strike_R","Strike_R","Strike_R","Bash+1","Cleave","Clash","Metallicize+1","Disarm+1","Clash","Good Instincts","Shrug It Off","Feed","Feel No Pain+1","True Grit+1","Twin Strike+1","Clash","Secret Weapon","Intimidate","Anger+1","Battle Trance+1","Clash+1","Battle Trance","Feed","Thunderclap","Barricade","Headbutt+1","Body Slam+1"],"special_seed":0,"relics":["Burning Blood","Golden Idol","Oddly Smooth Stone","Vajra","Astrolabe","Enchiridion","FossilizedHelix","Pantograph","Happy Flower","Ancient Tea Set","Lizard Tail","Incense Burner"],"potions_floor_usage":[],"damage_taken":[{"damage":11.0,"enemies":"2 Louse","floor":1.0,"turns":4.0},{"damage":4.0,"enemies":"Jaw Worm","floor":2.0,"turns":4.0},{"damage":2.0,"enemies":"Small Slimes","floor":7.0,"turns":2.0},{"damage":7.0,"enemies":"Lagavulin","floor":8.0,"turns":6.0},{"damage":4.0,"enemies":"2 Fungi Beasts","floor":14.0,"turns":3.0},{"damage":11.0,"enemies":"Hexaghost","floor":16.0,"turns":8.0},{"damage":0.0,"enemies":"Chosen","floor":18.0,"turns":4.0},{"damage":15.0,"enemies":"Shell Parasite","floor":21.0,"turns":4.0},{"damage":8.0,"enemies":"Book of Stabbing","floor":23.0,"turns":5.0},{"damage":0.0,"enemies":"Snake Plant","floor":24.0,"turns":4.0},{"damage":3.0,"enemies":"Chosen and Byrds","floor":27.0,"turns":6.0},{"damage":0.0,"enemies":"Centurion and Healer","floor":28.0,"turns":4.0},{"damage":26.0,"enemies":"Slavers","floor":30.0,"turns":4.0},{"damage":7.0,"enemies":"Snake Plant","floor":31.0,"turns":3.0},{"damage":45.0,"enemies":"Automaton","floor":33.0,"turns":7.0},{"damage":24.0,"enemies":"3 Darklings","floor":35.0,"turns":5.0},{"damage":0.0,"enemies":"Mind Bloom Boss Battle","floor":36.0,"turns":7.0}],"seed_played":"-4400022377394971917","potions_obtained":[{"floor":1.0,"key":"EntropicBrew"},{"floor":14.0,"key":"Poison Potion"},{"floor":18.0,"key":"Regen Potion"},{"floor":21.0,"key":"Fire Potion"},{"floor":27.0,"key":"GamblersBrew"},{"floor":31.0,"key":"Regen Potion"},{"floor":33.0,"key":"GamblersBrew"},{"floor":35.0,"key":"SkillPotion"},{"floor":36,"key":"Fire Potion"}],"is_trial":false,"path_per_floor":["M","M","?","?","?","R","M","E","T","$","?","R","$","M","R","B",null,"M","?","$","M","?","E","M","R","T","M","M","$","E","M","R","B",null,"M","?"],"character_chosen":"IRONCLAD","items_purchased":["Clash","Good Instincts","Shrug It Off","Fiend Fire","Secret Weapon","Happy Flower"],"campfire_rested":0,"item_purchase_floors":[10,10,10,13,20,29],"current_hp_per_floor":[75,77,57,57,57,57,61,60,60,60,60,60,60,62,62,57,80,80,64,64,58,58,56,65,65,65,68,74,74,57,56,56,51,89,74,92],"gold":348,"neow_bonus":"HUNDRED_GOLD","is_prod":false,"is_daily":false,"chose_seed":false,"campfire_upgraded":5,"win_rate":0.0,"timestamp":1552421737,"path_taken":["M","M","?","?","?","R","M","E","T","$","?","R","$","M","R","BOSS","M","?","$","M","?","E","M","R","T","M","M","$","E","M","R","BOSS","M","?"],"build_version":"2019-01-23","purchased_purges":3,"victory":false,"max_hp_per_floor":[80,80,80,80,80,80,80,80,80,80,80,80,80,80,80,80,80,80,80,80,83,83,83,86,86,86,86,86,86,89,89,89,89,89,92,92],"card_choices":[{"not_picked":["Blood for Blood","Combust"],"picked":"Cleave","floor":1.0},{"not_picked":["Body Slam","Corruption"],"picked":"Clash","floor":2.0},{"not_picked":["Clash","Iron Wave"],"picked":"Metallicize","floor":7.0},{"not_picked":["Armaments","Body Slam"],"picked":"Disarm","floor":8.0},{"not_picked":["Second Wind","Shrug It Off","Entrench"],"picked":"SKIP","floor":14.0},{"not_picked":["Impervious","Bludgeon"],"picked":"Feed","floor":16.0},{"not_picked":["Shrug It Off","Anger"],"picked":"Clash","floor":18.0},{"not_picked":["Thunderclap","Twin Strike"],"picked":"Intimidate","floor":21.0},{"not_picked":["Hemokinesis+1","Twin Strike+1"],"picked":"Anger","floor":23.0},{"not_picked":["Iron Wave","Shrug It Off"],"picked":"Battle Trance","floor":24.0},{"not_picked":["Sever Soul","Cleave+1"],"picked":"Clash+1","floor":27.0},{"not_picked":["Headbutt+1","Twin Strike"],"picked":"Battle Trance","floor":28.0},{"not_picked":["Rampage","Hemokinesis+1"],"picked":"Feed","floor":30.0},{"not_picked":["Body Slam","Flame Barrier"],"picked":"Thunderclap","floor":31.0},{"not_picked":["Impervious","Double Tap"],"picked":"Barricade","floor":33.0},{"not_picked":["Iron Wave+1","Thunderclap+1"],"picked":"Headbutt+1","floor":35.0},{"not_picked":["Headbutt+1","Iron Wave+1"],"picked":"Body Slam+1","floor":36}],"player_experience":4141,"relics_obtained":[{"floor":8.0,"key":"Oddly Smooth Stone"},{"floor":9.0,"key":"Vajra"},{"floor":19.0,"key":"Enchiridion"},{"floor":23.0,"key":"FossilizedHelix"},{"floor":26.0,"key":"Pantograph"},{"floor":30.0,"key":"Ancient Tea Set"},{"floor":36,"key":"Incense Burner"}],"event_choices":[{"damage_healed":0.0,"max_hp_gain":0.0,"max_hp_loss":0.0,"gold_gain":0.0,"event_name":"Golden Idol","player_choice":"Take Damage","floor":3.0,"gold_loss":0.0,"damage_taken":20.0,"relics_obtained":["Golden Idol"]},{"damage_healed":0.0,"max_hp_gain":0.0,"max_hp_loss":0.0,"gold_gain":175.0,"event_name":"Liars Game","player_choice":"AGREE","floor":4.0,"gold_loss":0.0,"damage_taken":0.0,"cards_obtained":["Doubt"]},{"cards_removed":["Doubt"],"damage_healed":0.0,"max_hp_gain":0.0,"max_hp_loss":0.0,"gold_gain":0.0,"event_name":"The Cleric","player_choice":"Card Removal","floor":5.0,"gold_loss":50.0,"damage_taken":0.0},{"cards_removed":["Defend_R"],"damage_healed":0.0,"max_hp_gain":0.0,"max_hp_loss":0.0,"gold_gain":0.0,"event_name":"Wheel of Change","player_choice":"Card Removal","floor":11.0,"gold_loss":0.0,"damage_taken":0.0},{"damage_healed":0.0,"max_hp_gain":0.0,"max_hp_loss":0.0,"gold_gain":0.0,"event_name":"Cursed Tome","player_choice":"Obtained Book","floor":19.0,"gold_loss":0.0,"damage_taken":16.0},{"damage_healed":0.0,"max_hp_gain":0.0,"max_hp_loss":0.0,"gold_gain":99.0,"event_name":"Nest","player_choice":"Stole From Cult","floor":22.0,"gold_loss":0.0,"damage_taken":0.0},{"damage_healed":0.0,"max_hp_gain":0.0,"max_hp_loss":0.0,"gold_gain":0.0,"event_name":"MindBloom","player_choice":"Fight","floor":36.0,"gold_loss":0.0,"damage_taken":0.0}],"is_beta":false,"boss_relics":[{"not_picked":["Black Star","Philosopher\u0027s Stone"],"picked":"Astrolabe"},{"not_picked":["Orrery","Fusion Hammer"],"picked":"Lizard Tail"}],"items_purged_floors":[10,13,29],"is_endless":false,"potions_floor_spawned":[1,14,18,21,27,31,33,35,36],"ascension_level":0}