{"gold_per_floor":[112,126,140,29,39,39,71,71,71,85,112,128,143,143,143,238,238,248,298,310,321,371,371,405,405,405,7,57],"floor_reached":28,"playtime":2706,"items_purged":[],"score":302,"play_id":"ac287724-7135-46a6-ad50-3488a6441e0a","local_time":"20190810172041","is_ascension_mode":true,"campfire_choices":[{"data":"Neutralize","floor":6,"key":"SMITH"},{"floor":15,"key":"REST"},{"floor":23,"key":"REST"}],"neow_cost":"NONE","seed_source_timestamp":2141975791286800,"circlet_count":0,"master_deck":["Strike_G","Strike_G","Strike_G","Strike_G","Strike_G","Defend_G","Defend_G","Defend_G","Defend_G","Defend_G","Survivor","Neutralize+1","Dagger Spray","Backflip","Quick Slash","Backflip","Panacea","Dagger Throw","Unload","Poisoned Stab","Forethought","Infinite Blades","Blade Dance+1","Well Laid Plans","A Thousand Cuts","PiercingWail+1","Cloak And Dagger+1","A Thousand Cuts","Prepared+1"],"relics":["Ring of the Snake","Matryoshka","Ornamental Fan","Toxic Egg 2","Potion Belt","SsserpentHead","WristBlade","Nilry\u0027s Codex","Bag of Marbles","Pantograph","Happy Flower","Kunai","Bronze Scales"],"potions_floor_usage":[5,12,16,21,24,25],"damage_taken":[{"damage":0,"enemies":"2 Louse","floor":1,"turns":3},{"damage":1,"enemies":"Cultist","floor":2,"turns":4},{"damage":0,"enemies":"Small Slimes","floor":3,"turns":2},{"damage":21,"enemies":"Exordium Thugs","floor":5,"turns":9},{"damage":24,"enemies":"3 Sentries","floor":7,"turns":8},{"damage":0,"enemies":"Looter","floor":10,"turns":3},{"damage":27,"enemies":"Lagavulin","floor":11,"turns":7},{"damage":0,"enemies":"2 Fungi Beasts","floor":12,"turns":4},{"damage":3,"enemies":"Blue Slaver","floor":13,"turns":3},{"damage":23,"enemies":"Slime Boss","floor":16,"turns":11},{"damage":2,"enemies":"Chosen","floor":18,"turns":4},{"damage":16,"enemies":"Spheric Guardian","floor":20,"turns":4},{"damage":13,"enemies":"3 Cultists","floor":21,"turns":5},{"damage":29,"enemies":"Slavers","floor":24,"turns":6},{"damage":0,"enemies":"Snake Plant","floor":25,"turns":1},{"damage":23,"enemies":"Chosen and Byrds","floor":28,"turns":4}],"seed_played":"-7177273820544260117","potions_obtained":[{"floor":1,"key":"Weak Potion"},{"floor":11,"key":"PowerPotion"},{"floor":13,"key":"Swift Potion"},{"floor":16,"key":"Fire Potion"},{"floor":18,"key":"EssenceOfSteel"},{"floor":21,"key":"SmokeBomb"}],"is_trial":false,"path_per_floor":["M","M","M","$","M","R","E","?","T","M","E","M","M","?","R","B",null,"M","?","M","M","?","R","E","M","T","$","M"],"character_chosen":"THE_SILENT","items_purchased":["Backflip","Panacea","Kunai","Bronze Scales"],"campfire_rested":2,"item_purchase_floors":[4,4,27,27],"current_hp_per_floor":[77,76,76,76,55,55,31,31,31,31,4,4,1,1,24,1,77,75,61,45,32,16,40,11,11,11,11,0],"gold":57,"neow_bonus":"TEN_PERCENT_HP_BONUS","is_prod":false,"is_daily":false,"chose_seed":false,"campfire_upgraded":1,"win_rate":0,"timestamp":1565446841,"path_taken":["M","M","M","$","M","R","E","?","T","M","E","M","?","?","R","BOSS","M","?","M","M","?","R","E","M","T","$","?"],"build_version":"2019-07-17","purchased_purges":0,"victory":false,"max_hp_per_floor":[77,77,77,77,77,77,77,77,77,77,77,77,77,77,77,77,77,77,82,82,82,82,82,82,82,82,82,82],"card_choices":[{"not_picked":["Flechettes","Acrobatics"],"picked":"Dagger Spray","floor":1},{"not_picked":["Prepared","Reflex"],"picked":"Backflip","floor":2},{"not_picked":["Dagger Spray","Catalyst"],"picked":"Quick Slash","floor":3},{"not_picked":["Quick Slash","Prepared"],"picked":"Dagger Throw","floor":5},{"not_picked":["Acrobatics","Caltrops"],"picked":"Unload","floor":7},{"not_picked":["Accuracy","Outmaneuver+1","Flechettes"],"picked":"SKIP","floor":10},{"not_picked":["Slice","Deadly Poison+1"],"picked":"Infinite Blades","floor":11},{"not_picked":["Deadly Poison+1","Sucker Punch"],"picked":"Blade Dance+1","floor":12},{"not_picked":["Deflect+1","Flechettes"],"picked":"Well Laid Plans","floor":13},{"not_picked":["Unload","Storm of Steel+1"],"picked":"A Thousand Cuts","floor":16},{"not_picked":["Dodge and Roll+1","Deflect+1"],"picked":"PiercingWail+1","floor":18},{"not_picked":["Dagger Spray","Prepared+1"],"picked":"Cloak And Dagger+1","floor":20},{"not_picked":["Outmaneuver+1","Flying Knee"],"picked":"A Thousand Cuts","floor":21},{"not_picked":["Leg Sweep+1","Bane+1"],"picked":"Prepared+1","floor":24}],"player_experience":125371,"relics_obtained":[{"floor":7,"key":"Matryoshka"},{"floor":9,"key":"Ornamental Fan"},{"floor":9,"key":"Toxic Egg 2"},{"floor":11,"key":"Potion Belt"},{"floor":22,"key":"Nilry\u0027s Codex"},{"floor":24,"key":"Bag of Marbles"},{"floor":26,"key":"Pantograph"},{"floor":26,"key":"Happy Flower"}],"event_choices":[{"damage_healed":0,"gold_gain":0,"player_choice":"2 cards matched","damage_taken":0,"max_hp_gain":0,"max_hp_loss":0,"event_name":"Match and Keep!","floor":8,"gold_loss":0,"cards_obtained":["Poisoned Stab","Forethought"]},{"damage_healed":0,"gold_gain":0,"player_choice":"Trade","damage_taken":0,"relics_obtained":["SsserpentHead"],"max_hp_gain":0,"max_hp_loss":0,"event_name":"FaceTrader","floor":14,"gold_loss":0},{"damage_healed":0,"gold_gain":0,"player_choice":"Shed Blood","damage_taken":19,"max_hp_gain":5,"max_hp_loss":0,"event_name":"Forgotten Altar","floor":19,"gold_loss":0},{"damage_healed":0,"gold_gain":0,"player_choice":"Obtained Book","damage_taken":16,"max_hp_gain":0,"max_hp_loss":0,"event_name":"Cursed Tome","floor":22,"gold_loss":0}],"is_beta":false,"boss_relics":[{"not_picked":["Ring of the Serpent","Empty Cage"],"picked":"WristBlade"}],"items_purged_floors":[],"is_endless":false,"potions_floor_spawned":[1,11,13,16,18,21,25],"killed_by":"Chosen and Byrds","ascension_level":4}