{"gold_per_floor":[219,2,18,34,48,78,78,112,112,132,132,143,178,7,7,103,153,173,173,173,173,51,78,96,124,124,158,173,173,123,133,133,231,231,246,49,67,113,128,161,161,193,193,207,223,223,239,239,239,239,239,239,18,43,43],"floor_reached":56,"playtime":6992,"items_purged":["Pain","Defend_G","Defend_G"],"score":1574,"play_id":"77e20679-71f3-42e1-a3f9-7c10d755b718","local_time":"20190810193511","is_ascension_mode":true,"campfire_choices":[{"data":"Neutralize","floor":7,"key":"SMITH"},{"floor":11,"key":"REST"},{"data":"Footwork","floor":15,"key":"SMITH"},{"data":"Adrenaline","floor":29,"key":"SMITH"},{"data":"Bouncing Flask","floor":32,"key":"SMITH"},{"data":"1","floor":41,"key":"LIFT"},{"data":"Envenom","floor":46,"key":"SMITH"},{"floor":49,"key":"RECALL"},{"data":"2","floor":52,"key":"LIFT"}],"neow_cost":"NONE","seed_source_timestamp":2145721128177700,"circlet_count":0,"master_deck":["Defend_G","Defend_G+1","Defend_G","Survivor","Neutralize+1","Deflect","Well Laid Plans","Slice","Cloak And Dagger","Flying Knee","PiercingWail","Infinite Blades","PiercingWail","Footwork+1","Blur","Cloak And Dagger","Corpse Explosion","Caltrops","Outmaneuver+1","Bite","Bite","Bite","Bite","Bite","Accuracy","Backflip","Blur","Adrenaline+1","Backflip","Bouncing Flask+1","Adrenaline","Leg Sweep+1","Burst","Envenom+1","Blur","Injury","Escape Plan","Crippling Poison","Footwork","Catalyst+1"],"relics":["Ring of the Snake","Anchor","Smiling Mask","Thread and Needle","Mercury Hourglass","Paper Crane","Tiny House","WarpedTongs","Du-Vu Doll","Snake Skull","Question Card","Happy Flower","Cursed Key","Gambling Chip","Girya","Blood Vial","Bronze Scales","Bottled Flame"],"potions_floor_usage":[6,8,16,18,18,24,25,27,50,55],"damage_taken":[{"damage":1,"enemies":"Cultist","floor":1,"turns":5},{"damage":0,"enemies":"Small Slimes","floor":3,"turns":3},{"damage":0,"enemies":"2 Louse","floor":4,"turns":3},{"damage":0,"enemies":"2 Fungi Beasts","floor":5,"turns":4},{"damage":23,"enemies":"Gremlin Nob","floor":6,"turns":5},{"damage":20,"enemies":"Lagavulin","floor":8,"turns":11},{"damage":6,"enemies":"Gremlin Gang","floor":10,"turns":3},{"damage":0,"enemies":"Blue Slaver","floor":12,"turns":3},{"damage":0,"enemies":"3 Sentries","floor":13,"turns":8},{"damage":9,"enemies":"Slime Boss","floor":16,"turns":13},{"damage":0,"enemies":"3 Byrds","floor":18,"turns":3},{"damage":11,"enemies":"Slavers","floor":23,"turns":3},{"damage":11,"enemies":"Chosen","floor":24,"turns":5},{"damage":3,"enemies":"Book of Stabbing","floor":25,"turns":6},{"damage":9,"enemies":"Gremlin Leader","floor":27,"turns":9},{"damage":0,"enemies":"Snecko","floor":28,"turns":6},{"damage":9,"enemies":"Snake Plant","floor":31,"turns":5},{"damage":0,"enemies":"Champ","floor":33,"turns":13},{"damage":0,"enemies":"3 Shapes","floor":35,"turns":2},{"damage":0,"enemies":"Orb Walker","floor":37,"turns":4},{"damage":13,"enemies":"2 Orb Walkers","floor":38,"turns":5},{"damage":0,"enemies":"Jaw Worm Horde","floor":39,"turns":7},{"damage":3,"enemies":"Nemesis","floor":40,"turns":9},{"damage":4,"enemies":"Reptomancer","floor":42,"turns":7},{"damage":0,"enemies":"Maw","floor":44,"turns":6},{"damage":0,"enemies":"Writhing Mass","floor":45,"turns":7},{"damage":0,"enemies":"Spire Growth","floor":47,"turns":5},{"damage":57,"enemies":"Time Eater","floor":50,"turns":12},{"damage":17,"enemies":"Shield and Spear","floor":54,"turns":7},{"damage":2,"enemies":"The Heart","floor":55,"turns":6}],"seed_played":"-9174912099901964339","potions_obtained":[{"floor":3,"key":"PowerPotion"},{"floor":4,"key":"Energy Potion"},{"floor":10,"key":"SneckoOil"},{"floor":13,"key":"Regen Potion"},{"floor":17,"key":"GhostInAJar"},{"floor":23,"key":"AttackPotion"},{"floor":24,"key":"Weak Potion"},{"floor":25,"key":"AttackPotion"},{"floor":33,"key":"GamblersBrew"},{"floor":37,"key":"EssenceOfSteel"},{"floor":38,"key":"SteroidPotion"},{"floor":42,"key":"GhostInAJar"}],"is_trial":false,"path_per_floor":["M","$","M","M","M","E","R","E","T","M","R","M","E","$","R","B",null,"M","?","?","?","$","E","M","E","T","E","M","R","$","M","R","B",null,"M","$","M","?","M","E","R","E","T","M","M","R","M","?","R","B",null,"R","$","E","B",null],"character_chosen":"THE_SILENT","items_purchased":["Anchor","Well Laid Plans","Footwork","Blur","Cloak And Dagger","Accuracy","Burst","Bronze Scales","Footwork"],"campfire_rested":1,"item_purchase_floors":[2,2,14,14,14,22,36,53,53],"current_hp_per_floor":[69,69,69,69,69,46,46,26,26,20,41,41,41,41,41,47,75,75,52,44,44,44,43,38,48,48,55,57,57,57,52,52,57,57,57,57,57,46,57,57,57,57,57,57,57,57,57,54,54,9,54,54,54,51,54],"gold":43,"neow_bonus":"HUNDRED_GOLD","is_prod":false,"is_daily":false,"chose_seed":false,"campfire_upgraded":5,"win_rate":0,"timestamp":1565454911,"path_taken":["M","$","M","M","?","E","R","E","T","M","R","M","E","$","R","BOSS","M","?","?","?","$","E","M","E","T","E","M","R","$","M","R","BOSS","M","$","?","?","M","E","R","E","T","M","M","R","M","?","R","BOSS","R","$","E","BOSS"],"build_version":"2019-07-17","purchased_purges":3,"victory":true,"max_hp_per_floor":[70,70,70,70,70,70,70,70,70,70,70,70,70,70,70,70,75,75,52,57,57,57,57,57,57,57,57,57,57,57,57,57,57,57,57,57,57,57,57,57,57,57,57,57,57,57,57,54,54,54,54,54,54,54,54],"card_choices":[{"not_picked":["Slice","Flechettes"],"picked":"Deflect","floor":1},{"not_picked":["Underhanded Strike","Deadly Poison"],"picked":"Slice","floor":3},{"not_picked":["Quick Slash","Bane"],"picked":"Cloak And Dagger","floor":4},{"not_picked":["Outmaneuver","Skewer"],"picked":"Flying Knee","floor":5},{"not_picked":["Reflex","Flechettes","Prepared"],"picked":"SKIP","floor":6},{"not_picked":["Bane","Tactician"],"picked":"PiercingWail","floor":8},{"not_picked":["Night Terror","Cloak And Dagger"],"picked":"Infinite Blades","floor":10},{"not_picked":["Expertise","Dagger Spray"],"picked":"PiercingWail","floor":12},{"not_picked":["Poisoned Stab","Dagger Throw","Outmaneuver"],"picked":"SKIP","floor":13},{"not_picked":["Malaise","Tools of the Trade"],"picked":"Corpse Explosion","floor":16},{"not_picked":["Skewer","Acrobatics"],"picked":"Caltrops","floor":17},{"not_picked":["Dagger Spray","Quick Slash"],"picked":"Outmaneuver+1","floor":18},{"not_picked":["Flying Knee","Heel Hook"],"picked":"Backflip","floor":23},{"not_picked":["Dagger Throw","Poisoned Stab+1"],"picked":"Blur","floor":24},{"not_picked":["Quick Slash+1","Outmaneuver"],"picked":"Adrenaline","floor":25},{"not_picked":["Sucker Punch+1","Dagger Throw","Masterful Stab"],"picked":"Backflip","floor":27},{"not_picked":["Flying Knee","Deadly Poison","Blade Dance+1","Cloak And Dagger"],"picked":"SKIP","floor":28},{"not_picked":["Deadly Poison+1","Accuracy","Prepared"],"picked":"Bouncing Flask","floor":31},{"not_picked":["Unload","A Thousand Cuts","Burst"],"picked":"Adrenaline","floor":33},{"not_picked":["Deflect","Sucker Punch+1","Underhanded Strike+1"],"picked":"Leg Sweep+1","floor":35},{"not_picked":["Skewer","Setup+1","Flying Knee","Caltrops"],"picked":"SKIP","floor":37},{"not_picked":["Finisher","Flying Knee","Accuracy","Choke+1"],"picked":"SKIP","floor":39},{"not_picked":["Poisoned Stab","Quick Slash","Distraction"],"picked":"Envenom","floor":40},{"not_picked":["Dodge and Roll+1","Masterful Stab+1","Grand Finale"],"picked":"Blur","floor":42},{"not_picked":["Quick Slash+1","Cloak And Dagger","PiercingWail"],"picked":"Escape Plan","floor":44},{"not_picked":["Leg Sweep","Setup+1","Prepared","Expertise"],"picked":"SKIP","floor":45},{"not_picked":["Cloak And Dagger","Poisoned Stab+1","Dodge and Roll"],"picked":"Crippling Poison","floor":47},{"not_picked":["Caltrops+1","Poisoned Stab","Blade Dance+1"],"picked":"Catalyst+1","floor":54}],"player_experience":129092,"relics_obtained":[{"floor":6,"key":"Smiling Mask"},{"floor":8,"key":"Thread and Needle"},{"floor":9,"key":"Mercury Hourglass"},{"floor":13,"key":"Paper Crane"},{"floor":23,"key":"Du-Vu Doll"},{"floor":25,"key":"Snake Skull"},{"floor":26,"key":"Question Card"},{"floor":27,"key":"Happy Flower"},{"floor":38,"key":"Gambling Chip"},{"floor":40,"key":"Girya"},{"floor":42,"key":"Blood Vial"},{"floor":54,"key":"Bottled Flame"}],"event_choices":[{"damage_healed":0,"gold_gain":0,"player_choice":"Became a vampire","damage_taken":0,"max_hp_gain":0,"max_hp_loss":23,"event_name":"Vampires","floor":19,"gold_loss":0,"cards_obtained":["Bite","Bite","Bite","Bite","Bite"]},{"damage_healed":0,"gold_gain":0,"player_choice":"Shed Blood","damage_taken":13,"max_hp_gain":5,"max_hp_loss":0,"event_name":"Forgotten Altar","floor":20,"gold_loss":0},{"damage_healed":0,"gold_gain":0,"player_choice":"Rummage","damage_taken":0,"relics_obtained":["WarpedTongs"],"max_hp_gain":0,"max_hp_loss":0,"event_name":"Accursed Blacksmith","floor":21,"gold_loss":0,"cards_obtained":["Pain"]},{"damage_healed":0,"gold_gain":0,"player_choice":"Fight","damage_taken":0,"max_hp_gain":0,"max_hp_loss":0,"event_name":"Mysterious Sphere","floor":38,"gold_loss":0},{"damage_healed":0,"gold_gain":0,"player_choice":"Max HP","damage_taken":0,"max_hp_gain":0,"max_hp_loss":3,"event_name":"Winding Halls","floor":48,"gold_loss":0}],"is_beta":false,"boss_relics":[{"not_picked":["Busted Crown","Calling Bell"],"picked":"Tiny House"},{"not_picked":["Sozu","Pandora\u0027s Box"],"picked":"Cursed Key"}],"items_purged_floors":[22,30,36],"is_endless":false,"potions_floor_spawned":[3,4,10,13,23,24,25,33,37,38,42,45,47],"ascension_level":4}