{"gold_per_floor":[115,115,4,4,4,37,37,48,48,81,97,122,122,152,152,252,252,266,4,4,20,33,33,45,45,45,60,79,79,112,125,125,226,226,236,286,35,35,45,45,57,70,70,70,70,70,70,82,82,82],"floor_reached":51,"playtime":5693,"items_purged":["Defend_G","Strike_G","Strike_G"],"score":625,"play_id":"1b446cae-37d8-48d2-8a1a-89eba5c4d50c","local_time":"20190812043356","is_ascension_mode":false,"campfire_choices":[{"floor":7.0,"key":"REST"},{"floor":13.0,"key":"REST"},{"data":"Accuracy","floor":15.0,"key":"SMITH"},{"floor":23.0,"key":"REST"},{"data":"After Image","floor":25.0,"key":"SMITH"},{"floor":29.0,"key":"REST"},{"data":"Cloak And Dagger","floor":32.0,"key":"SMITH"},{"data":"Envenom","floor":40,"key":"SMITH"},{"data":"Blade Dance","floor":44,"key":"SMITH"},{"data":"Mayhem","floor":46,"key":"SMITH"},{"data":"Cloak And Dagger","floor":49,"key":"SMITH"}],"neow_cost":"NONE","seed_source_timestamp":0,"circlet_count":0,"master_deck":["Strike_G","Defend_G","Defend_G","Defend_G","Defend_G","Survivor","Neutralize","Blade Dance+1","Prepared","Reflex","Footwork+1","Deadly Poison","Cloak And Dagger+1","Deadly Poison","Accuracy+1","After Image+1","Dodge and Roll","Well Laid Plans","Finisher","Flash of Steel","Infinite Blades","Blade Dance+1","Cloak And Dagger+1","Backstab","Blur","Backflip","Envenom+1","Caltrops+1","Poisoned Stab+1","Cloak And Dagger+1","Prepared+1","Mayhem+1","Footwork+1"],"special_seed":0,"relics":["Ring of the Serpent","Du-Vu Doll","Smiling Mask","Blue Candle","Snake Skull","Omamori","Eternal Feather","Mercury Hourglass","Pen Nib","FossilizedHelix","ClockworkSouvenir","The Courier"],"potions_floor_usage":[36,41,50],"damage_taken":[{"damage":5.0,"enemies":"Jaw Worm","floor":1.0,"turns":5.0},{"damage":42.0,"enemies":"Gremlin Nob","floor":6.0,"turns":7.0},{"damage":0.0,"enemies":"Small Slimes","floor":8.0,"turns":3.0},{"damage":18.0,"enemies":"3 Sentries","floor":10.0,"turns":14.0},{"damage":0.0,"enemies":"2 Louse","floor":11.0,"turns":3.0},{"damage":23.0,"enemies":"Slime Boss","floor":16.0,"turns":13.0},{"damage":12.0,"enemies":"Spheric Guardian","floor":18.0,"turns":7.0},{"damage":23.0,"enemies":"2 Thieves","floor":21.0,"turns":4.0},{"damage":23.0,"enemies":"3 Cultists","floor":22.0,"turns":6.0},{"damage":25.0,"enemies":"Snake Plant","floor":24.0,"turns":5.0},{"damage":31.0,"enemies":"Cultist and Chosen","floor":27.0,"turns":7.0},{"damage":2.0,"enemies":"Shelled Parasite and Fungi","floor":28.0,"turns":5.0},{"damage":3.0,"enemies":"Gremlin Leader","floor":30.0,"turns":9.0},{"damage":19.0,"enemies":"Snecko","floor":31.0,"turns":7.0},{"damage":23.0,"enemies":"Champ","floor":33.0,"turns":13.0},{"damage":13,"enemies":"3 Darklings","floor":35,"turns":6},{"damage":29,"enemies":"2 Orb Walkers","floor":36,"turns":8},{"damage":3,"enemies":"Orb Walker","floor":39,"turns":4},{"damage":0,"enemies":"Jaw Worm Horde","floor":41,"turns":4},{"damage":0,"enemies":"Spire Growth","floor":42,"turns":5},{"damage":11,"enemies":"4 Shapes","floor":48,"turns":5},{"damage":35,"enemies":"Time Eater","floor":50,"turns":11}],"seed_played":"-3424635156646392459","potions_obtained":[{"floor":1.0,"key":"GhostInAJar"},{"floor":6.0,"key":"Block Potion"},{"floor":10.0,"key":"Fire Potion"},{"floor":11.0,"key":"GamblersBrew"},{"floor":21.0,"key":"SteroidPotion"},{"floor":24.0,"key":"GhostInAJar"},{"floor":30.0,"key":"FairyPotion"},{"floor":36,"key":"Strength Potion"}],"is_trial":false,"path_per_floor":["M","?","$","?","?","E","R","M","T","E","M","T","R","?","R","B",null,"M","$","?","M","M","R","M","R","T","M","M","R","E","M","R","B",null,"M","?","$","?","M","R","M","M","T","R","?","R","?","M","R","B",null],"character_chosen":"THE_SILENT","items_purchased":["Footwork","Well Laid Plans","Finisher","Flash of Steel","ClockworkSouvenir"],"campfire_rested":4,"item_purchase_floors":[3,19,19,19,37],"current_hp_per_floor":[65,65,65,58,58,16,37,37,37,19,19,19,40,40,40,17,70,58,58,70,47,24,57,32,44,44,13,11,47,44,25,40,17,70,57,28,28,46,43,61,61,61,61,70,70,70,70,59,70,35],"gold":82,"neow_bonus":"THREE_CARDS","is_prod":false,"is_daily":false,"chose_seed":false,"campfire_upgraded":7,"win_rate":0,"timestamp":1565577236,"path_taken":["M","?","$","?","?","E","R","?","T","E","M","?","R","?","R","BOSS","M","$","?","M","M","R","M","R","T","?","M","R","E","?","R","BOSS","M","?","$","?","M","R","M","M","T","R","?","R","?","?","R","BOSS"],"build_version":"2019-07-17","purchased_purges":3,"victory":true,"max_hp_per_floor":[70,70,70,70,70,70,70,70,70,70,70,70,70,70,70,70,70,70,70,70,70,70,70,70,70,70,70,70,70,70,70,70,70,70,70,70,70,70,70,70,70,70,70,70,70,70,70,70,70,70],"card_choices":[{"not_picked":["Deadly Poison","Well Laid Plans"],"picked":"Blade Dance","floor":0.0},{"not_picked":["Distraction","Dagger Throw"],"picked":"Prepared","floor":1.0},{"not_picked":["Underhanded Strike","Backstab"],"picked":"Deadly Poison","floor":6.0},{"not_picked":["Sucker Punch","Quick Slash"],"picked":"Cloak And Dagger","floor":8.0},{"not_picked":["Flying Knee","Leg Sweep"],"picked":"Deadly Poison","floor":10.0},{"not_picked":["Slice","Prepared"],"picked":"Accuracy","floor":11.0},{"not_picked":["Bullet Time","Storm of Steel"],"picked":"After Image","floor":16.0},{"not_picked":["Quick Slash","Outmaneuver"],"picked":"Dodge and Roll","floor":18.0},{"not_picked":["Poisoned Stab","PiercingWail+1"],"picked":"Infinite Blades","floor":21.0},{"not_picked":["Prepared","Quick Slash+1"],"picked":"Blade Dance+1","floor":22.0},{"not_picked":["Outmaneuver","Slice"],"picked":"Cloak And Dagger","floor":24.0},{"not_picked":["PiercingWail+1","Heel Hook"],"picked":"Backstab","floor":27.0},{"not_picked":["Underhanded Strike+1","Blade Dance"],"picked":"Blur","floor":28.0},{"not_picked":["Night Terror","Predator","Bane"],"picked":"SKIP","floor":30.0},{"not_picked":["Acrobatics","Prepared"],"picked":"Backflip","floor":31.0},{"not_picked":["Tools of the Trade","Corpse Explosion"],"picked":"Envenom","floor":33.0},{"not_picked":["Acrobatics","Deadly Poison+1"],"picked":"Caltrops+1","floor":35},{"not_picked":["Riddle With Holes+1","Heel Hook"],"picked":"Poisoned Stab+1","floor":36},{"not_picked":["Poisoned Stab","Distraction+1"],"picked":"Cloak And Dagger+1","floor":39},{"not_picked":["Terror+1","Dodge and Roll","Expertise+1"],"picked":"SKIP","floor":41},{"not_picked":["Backflip+1","Finisher+1"],"picked":"Prepared+1","floor":42},{"not_picked":["Jack Of All Trades","Dramatic Entrance"],"picked":"Mayhem","floor":45},{"not_picked":["Poisoned Stab+1","Dagger Spray+1","All Out Attack"],"picked":"SKIP","floor":48}],"player_experience":272988,"relics_obtained":[{"floor":6.0,"key":"Du-Vu Doll"},{"floor":9.0,"key":"Smiling Mask"},{"floor":10.0,"key":"Blue Candle"},{"floor":12.0,"key":"Snake Skull"},{"floor":26.0,"key":"Mercury Hourglass"},{"floor":30.0,"key":"Pen Nib"},{"floor":36,"key":"FossilizedHelix"},{"floor":43,"key":"The Courier"}],"event_choices":[{"damage_healed":0.0,"max_hp_gain":0.0,"max_hp_loss":0.0,"gold_gain":0.0,"cards_transformed":["Strike_G"],"event_name":"Living Wall","player_choice":"Change","floor":2.0,"gold_loss":0.0,"damage_taken":0.0,"cards_obtained":["Reflex"]},{"cards_removed":["Strike_G"],"damage_healed":0.0,"max_hp_gain":0.0,"max_hp_loss":0.0,"gold_gain":0.0,"event_name":"Golden Wing","player_choice":"Card Removal","floor":4.0,"gold_loss":0.0,"damage_taken":7.0},{"damage_healed":0.0,"max_hp_gain":0.0,"max_hp_loss":0.0,"gold_gain":0.0,"event_name":"Accursed Blacksmith","player_choice":"Forge","floor":5.0,"gold_loss":0.0,"damage_taken":0.0,"cards_upgraded":["Footwork"]},{"damage_healed":0.0,"max_hp_gain":0.0,"max_hp_loss":0.0,"gold_gain":30.0,"event_name":"Dead Adventurer","player_choice":"Searched \u00273\u0027 times","floor":14.0,"gold_loss":0.0,"damage_taken":0.0,"relics_obtained":["Omamori"]},{"damage_healed":12.0,"max_hp_gain":0.0,"max_hp_loss":0.0,"gold_gain":0.0,"event_name":"Wheel of Change","player_choice":"Full Heal","floor":20.0,"gold_loss":0.0,"damage_taken":0.0},{"damage_healed":0,"gold_gain":0,"player_choice":"Fight","damage_taken":0,"max_hp_gain":0,"max_hp_loss":0,"event_name":"Mysterious Sphere","floor":36,"gold_loss":0},{"damage_healed":18,"gold_gain":0,"player_choice":"Writhe","damage_taken":0,"max_hp_gain":0,"max_hp_loss":0,"event_name":"Winding Halls","floor":38,"gold_loss":0,"cards_obtained":["Writhe"]},{"damage_healed":0,"gold_gain":0,"player_choice":"Memory 1","damage_taken":0,"max_hp_gain":0,"max_hp_loss":0,"event_name":"SensoryStone","floor":45,"gold_loss":0},{"damage_healed":0,"gold_gain":0,"player_choice":"Copied","damage_taken":0,"max_hp_gain":0,"max_hp_loss":0,"event_name":"Duplicator","floor":47,"gold_loss":0,"cards_obtained":["Footwork"]}],"is_beta":false,"boss_relics":[{"not_picked":["HoveringKite","Velvet Choker"],"picked":"Eternal Feather"},{"not_picked":["Runic Pyramid","Calling Bell"],"picked":"Ring of the Serpent"}],"items_purged_floors":[3,19,37],"is_endless":false,"potions_floor_spawned":[1,6,10,11,21,24,27,28,30,35,36],"ascension_level":0}