{"gold_per_floor":[113,0,0,14,31,31,31,59,59,71,71,94,113,132,132,235,285,305,404,417,332,332,332,358,358,385,385,420,420,137,147,147,147],"floor_reached":33,"playtime":1984,"items_purged":["Defend_R","Strike_R"],"score":283,"play_id":"bfe05611-6fd6-475e-bcf6-385374d9b782","local_time":"20190715224039","is_ascension_mode":false,"campfire_choices":[{"data":"Flex","floor":6,"key":"SMITH"},{"data":"1","floor":11,"key":"LIFT"},{"data":"2","floor":15,"key":"LIFT"},{"data":"3","floor":23,"key":"LIFT"},{"data":"Double Tap","floor":25,"key":"SMITH"},{"data":"Heavy Blade","floor":27,"key":"SMITH"},{"floor":29,"key":"REST"},{"data":"Apotheosis","floor":32,"key":"SMITH"}],"neow_cost":"NONE","seed_source_timestamp":213494625824200,"circlet_count":0,"master_deck":["Strike_R","Strike_R","Defend_R","Defend_R","Defend_R","Bash","Sever Soul+1","Shrug It Off","Spot Weakness","Flex+1","Shrug It Off","Flex","Metallicize","Rampage","Disarm","Double Tap+1","Battle Trance","Heavy Blade+1","Inflame+1","Apotheosis+1","Pommel Strike"],"relics":["Burning Blood","Girya","Peace Pipe","Odd Mushroom","Tiny House","Paper Frog","Nilry\u0027s Codex","Regal Pillow","Centennial Puzzle","Frozen Egg 2"],"potions_floor_usage":[8,18,24,24,28,33],"damage_taken":[{"damage":15,"enemies":"Jaw Worm","floor":1,"turns":4},{"damage":0,"enemies":"2 Louse","floor":4,"turns":3},{"damage":0,"enemies":"Cultist","floor":5,"turns":3},{"damage":16,"enemies":"Gremlin Nob","floor":8,"turns":4},{"damage":4,"enemies":"Looter","floor":10,"turns":4},{"damage":25,"enemies":"The Mushroom Lair","floor":12,"turns":4},{"damage":0,"enemies":"Exordium Wildlife","floor":13,"turns":4},{"damage":0,"enemies":"Large Slime","floor":14,"turns":5},{"damage":33,"enemies":"Hexaghost","floor":16,"turns":13},{"damage":4,"enemies":"Shell Parasite","floor":18,"turns":4},{"damage":7,"enemies":"Chosen","floor":20,"turns":5},{"damage":26,"enemies":"Slavers","floor":24,"turns":4},{"damage":60,"enemies":"Book of Stabbing","floor":28,"turns":9},{"damage":20,"enemies":"Centurion and Healer","floor":31,"turns":4},{"damage":51,"enemies":"Automaton","floor":33,"turns":6}],"seed_played":"8382244418524898394","potions_obtained":[{"floor":1,"key":"Block Potion"},{"floor":12,"key":"BloodPotion"},{"floor":16,"key":"Explosive Potion"},{"floor":17,"key":"AttackPotion"},{"floor":20,"key":"Explosive Potion"},{"floor":31,"key":"Explosive Potion"}],"is_trial":false,"path_per_floor":["M","$","?","M","M","R","$","E","T","M","R","?","M","M","R","B",null,"M","?","M","?","?","R","E","R","T","R","E","R","$","M","R","B"],"character_chosen":"IRONCLAD","items_purchased":["Spot Weakness","Apotheosis"],"campfire_rested":1,"item_purchase_floors":[2,30],"current_hp_per_floor":[71,71,71,77,80,80,80,70,70,72,72,53,59,65,65,38,85,85,85,84,84,68,68,48,48,48,48,15,55,55,41,41,0],"gold":147,"neow_bonus":"TRANSFORM_CARD","is_prod":false,"is_daily":false,"chose_seed":false,"campfire_upgraded":4,"win_rate":0,"timestamp":1563244839,"path_taken":["M","$","?","M","M","R","$","E","T","M","R","?","M","M","R","BOSS","M","?","M","?","?","R","E","R","T","R","E","R","$","M","R","BOSS"],"build_version":"2019-07-05","purchased_purges":2,"victory":false,"max_hp_per_floor":[80,80,80,80,80,80,80,80,80,80,80,80,80,80,80,80,85,85,85,85,85,85,85,85,85,85,85,85,85,85,85,85,85],"card_choices":[{"not_picked":["Whirlwind","Clothesline"],"picked":"Shrug It Off","floor":1},{"not_picked":["Clothesline","Anger"],"picked":"Flex","floor":4},{"not_picked":["Sentinel","Blood for Blood","Iron Wave"],"picked":"SKIP","floor":5},{"not_picked":["True Grit","Perfected Strike"],"picked":"Shrug It Off","floor":8},{"not_picked":["Sword Boomerang","Twin Strike"],"picked":"Flex","floor":10},{"not_picked":["Cleave","Immolate"],"picked":"Metallicize","floor":12},{"not_picked":["Clash","Rage"],"picked":"Rampage","floor":13},{"not_picked":["Cleave","Wild Strike"],"picked":"Disarm","floor":14},{"not_picked":["Dark Embrace","Berserk"],"picked":"Double Tap","floor":16},{"not_picked":["Headbutt","Dual Wield"],"picked":"Battle Trance","floor":18},{"not_picked":["Clash","Anger+1"],"picked":"Heavy Blade","floor":20},{"not_picked":["Whirlwind","Wild Strike"],"picked":"Inflame+1","floor":24},{"not_picked":["Clothesline+1","Warcry","Corruption"],"picked":"SKIP","floor":28},{"not_picked":["Havoc","Warcry"],"picked":"Pommel Strike","floor":31}],"player_experience":199120,"relics_obtained":[{"floor":8,"key":"Girya"},{"floor":9,"key":"Peace Pipe"},{"floor":12,"key":"Odd Mushroom"},{"floor":22,"key":"Nilry\u0027s Codex"},{"floor":24,"key":"Regal Pillow"},{"floor":26,"key":"Centennial Puzzle"},{"floor":28,"key":"Frozen Egg 2"}],"event_choices":[{"cards_removed":["Strike_R"],"damage_healed":0,"gold_gain":0,"player_choice":"Forget","damage_taken":0,"max_hp_gain":0,"max_hp_loss":0,"event_name":"Living Wall","floor":3,"gold_loss":0},{"damage_healed":0,"gold_gain":0,"player_choice":"Fought Mushrooms","damage_taken":0,"max_hp_gain":0,"max_hp_loss":0,"event_name":"Mushrooms","floor":12,"gold_loss":0},{"damage_healed":0,"gold_gain":99,"player_choice":"Stole From Cult","damage_taken":0,"max_hp_gain":0,"max_hp_loss":0,"event_name":"Nest","floor":19,"gold_loss":0},{"damage_healed":0,"gold_gain":0,"player_choice":"Obtained Relic","damage_taken":0,"relics_obtained":["Paper Frog"],"max_hp_gain":0,"max_hp_loss":0,"event_name":"Addict","floor":21,"gold_loss":85},{"damage_healed":0,"gold_gain":0,"player_choice":"Obtained Book","damage_taken":16,"max_hp_gain":0,"max_hp_loss":0,"event_name":"Cursed Tome","floor":22,"gold_loss":0}],"is_beta":false,"boss_relics":[{"not_picked":["Astrolabe","Runic Dome"],"picked":"Tiny House"}],"items_purged_floors":[2,30],"is_endless":false,"potions_floor_spawned":[1,12,16,20,31],"killed_by":"Automaton","ascension_level":0}