{"gold_per_floor":[117,128,29,44,57,57,383,383,460,535,535,535,565,577,577,577],"floor_reached":16,"playtime":926,"items_purged":["Defend_B"],"score":110,"play_id":"f8bde9ea-2343-4fd9-931a-58ef5ec0f2c4","local_time":"20190809232417","is_ascension_mode":false,"campfire_choices":[{"data":"Electrodynamics","floor":6,"key":"SMITH"},{"data":"Zap","floor":8,"key":"SMITH"},{"floor":12,"key":"REST"},{"floor":15,"key":"RECALL"}],"neow_cost":"NONE","seed_source_timestamp":685891359824337,"circlet_count":0,"master_deck":["Strike_B","Strike_B","Strike_B","Strike_B","Defend_B","Defend_B+1","Defend_B+1","Zap+1","Dualcast","Finesse","Beam Cell","Gash","Leap","Beam Cell","Electrodynamics+1","Gash","Sweeping Beam"],"relics":["Cracked Core","Old Coin","Cables","War Paint","Juzu Bracelet"],"potions_floor_usage":[16],"damage_taken":[{"damage":0,"enemies":"2 Louse","floor":1,"turns":2},{"damage":1,"enemies":"Jaw Worm","floor":2,"turns":3},{"damage":0,"enemies":"Cultist","floor":4,"turns":3},{"damage":7,"enemies":"Blue Slaver","floor":5,"turns":4},{"damage":13,"enemies":"Lagavulin","floor":7,"turns":5},{"damage":9,"enemies":"Gremlin Nob","floor":13,"turns":3},{"damage":11,"enemies":"Red Slaver","floor":14,"turns":2},{"damage":51,"enemies":"The Guardian","floor":16,"turns":8}],"seed_played":"-6738017097423731852","potions_obtained":[{"floor":2,"key":"SkillPotion"},{"floor":4,"key":"EssenceOfSteel"},{"floor":13,"key":"Strength Potion"}],"is_trial":false,"path_per_floor":["M","M","$","M","M","R","E","R","T","?","?","R","E","M","R","B"],"character_chosen":"DEFECT","items_purchased":["Leap"],"campfire_rested":1,"item_purchase_floors":[3],"current_hp_per_floor":[75,74,74,74,67,67,54,54,54,43,43,65,56,45,45,0],"gold":577,"neow_bonus":"RANDOM_COLORLESS","is_prod":false,"is_daily":false,"chose_seed":false,"campfire_upgraded":2,"win_rate":0,"timestamp":1565385857,"path_taken":["M","M","$","M","M","R","E","R","T","?","?","R","E","M","R","BOSS"],"build_version":"2019-07-17","purchased_purges":1,"victory":false,"max_hp_per_floor":[75,75,75,75,75,75,75,75,75,75,75,75,75,75,75,75],"card_choices":[{"not_picked":["Rebound","Stack"],"picked":"Beam Cell","floor":1},{"not_picked":["Steam","White Noise"],"picked":"Gash","floor":2},{"not_picked":["Lockon","Redo"],"picked":"Beam Cell","floor":4},{"not_picked":["Compile Driver","Leap"],"picked":"Electrodynamics","floor":5},{"not_picked":["Reboot","Fusion"],"picked":"Gash","floor":7},{"not_picked":["Stack","Rebound","Conserve Battery"],"picked":"SKIP","floor":13},{"not_picked":["Darkness","Stack"],"picked":"Sweeping Beam","floor":14}],"player_experience":219135,"relics_obtained":[{"floor":7,"key":"Old Coin"},{"floor":9,"key":"Cables"},{"floor":13,"key":"Juzu Bracelet"}],"event_choices":[{"damage_healed":0,"gold_gain":75,"player_choice":"Gather Gold","damage_taken":11,"max_hp_gain":0,"max_hp_loss":0,"event_name":"World of Goop","floor":10,"gold_loss":0},{"damage_healed":0,"gold_gain":0,"player_choice":"Gave Potion","damage_taken":0,"relics_obtained":["War Paint"],"max_hp_gain":0,"max_hp_loss":0,"event_name":"WeMeetAgain","floor":11,"gold_loss":0}],"is_beta":false,"boss_relics":[],"items_purged_floors":[3],"is_endless":false,"potions_floor_spawned":[2,4,13],"killed_by":"The Guardian","ascension_level":0}