{"gold_per_floor":[117,132,144,156,106,106,435,435,507,535,535,566,586,157,157,260,260,276,54,74,74,93,118,118,118,118,6,25,25,25,25,25,126,126,136,150,150,163,182,182,202,202,202,220,220,234,40,52,52,52,52,52,52,52],"floor_reached":54,"playtime":5509,"items_purged":["Strike_R","Strike_R","Strike_R"],"score":654,"play_id":"c6411d77-55a3-4404-98c7-5dcb10812396","local_time":"20190717193457","is_ascension_mode":false,"campfire_choices":[{"data":"Armaments","floor":6,"key":"SMITH"},{"data":"Rampage","floor":8,"key":"SMITH"},{"data":"Hemokinesis","floor":15,"key":"SMITH"},{"floor":24,"key":"REST"},{"floor":30,"key":"REST"},{"floor":32,"key":"REST"},{"floor":40,"key":"REST"},{"floor":42,"key":"RECALL"},{"floor":49,"key":"REST"},{"floor":52,"key":"REST"}],"neow_cost":"PERCENT_DAMAGE","seed_source_timestamp":16900919425299,"circlet_count":0,"master_deck":["Defend_R","Defend_R","Defend_R","Defend_R","Bash","Rampage+1","Armaments+1","Anger","Clothesline","Sentinel+1","Carnage","Hemokinesis+1","Fiend Fire","Sentinel+1","Inflame","Shrug It Off","Metallicize","Flame Barrier","Shockwave","Inflame","Seeing Red","Bludgeon","Flex+1","True Grit+1","Reaper","Shrug It Off+1","Havoc+1","Entrench+1","Feel No Pain"],"relics":["Burning Blood","Charon\u0027s Ashes","Old Coin","Sundial","Juzu Bracelet","Oddly Smooth Stone","Lee\u0027s Waffle","Pen Nib","Fusion Hammer","Art of War","Nilry\u0027s Codex","Blue Candle","Omamori","Sozu"],"potions_floor_usage":[16,20,23,33],"damage_taken":[{"damage":1,"enemies":"Cultist","floor":1,"turns":3},{"damage":6,"enemies":"Small Slimes","floor":2,"turns":3},{"damage":6,"enemies":"Jaw Worm","floor":3,"turns":4},{"damage":0,"enemies":"Large Slime","floor":4,"turns":5},{"damage":15,"enemies":"Lagavulin","floor":7,"turns":7},{"damage":18,"enemies":"3 Sentries","floor":10,"turns":8},{"damage":12,"enemies":"Gremlin Nob","floor":12,"turns":5},{"damage":1,"enemies":"Looter","floor":13,"turns":2},{"damage":37,"enemies":"Hexaghost","floor":16,"turns":9},{"damage":6,"enemies":"Chosen","floor":18,"turns":3},{"damage":27,"enemies":"3 Byrds","floor":20,"turns":5},{"damage":8,"enemies":"Snecko","floor":22,"turns":3},{"damage":6,"enemies":"Book of Stabbing","floor":23,"turns":6},{"damage":26,"enemies":"Sentry and Sphere","floor":28,"turns":6},{"damage":38,"enemies":"Collector","floor":33,"turns":10},{"damage":0,"enemies":"Orb Walker","floor":35,"turns":3},{"damage":5,"enemies":"3 Darklings","floor":36,"turns":6},{"damage":24,"enemies":"Maw","floor":38,"turns":9},{"damage":26,"enemies":"Spire Growth","floor":39,"turns":5},{"damage":13,"enemies":"Sphere and 2 Shapes","floor":41,"turns":6},{"damage":28,"enemies":"Transient","floor":44,"turns":5},{"damage":22,"enemies":"3 Darklings","floor":46,"turns":5},{"damage":34,"enemies":"Writhing Mass","floor":48,"turns":6},{"damage":73,"enemies":"Awakened One","floor":50,"turns":27},{"damage":124,"enemies":"Shield and Spear","floor":54,"turns":11}],"seed_played":"8641783356126277713","potions_obtained":[{"floor":1,"key":"FairyPotion"},{"floor":2,"key":"FearPotion"},{"floor":7,"key":"LiquidBronze"},{"floor":20,"key":"EssenceOfSteel"},{"floor":23,"key":"Weak Potion"}],"is_trial":false,"path_per_floor":["M","M","M","M","?","R","E","R","T","E","?","E","M","$","R","B",null,"M","$","M","?","M","E","R","?","T","$","M","T","R","?","R","B",null,"M","M","?","M","M","R","M","R","T","M","?","M","$","M","R","B",null,"R","$","E"],"character_chosen":"IRONCLAD","items_purchased":["Lee\u0027s Waffle","Pen Nib","Inflame","Shrug It Off","Flame Barrier","Shockwave","Feel No Pain"],"campfire_rested":6,"item_purchase_floors":[14,14,19,19,27,27,47],"current_hp_per_floor":[61,61,61,67,67,67,58,58,58,46,46,40,45,87,87,56,87,87,87,66,66,64,64,87,71,71,71,51,51,77,77,87,55,87,87,87,87,69,49,75,87,87,87,65,65,67,67,48,74,33,87,87,87,0],"gold":52,"neow_bonus":"ONE_RARE_RELIC","is_prod":false,"is_daily":false,"chose_seed":false,"campfire_upgraded":3,"win_rate":0,"timestamp":1563406497,"path_taken":["M","?","M","M","?","R","E","R","T","E","?","E","M","$","R","BOSS","M","?","M","?","M","E","R","?","T","$","M","?","R","?","R","BOSS","M","M","?","M","M","R","M","R","T","M","?","M","$","M","R","BOSS","R","$","E"],"build_version":"2019-07-05","purchased_purges":3,"victory":false,"max_hp_per_floor":[80,80,80,80,80,80,80,80,80,80,80,80,80,87,87,87,87,87,87,87,87,87,87,87,87,87,87,87,87,87,87,87,87,87,87,87,87,87,87,87,87,87,87,87,87,87,87,87,87,87,87,87,87,87],"card_choices":[{"not_picked":["Headbutt","Rupture"],"picked":"Rampage","floor":1},{"not_picked":["Perfected Strike","Twin Strike","Iron Wave"],"picked":"SKIP","floor":2},{"not_picked":["Warcry","Twin Strike"],"picked":"Armaments","floor":3},{"not_picked":["Evolve","Twin Strike"],"picked":"Anger","floor":4},{"not_picked":["Cleave","Wild Strike"],"picked":"Clothesline","floor":7},{"not_picked":["Cleave","Twin Strike"],"picked":"Sentinel","floor":10},{"not_picked":["Wild Strike","Rage"],"picked":"Carnage","floor":12},{"not_picked":["Blood for Blood","Cleave"],"picked":"Hemokinesis","floor":13},{"not_picked":["Offering","Brutality"],"picked":"Fiend Fire","floor":16},{"not_picked":["Twin Strike","Anger"],"picked":"Sentinel+1","floor":18},{"not_picked":["Dropkick+1","Bloodletting+1"],"picked":"Second Wind+1","floor":20},{"not_picked":["Intimidate+1","Warcry+1"],"picked":"Metallicize","floor":22},{"not_picked":["Cleave","Seeing Red","Evolve+1"],"picked":"SKIP","floor":23},{"not_picked":["Power Through","Dual Wield"],"picked":"Inflame","floor":28},{"not_picked":["Immolate","Offering"],"picked":"Bludgeon","floor":33},{"not_picked":["Body Slam+1","Clash"],"picked":"Flex+1","floor":35},{"not_picked":["Cleave","Iron Wave+1"],"picked":"True Grit","floor":36},{"not_picked":["Reckless Charge+1","Blood for Blood+1"],"picked":"Reaper","floor":38},{"not_picked":["Searing Blow","Hemokinesis+1","Clash"],"picked":"SKIP","floor":39},{"not_picked":["Clash","Heavy Blade"],"picked":"Shrug It Off+1","floor":41},{"not_picked":["Fiend Fire","Warcry+1"],"picked":"Havoc+1","floor":44},{"not_picked":["True Grit","Sentinel+1"],"picked":"Entrench+1","floor":46},{"not_picked":["Infernal Blade","Wild Strike","Iron Wave"],"picked":"SKIP","floor":48}],"player_experience":243380,"relics_obtained":[{"floor":7,"key":"Old Coin"},{"floor":9,"key":"Sundial"},{"floor":10,"key":"Juzu Bracelet"},{"floor":12,"key":"Oddly Smooth Stone"},{"floor":23,"key":"Art of War"},{"floor":25,"key":"Nilry\u0027s Codex"},{"floor":26,"key":"Blue Candle"},{"floor":29,"key":"Omamori"}],"event_choices":[{"cards_removed":["Strike_R"],"damage_healed":0,"gold_gain":0,"player_choice":"Card Removal","damage_taken":0,"max_hp_gain":0,"max_hp_loss":0,"event_name":"The Cleric","floor":5,"gold_loss":50},{"damage_healed":0,"gold_gain":0,"player_choice":"Upgraded","damage_taken":0,"max_hp_gain":0,"max_hp_loss":0,"event_name":"Upgrade Shrine","floor":11,"gold_loss":0,"cards_upgraded":["Sentinel"]},{"damage_healed":0,"gold_gain":0,"player_choice":"Ignored","damage_taken":0,"max_hp_gain":0,"max_hp_loss":0,"event_name":"Ghosts","floor":21,"gold_loss":0},{"damage_healed":0,"gold_gain":0,"player_choice":"Obtained Book","damage_taken":16,"max_hp_gain":0,"max_hp_loss":0,"event_name":"Cursed Tome","floor":25,"gold_loss":0},{"damage_healed":0,"gold_gain":0,"cards_transformed":["Strike_R"],"player_choice":"Transformed","damage_taken":0,"max_hp_gain":0,"max_hp_loss":0,"event_name":"Transmorgrifier","floor":31,"gold_loss":0,"cards_obtained":["Seeing Red"]},{"damage_healed":0,"gold_gain":0,"player_choice":"Forge","damage_taken":0,"max_hp_gain":0,"max_hp_loss":0,"event_name":"Accursed Blacksmith","floor":37,"gold_loss":0,"cards_upgraded":["True Grit"]},{"cards_removed":["Second Wind"],"damage_healed":0,"gold_gain":0,"player_choice":"Removed Skill","damage_taken":0,"max_hp_gain":0,"max_hp_loss":0,"event_name":"Falling","floor":45,"gold_loss":0}],"is_beta":false,"boss_relics":[{"not_picked":["Runic Dome","Eternal Feather"],"picked":"Fusion Hammer"},{"not_picked":["Runic Cube","Coffee Dripper"],"picked":"Sozu"}],"items_purged_floors":[14,19,47],"is_endless":false,"potions_floor_spawned":[1,2,7,12,20,23,39,41,44,46],"killed_by":"Shield and Spear","ascension_level":0}