{"gold_per_floor":[109,109,52,52,67,130,29,29,74,24,59,18,18,18,30,119,131,163,195,217,240,252,294,306,318,355,367],"floor_reached":27,"playtime":1962,"items_purged":["Defend_G"],"score":450,"play_id":"93968407-bc64-4252-9a83-e256b04bd50c","local_time":"20190701173238","is_ascension_mode":true,"campfire_choices":[{"floor":8.0,"key":"REST"},{"data":"Noxious Fumes","floor":13,"key":"SMITH"},{"data":"Leg Sweep","floor":15,"key":"SMITH"},{"floor":24,"key":"REST"}],"neow_cost":"NONE","seed_source_timestamp":784627024652941,"circlet_count":0,"master_deck":["AscendersBane","Defend_G","Defend_G","Defend_G","Defend_G","Strike_G","Strike_G","Strike_G","Strike_G","Survivor","Neutralize+1","Poisoned Stab+1","PiercingWail","PiercingWail","Poisoned Stab","Leg Sweep+1","Noxious Fumes+1","Wraith Form v2","Leg Sweep","PiercingWail","Necronomicurse","Neutralize"],"special_seed":0,"relics":["Ring of the Snake","Tiny Chest","Bag of Preparation","Anchor","MawBank","Busted Crown","Necronomicon","Omamori","Art of War"],"potions_floor_usage":[11,23],"damage_taken":[{"damage":0.0,"enemies":"2 Louse","floor":1.0,"turns":3.0},{"damage":0.0,"enemies":"Cultist","floor":5.0,"turns":3.0},{"damage":39.0,"enemies":"3 Sentries","floor":6.0,"turns":13.0},{"damage":6,"enemies":"Gremlin Nob","floor":11,"turns":3},{"damage":4,"enemies":"Hexaghost","floor":16,"turns":10},{"damage":1,"enemies":"3 Byrds","floor":18,"turns":7},{"damage":2,"enemies":"Shell Parasite","floor":19,"turns":6},{"damage":0,"enemies":"Chosen and Byrds","floor":20,"turns":8},{"damage":0,"enemies":"Snake Plant","floor":21,"turns":7},{"damage":23,"enemies":"Slavers","floor":23,"turns":7},{"damage":32,"enemies":"Gremlin Leader","floor":27,"turns":6}],"seed_played":"-5648742965334640573","potions_obtained":[{"floor":5.0,"key":"PowerPotion"},{"floor":21,"key":"GamblersBrew"},{"floor":23,"key":"Strength Potion"}],"is_trial":false,"path_per_floor":["M","?","$","?","M","E","$","R","T","$","E","$","R","?","R","B",null,"M","M","M","M","?","E","R","?","T","E"],"character_chosen":"THE_SILENT","items_purchased":["FearPotion","PiercingWail","Poisoned Stab","Noxious Fumes"],"campfire_rested":2,"item_purchase_floors":[3,7,10,12],"current_hp_per_floor":[59,59,59,52,52,13,13,32,32,32,26,26,26,26,26,22,55,54,52,52,52,31,8,27,27,27,0],"gold":367,"neow_bonus":"UPGRADE_CARD","is_prod":false,"is_daily":false,"chose_seed":false,"campfire_upgraded":2,"win_rate":0,"timestamp":1562016758,"path_taken":["M","?","?","?","M","E","$","R","T","$","E","?","R","?","R","BOSS","M","M","?","M","?","E","R","?","T","E"],"build_version":"2019-01-23","purchased_purges":1,"victory":false,"max_hp_per_floor":[66,66,66,66,66,66,66,66,66,66,66,66,66,66,66,66,66,66,66,66,66,66,66,66,66,66,66],"card_choices":[{"not_picked":["Deflect","Eviscerate"],"picked":"Poisoned Stab","floor":1.0},{"not_picked":["Setup","Cloak And Dagger","Dodge and Roll"],"picked":"SKIP","floor":5.0},{"not_picked":["Corpse Explosion","Riddle With Holes"],"picked":"PiercingWail","floor":6.0},{"not_picked":["Acrobatics","Dodge and Roll"],"picked":"Leg Sweep","floor":11},{"not_picked":["Adrenaline","Tools of the Trade"],"picked":"Wraith Form v2","floor":16},{"not_picked":["Bane"],"picked":"SKIP","floor":18},{"not_picked":[],"picked":"Leg Sweep","floor":19},{"not_picked":[],"picked":"PiercingWail","floor":20},{"not_picked":["Reflex"],"picked":"SKIP","floor":21},{"not_picked":["Finisher"],"picked":"SKIP","floor":23}],"player_experience":2369182,"relics_obtained":[{"floor":6.0,"key":"Tiny Chest"},{"floor":9.0,"key":"Bag of Preparation"},{"floor":11,"key":"Anchor"},{"floor":22,"key":"Necronomicon"},{"floor":23,"key":"Omamori"},{"floor":26,"key":"Art of War"}],"event_choices":[{"damage_healed":0.0,"max_hp_gain":0.0,"max_hp_loss":0.0,"gold_gain":0.0,"event_name":"Upgrade Shrine","player_choice":"Upgraded","floor":2.0,"gold_loss":0.0,"damage_taken":0.0,"cards_upgraded":["Poisoned Stab"]},{"cards_removed":["Strike_G"],"damage_healed":0.0,"max_hp_gain":0.0,"max_hp_loss":0.0,"gold_gain":0.0,"event_name":"Golden Wing","player_choice":"Card Removal","floor":4.0,"gold_loss":0.0,"damage_taken":7.0},{"damage_healed":0,"gold_gain":0,"player_choice":"Gave Potion","damage_taken":0,"relics_obtained":["MawBank"],"max_hp_gain":0,"max_hp_loss":0,"event_name":"WeMeetAgain","floor":14,"gold_loss":0},{"damage_healed":0,"gold_gain":0,"player_choice":"Obtained Book","damage_taken":21,"max_hp_gain":0,"max_hp_loss":0,"event_name":"Cursed Tome","floor":22,"gold_loss":0},{"damage_healed":0,"gold_gain":0,"player_choice":"1 cards matched","damage_taken":0,"max_hp_gain":0,"max_hp_loss":0,"event_name":"Match and Keep!","floor":25,"gold_loss":0,"cards_obtained":["Neutralize"]}],"is_beta":false,"boss_relics":[{"not_picked":["Black Star","Astrolabe"],"picked":"Busted Crown"}],"items_purged_floors":[7],"is_endless":false,"potions_floor_spawned":[5,21,23],"killed_by":"Gremlin Leader","ascension_level":18}