{"gold_per_floor":[114,130,130,144,219,219,244,261,261,261,275,2,17,17,17,17],"floor_reached":16,"playtime":1048,"items_purged":["Strike_G"],"score":102,"play_id":"61640b9a-43f7-49ec-aab1-71ab80011bd8","local_time":"20190717015313","is_ascension_mode":false,"campfire_choices":[{"floor":6,"key":"RECALL"},{"data":"Adrenaline","floor":10,"key":"SMITH"},{"floor":15,"key":"REST"}],"neow_cost":"NONE","seed_source_timestamp":312387157605600,"circlet_count":0,"master_deck":["Strike_G","Strike_G","Strike_G","Strike_G","Defend_G","Defend_G","Defend_G","Defend_G","Survivor","Neutralize","Poisoned Stab","Escape Plan","Adrenaline+1","Outmaneuver","Bane","Prepared"],"relics":["Ring of the Snake","Pocketwatch","Oddly Smooth Stone"],"potions_floor_usage":[7,16,16,16],"damage_taken":[{"damage":0,"enemies":"2 Louse","floor":1,"turns":3},{"damage":3,"enemies":"Jaw Worm","floor":2,"turns":4},{"damage":0,"enemies":"Small Slimes","floor":4,"turns":3},{"damage":35,"enemies":"Lagavulin","floor":7,"turns":8},{"damage":1,"enemies":"2 Fungi Beasts","floor":8,"turns":3},{"damage":15,"enemies":"Exordium Thugs","floor":11,"turns":8},{"damage":6,"enemies":"Large Slime","floor":13,"turns":6},{"damage":50,"enemies":"Slime Boss","floor":16,"turns":12}],"seed_played":"4552069972183501804","potions_obtained":[{"floor":4,"key":"SkillPotion"},{"floor":8,"key":"Energy Potion"},{"floor":11,"key":"Regen Potion"},{"floor":13,"key":"SpeedPotion"}],"is_trial":false,"path_per_floor":["M","M","?","M","?","R","E","M","T","R","M","$","M","$","R","B"],"character_chosen":"THE_SILENT","items_purchased":["Oddly Smooth Stone","Bane"],"campfire_rested":1,"item_purchase_floors":[12,12],"current_hp_per_floor":[77,74,74,74,63,63,28,27,27,27,12,12,6,6,29,0],"gold":17,"neow_bonus":"TEN_PERCENT_HP_BONUS","is_prod":false,"is_daily":false,"chose_seed":false,"campfire_upgraded":1,"win_rate":0,"timestamp":1563342793,"path_taken":["M","M","?","M","?","R","E","M","T","R","M","$","M","$","R","BOSS"],"build_version":"2019-07-05","purchased_purges":1,"victory":false,"max_hp_per_floor":[77,77,77,77,77,77,77,77,77,77,77,77,77,77,77,77],"card_choices":[{"not_picked":["Flying Knee","Underhanded Strike"],"picked":"Poisoned Stab","floor":1},{"not_picked":["Flying Knee","Underhanded Strike"],"picked":"Escape Plan","floor":2},{"not_picked":["Bane","Dodge and Roll"],"picked":"Adrenaline","floor":7},{"not_picked":["Blade Dance","Deadly Poison"],"picked":"Outmaneuver","floor":8},{"not_picked":["Underhanded Strike","Dagger Spray","Acrobatics"],"picked":"SKIP","floor":11},{"not_picked":["Quick Slash","Bane"],"picked":"Prepared","floor":13}],"player_experience":236370,"relics_obtained":[{"floor":7,"key":"Pocketwatch"}],"event_choices":[{"cards_removed":["Defend_G"],"damage_healed":0,"gold_gain":0,"player_choice":"Forget","damage_taken":0,"max_hp_gain":0,"max_hp_loss":0,"event_name":"Living Wall","floor":3,"gold_loss":0},{"damage_healed":0,"gold_gain":75,"player_choice":"Gather Gold","damage_taken":11,"max_hp_gain":0,"max_hp_loss":0,"event_name":"World of Goop","floor":5,"gold_loss":0}],"is_beta":false,"boss_relics":[],"items_purged_floors":[12],"is_endless":false,"potions_floor_spawned":[4,8,11,13],"killed_by":"Slime Boss","ascension_level":0}