{"gold_per_floor":[117,136,136,61,61,61,95,113,167,67,67,98,98,121,121,121],"floor_reached":16,"playtime":1175,"items_purged":["Strike_R","Strike_R"],"score":108,"play_id":"4add2aa0-af2a-4869-a7fd-9dee4114e705","local_time":"20190715230024","is_ascension_mode":false,"campfire_choices":[{"data":"Body Slam","floor":6,"key":"SMITH"},{"data":"Pommel Strike","floor":11,"key":"SMITH"},{"data":"Warcry","floor":15,"key":"SMITH"}],"neow_cost":"NONE","seed_source_timestamp":215489459267400,"circlet_count":0,"master_deck":["Strike_R","Defend_R","Defend_R","Defend_R","Defend_R","Bash","Body Slam+1","Pommel Strike+1","Warcry+1","Carnage"],"relics":["Burning Blood","Golden Idol","Omamori","Ancient Tea Set","Oddly Smooth Stone"],"potions_floor_usage":[12,12],"damage_taken":[{"damage":8,"enemies":"Cultist","floor":1,"turns":5},{"damage":9,"enemies":"2 Louse","floor":2,"turns":3},{"damage":31,"enemies":"Gremlin Nob","floor":7,"turns":5},{"damage":0,"enemies":"Small Slimes","floor":8,"turns":4},{"damage":7,"enemies":"3 Sentries","floor":12,"turns":11},{"damage":0,"enemies":"Looter","floor":14,"turns":3},{"damage":67,"enemies":"The Guardian","floor":16,"turns":10}],"seed_played":"-5411214104780182791","potions_obtained":[{"floor":7,"key":"Swift Potion"},{"floor":8,"key":"EssenceOfSteel"}],"is_trial":false,"path_per_floor":["M","M","?","$","?","R","E","M","T","$","R","E","?","M","R","B"],"character_chosen":"IRONCLAD","items_purchased":[],"campfire_rested":0,"item_purchase_floors":[],"current_hp_per_floor":[78,75,55,55,55,55,30,36,36,36,36,35,35,41,41,0],"gold":121,"neow_bonus":"REMOVE_CARD","is_prod":false,"is_daily":false,"chose_seed":false,"campfire_upgraded":3,"win_rate":0,"timestamp":1563246024,"path_taken":["M","M","?","$","?","R","E","?","T","$","R","E","?","M","R","BOSS"],"build_version":"2019-07-05","purchased_purges":2,"victory":false,"max_hp_per_floor":[80,80,80,80,80,80,80,80,80,80,80,80,80,80,80,80],"card_choices":[{"not_picked":["Perfected Strike","Whirlwind"],"picked":"Body Slam","floor":1},{"not_picked":["Havoc","Thunderclap"],"picked":"Pommel Strike","floor":2},{"not_picked":["Havoc","Wild Strike","Second Wind"],"picked":"SKIP","floor":7},{"not_picked":["Thunderclap","Corruption"],"picked":"Warcry","floor":8},{"not_picked":["Corruption","Power Through"],"picked":"Carnage","floor":12},{"not_picked":["Pummel","Combust","Second Wind"],"picked":"SKIP","floor":14}],"player_experience":201104,"relics_obtained":[{"floor":7,"key":"Omamori"},{"floor":9,"key":"Ancient Tea Set"},{"floor":12,"key":"Oddly Smooth Stone"}],"event_choices":[{"damage_healed":0,"gold_gain":0,"player_choice":"Take Damage","damage_taken":20,"relics_obtained":["Golden Idol"],"max_hp_gain":0,"max_hp_loss":0,"event_name":"Golden Idol","floor":3,"gold_loss":0},{"cards_removed":["Strike_R"],"damage_healed":0,"gold_gain":0,"player_choice":"Purged","damage_taken":0,"max_hp_gain":0,"max_hp_loss":0,"event_name":"Purifier","floor":5,"gold_loss":0},{"damage_healed":0,"gold_gain":0,"player_choice":"Ignored","damage_taken":0,"max_hp_gain":0,"max_hp_loss":0,"event_name":"Liars Game","floor":13,"gold_loss":0}],"is_beta":false,"boss_relics":[],"items_purged_floors":[4,10],"is_endless":false,"potions_floor_spawned":[7,8],"killed_by":"The Guardian","ascension_level":0}