{"gold_per_floor":[111,124,142,161,161,161,190,246,246,246,246,41,41,72,72,174,174,184,109,109,9,25,25,51,62,62,62],"floor_reached":27,"playtime":3145,"items_purged":["Strike_R","Strike_R"],"score":239,"play_id":"dbf86170-408e-4004-b2e8-85f0906bcbed","local_time":"20190812103226","is_ascension_mode":false,"campfire_choices":[{"data":"Bash","floor":6,"key":"SMITH"},{"data":"Heavy Blade","floor":10,"key":"SMITH"},{"data":"Spot Weakness","floor":15,"key":"SMITH"},{"data":"Shrug It Off","floor":23,"key":"SMITH"}],"neow_cost":"NONE","seed_source_timestamp":58016092738433,"circlet_count":0,"master_deck":["Strike_R","Strike_R","Strike_R","Defend_R","Defend_R","Defend_R","Bash+1","Heavy Blade+1","Armaments","Spot Weakness+1","Parasite","Shrug It Off+1","Twin Strike","Reaper","Spot Weakness+1","True Grit+1","Pommel Strike+1"],"relics":["Burning Blood","Dream Catcher","Regal Pillow","Pantograph","Oddly Smooth Stone","Blood Vial","Darkstone Periapt","Runic Pyramid","Bag of Marbles","Happy Flower"],"potions_floor_usage":[7,7,22,25],"damage_taken":[{"damage":0,"enemies":"Small Slimes","floor":1,"turns":3},{"damage":0,"enemies":"2 Louse","floor":2,"turns":3},{"damage":5,"enemies":"Jaw Worm","floor":3,"turns":5},{"damage":8,"enemies":"Blue Slaver","floor":4,"turns":6},{"damage":36,"enemies":"3 Sentries","floor":7,"turns":12},{"damage":33,"enemies":"Lagavulin","floor":14,"turns":8},{"damage":65,"enemies":"The Guardian","floor":16,"turns":16},{"damage":9,"enemies":"3 Byrds","floor":18,"turns":8},{"damage":15,"enemies":"2 Thieves","floor":22,"turns":4},{"damage":76,"enemies":"Book of Stabbing","floor":24,"turns":8},{"damage":24,"enemies":"Snecko","floor":25,"turns":4},{"damage":26,"enemies":"Slavers","floor":27,"turns":1}],"seed_played":"6519129350672132350","potions_obtained":[{"floor":2,"key":"LiquidBronze"},{"floor":4,"key":"BloodPotion"},{"floor":18,"key":"GamblersBrew"},{"floor":24,"key":"Poison Potion"}],"is_trial":false,"path_per_floor":["M","M","M","M","?","R","E","?","T","R","?","$","?","E","R","B",null,"M","$","?","$","M","R","E","M","T","E"],"character_chosen":"IRONCLAD","items_purchased":["Blood Vial","Shrug It Off"],"campfire_rested":0,"item_purchase_floors":[12,12],"current_hp_per_floor":[80,80,80,78,71,71,61,61,61,61,80,80,80,53,53,21,80,77,77,77,77,80,80,27,19,19,0],"gold":62,"neow_bonus":"RANDOM_COMMON_RELIC","is_prod":false,"is_daily":false,"chose_seed":false,"campfire_upgraded":4,"win_rate":0.0,"timestamp":1565620346,"path_taken":["M","M","M","M","?","R","E","?","T","R","?","$","?","E","R","BOSS","M","$","?","$","M","R","E","M","T","E"],"build_version":"2019-07-17","purchased_purges":2,"victory":false,"max_hp_per_floor":[80,80,80,80,80,80,80,80,80,80,80,80,80,80,80,80,80,80,80,80,80,80,80,80,80,80,80],"card_choices":[{"not_picked":["Pommel Strike","Iron Wave"],"picked":"Heavy Blade","floor":1},{"not_picked":["Rage","Body Slam"],"picked":"Armaments","floor":2},{"not_picked":["Infernal Blade","Clash","Entrench"],"picked":"SKIP","floor":3},{"not_picked":["Clash","Entrench","Fire Breathing"],"picked":"SKIP","floor":4},{"not_picked":["Blood for Blood","Power Through"],"picked":"Spot Weakness","floor":7},{"not_picked":["True Grit","Clothesline"],"picked":"Twin Strike","floor":14},{"not_picked":["Offering","Bludgeon"],"picked":"Reaper","floor":16},{"not_picked":["Reckless Charge","Sword Boomerang"],"picked":"Spot Weakness+1","floor":18},{"not_picked":["Bloodletting+1","Twin Strike"],"picked":"True Grit+1","floor":22},{"not_picked":["Anger","Cleave+1"],"picked":"Pommel Strike+1","floor":24},{"not_picked":["Anger","Pommel Strike","Sever Soul"],"picked":"SKIP","floor":25}],"player_experience":8203,"relics_obtained":[{"floor":7,"key":"Pantograph"},{"floor":9,"key":"Oddly Smooth Stone"},{"floor":14,"key":"Darkstone Periapt"},{"floor":24,"key":"Bag of Marbles"},{"floor":26,"key":"Happy Flower"}],"event_choices":[{"damage_healed":0,"gold_gain":0,"player_choice":"Success","damage_taken":7,"relics_obtained":["Regal Pillow"],"max_hp_gain":0,"max_hp_loss":0,"event_name":"Scrap Ooze","floor":5,"gold_loss":0},{"damage_healed":0,"gold_gain":56,"player_choice":"Gained Gold","damage_taken":0,"max_hp_gain":0,"max_hp_loss":0,"event_name":"Golden Wing","floor":8,"gold_loss":0},{"damage_healed":20,"gold_gain":0,"player_choice":"Healed and dodged fight","damage_taken":0,"max_hp_gain":0,"max_hp_loss":0,"event_name":"Mushrooms","floor":11,"gold_loss":0,"cards_obtained":["Parasite"]},{"damage_healed":0,"gold_gain":0,"player_choice":"Ignored","damage_taken":0,"max_hp_gain":0,"max_hp_loss":0,"event_name":"Golden Idol","floor":13,"gold_loss":0},{"cards_removed":["Defend_R"],"damage_healed":0,"gold_gain":0,"player_choice":"Elegance","damage_taken":0,"max_hp_gain":0,"max_hp_loss":0,"event_name":"Back to Basics","floor":20,"gold_loss":0}],"is_beta":false,"boss_relics":[{"not_picked":["Philosopher\u0027s Stone","Lizard Tail"],"picked":"Runic Pyramid"}],"items_purged_floors":[19,21],"is_endless":false,"potions_floor_spawned":[2,4,18,24],"killed_by":"Slavers","ascension_level":0}