{"gold_per_floor":[119,119,119,133,133,168,181,213,237,237,237,67,87,162,162,162],"floor_reached":16,"playtime":2369,"items_purged":["Strike_R"],"score":108,"play_id":"5ba8ef50-478e-4012-8c77-420b10b63022","local_time":"20190716002102","is_ascension_mode":false,"campfire_choices":[{"data":"Havoc","floor":10,"key":"SMITH"},{"data":"Searing Blow+1","floor":15,"key":"SMITH"}],"neow_cost":"NONE","seed_source_timestamp":219132436127900,"circlet_count":0,"master_deck":["Strike_R","Strike_R+1","Strike_R","Strike_R","Defend_R","Defend_R","Defend_R+1","Defend_R","Bash","Pommel Strike","Searing Blow+2","Havoc+1","Dark Shackles","Shrug It Off"],"relics":["Burning Blood","Oddly Smooth Stone","Omamori","Bronze Scales","Potion Belt"],"potions_floor_usage":[6,13],"damage_taken":[{"damage":3,"enemies":"Cultist","floor":1,"turns":5},{"damage":0,"enemies":"2 Louse","floor":4,"turns":3},{"damage":23,"enemies":"3 Sentries","floor":6,"turns":7},{"damage":3,"enemies":"Jaw Worm","floor":7,"turns":3},{"damage":24,"enemies":"Gremlin Nob","floor":8,"turns":4},{"damage":10,"enemies":"Looter","floor":13,"turns":2},{"damage":37,"enemies":"Slime Boss","floor":16,"turns":10}],"seed_played":"3609663118204655047","potions_obtained":[{"floor":4,"key":"AttackPotion"},{"floor":6,"key":"FearPotion"}],"is_trial":false,"path_per_floor":["M","?","?","M","?","E","M","E","T","R","T","$","M","?","R","B"],"character_chosen":"IRONCLAD","items_purchased":["Dark Shackles"],"campfire_rested":0,"item_purchase_floors":[12],"current_hp_per_floor":[88,70,75,81,81,64,67,49,49,49,49,49,45,34,34,0],"gold":162,"neow_bonus":"TEN_PERCENT_HP_BONUS","is_prod":false,"is_daily":false,"chose_seed":false,"campfire_upgraded":2,"win_rate":0,"timestamp":1563250862,"path_taken":["M","?","?","?","?","E","M","E","T","R","?","$","M","?","R","BOSS"],"build_version":"2019-07-05","purchased_purges":1,"victory":false,"max_hp_per_floor":[88,88,93,93,93,93,93,93,93,93,93,93,93,93,93,93],"card_choices":[{"not_picked":["Feel No Pain","Whirlwind"],"picked":"Pommel Strike","floor":1},{"not_picked":["Armaments","Headbutt"],"picked":"Searing Blow","floor":4},{"not_picked":["Burning Pact","True Grit","Clash"],"picked":"SKIP","floor":6},{"not_picked":["Warcry","Juggernaut","Burning Pact"],"picked":"SKIP","floor":7},{"not_picked":["Second Wind","Clothesline"],"picked":"Havoc","floor":8},{"not_picked":["Dropkick","Havoc"],"picked":"Shrug It Off","floor":13}],"player_experience":204694,"relics_obtained":[{"floor":6,"key":"Oddly Smooth Stone"},{"floor":8,"key":"Omamori"},{"floor":9,"key":"Bronze Scales"},{"floor":11,"key":"Potion Belt"}],"event_choices":[{"damage_healed":0,"gold_gain":0,"player_choice":"Entered Light","damage_taken":18,"max_hp_gain":0,"max_hp_loss":0,"event_name":"Shining Light","floor":2,"gold_loss":0,"cards_upgraded":["Strike_R","Defend_R"]},{"damage_healed":0,"gold_gain":0,"player_choice":"Donut","damage_taken":0,"max_hp_gain":5,"max_hp_loss":0,"event_name":"Big Fish","floor":3,"gold_loss":0},{"damage_healed":0,"gold_gain":0,"player_choice":"Grow","damage_taken":0,"max_hp_gain":0,"max_hp_loss":0,"event_name":"Living Wall","floor":5,"gold_loss":0,"cards_upgraded":["Searing Blow"]},{"damage_healed":0,"gold_gain":75,"player_choice":"Gather Gold","damage_taken":11,"max_hp_gain":0,"max_hp_loss":0,"event_name":"World of Goop","floor":14,"gold_loss":0}],"is_beta":false,"boss_relics":[],"items_purged_floors":[12],"is_endless":false,"potions_floor_spawned":[4,6],"killed_by":"Slime Boss","ascension_level":0}