{"gold_per_floor":[116,19,29,29,29,29,47,47,47,57,71,71,105,130,142,259,271,295,321,344,133,146,177,177,189,189,189,205,205,230,242,242,345,345,360,171,182,182,182,182,199,229,229,245,245,259,271,290,290,290],"floor_reached":51,"playtime":4744,"items_purged":["Defend_B","Strike_B"],"score":878,"play_id":"cb6e6849-bd29-4cdf-bb63-bc944ba2c079","local_time":"20190718014642","is_ascension_mode":true,"campfire_choices":[{"data":"Dualcast","floor":6,"key":"SMITH"},{"data":"Ball Lightning","floor":8,"key":"SMITH"},{"data":"Conserve Battery","floor":12,"key":"SMITH"},{"data":"Consume","floor":15,"key":"SMITH"},{"data":"Redo","floor":24,"key":"SMITH"},{"data":"Glacier","floor":27,"key":"SMITH"},{"data":"Sweeping Beam","floor":29,"key":"SMITH"},{"data":"Double Energy","floor":32,"key":"SMITH"},{"data":"Madness","floor":40,"key":"SMITH"},{"data":"Reboot","floor":45,"key":"SMITH"},{"floor":49,"key":"REST"}],"neow_cost":"NONE","seed_source_timestamp":39965143824100,"circlet_count":0,"master_deck":["Strike_B","Strike_B","Strike_B","Defend_B","Defend_B","Zap+1","Dualcast+1","Leap","Bandage Up","Coolheaded+1","Ball Lightning+1","Conserve Battery+1","Hologram","Glacier+1","Consume+1","Reboot+1","Conserve Battery","Sweeping Beam+1","Defragment+1","Redo+1","Chill","Defragment+1","Double Energy+1","Beam Cell+1","Rainbow","Sweeping Beam+1","Trip","Madness+1","Madness","Echo Form+1","Lockon+1","Regret","Parasite","Defragment+1","Seek"],"relics":["Cracked Core","Letter Opener","MawBank","Inserter","Oddly Smooth Stone","Incense Burner","Frozen Egg 2","Orichalcum","Cursed Key","Ice Cream","Dodecahedron"],"potions_floor_usage":[13,13,18,23,28,33,35,41,41,46,50],"damage_taken":[{"damage":3,"enemies":"2 Louse","floor":1,"turns":3},{"damage":6,"enemies":"Cultist","floor":3,"turns":3},{"damage":1,"enemies":"Jaw Worm","floor":7,"turns":4},{"damage":3,"enemies":"Exordium Wildlife","floor":10,"turns":3},{"damage":0,"enemies":"2 Fungi Beasts","floor":11,"turns":2},{"damage":1,"enemies":"Lagavulin","floor":13,"turns":7},{"damage":9,"enemies":"3 Louse","floor":14,"turns":2},{"damage":0,"enemies":"The Guardian","floor":16,"turns":14},{"damage":4,"enemies":"3 Byrds","floor":18,"turns":2},{"damage":3,"enemies":"Shell Parasite","floor":19,"turns":7},{"damage":4,"enemies":"Chosen and Byrds","floor":20,"turns":5},{"damage":15,"enemies":"Snake Plant","floor":22,"turns":5},{"damage":9,"enemies":"Slavers","floor":23,"turns":5},{"damage":0,"enemies":"Cultist and Chosen","floor":25,"turns":8},{"damage":4,"enemies":"Centurion and Healer","floor":28,"turns":6},{"damage":0,"enemies":"Book of Stabbing","floor":30,"turns":7},{"damage":7,"enemies":"Snecko","floor":31,"turns":3},{"damage":10,"enemies":"Automaton","floor":33,"turns":12},{"damage":15,"enemies":"3 Darklings","floor":35,"turns":5},{"damage":0,"enemies":"Orb Walker","floor":37,"turns":4},{"damage":1,"enemies":"Transient","floor":41,"turns":5},{"damage":0,"enemies":"Reptomancer","floor":42,"turns":7},{"damage":5,"enemies":"Writhing Mass","floor":44,"turns":4},{"damage":31,"enemies":"Jaw Worm Horde","floor":46,"turns":4},{"damage":4,"enemies":"Transient","floor":47,"turns":5},{"damage":0,"enemies":"3 Darklings","floor":48,"turns":6},{"damage":24,"enemies":"Time Eater","floor":50,"turns":12}],"seed_played":"9175987172122209669","potions_obtained":[{"floor":3,"key":"FearPotion"},{"floor":7,"key":"EntropicBrew"},{"floor":13,"key":"Dexterity Potion"},{"floor":14,"key":"GamblersBrew"},{"floor":16,"key":"PowerPotion"},{"floor":20,"key":"SpeedPotion"},{"floor":23,"key":"EssenceOfSteel"},{"floor":25,"key":"SteroidPotion"},{"floor":28,"key":"AttackPotion"},{"floor":31,"key":"FearPotion"},{"floor":35,"key":"FocusPotion"},{"floor":37,"key":"Dexterity Potion"},{"floor":44,"key":"Block Potion"}],"is_trial":false,"path_per_floor":["M","$","M","?","?","R","M","R","T","M","M","R","E","M","R","B",null,"M","M","M","$","M","E","R","M","T","R","M","R","E","M","R","B",null,"M","$","M","?","?","R","M","E","T","M","R","M","M","M","R","B",null],"character_chosen":"DEFECT","items_purchased":["Bandage Up","Oddly Smooth Stone","Trip"],"campfire_rested":1,"item_purchase_floors":[2,21,36],"current_hp_per_floor":[79,79,76,60,60,60,63,63,63,64,68,68,71,66,66,70,82,78,79,78,78,67,62,62,66,66,66,66,66,70,67,67,61,82,71,71,75,65,65,65,68,72,72,71,71,44,44,48,72,52],"gold":290,"neow_bonus":"TEN_PERCENT_HP_BONUS","is_prod":false,"is_daily":false,"chose_seed":false,"campfire_upgraded":10,"win_rate":0,"timestamp":1563428802,"path_taken":["M","$","M","?","?","R","M","R","T","M","M","R","E","M","R","BOSS","M","M","M","$","M","E","R","?","T","R","M","R","E","M","R","BOSS","M","$","M","?","?","R","M","E","T","M","R","M","M","M","R","BOSS"],"build_version":"2019-07-05","purchased_purges":2,"victory":true,"max_hp_per_floor":[82,82,82,82,82,82,82,82,82,82,82,82,82,82,82,82,82,82,82,82,82,82,82,82,82,82,82,82,82,82,82,82,82,82,82,82,82,82,82,82,82,82,82,82,82,82,82,82,82,82],"card_choices":[{"not_picked":["Turbo","Steam"],"picked":"Leap","floor":1},{"not_picked":["Redo","Leap"],"picked":"Coolheaded","floor":3},{"not_picked":["Doom and Gloom","Steam"],"picked":"Ball Lightning","floor":7},{"not_picked":["Aggregate","Sweeping Beam"],"picked":"Conserve Battery","floor":10},{"not_picked":["Skim","Compile Driver"],"picked":"Hologram","floor":11},{"not_picked":["Turbo","Heatsinks"],"picked":"Glacier","floor":13},{"not_picked":["Chill","Amplify"],"picked":"Consume","floor":14},{"not_picked":["Creative AI","Amplify"],"picked":"Reboot","floor":16},{"not_picked":["Streamline","Gash","Rip and Tear"],"picked":"SKIP","floor":18},{"not_picked":["Gash","Rip and Tear"],"picked":"Conserve Battery","floor":19},{"not_picked":["Beam Cell","Conserve Battery"],"picked":"Sweeping Beam","floor":20},{"not_picked":["Fusion+1","FTL"],"picked":"Defragment+1","floor":22},{"not_picked":["Capacitor","Static Discharge"],"picked":"Redo","floor":23},{"not_picked":["Scrape","Sweeping Beam"],"picked":"Chill","floor":25},{"not_picked":["Sweeping Beam+1","Leap"],"picked":"Defragment+1","floor":28},{"not_picked":["Consume+1","Fission"],"picked":"Double Energy","floor":30},{"not_picked":["Doom and Gloom","Ball Lightning"],"picked":"Beam Cell+1","floor":31},{"not_picked":["All For One","Multi-Cast"],"picked":"Rainbow","floor":33},{"not_picked":["Rip and Tear","Compile Driver"],"picked":"Sweeping Beam+1","floor":35},{"not_picked":["Barrage","Turbo","Sweeping Beam"],"picked":"SKIP","floor":37},{"not_picked":["Cold Snap","Conserve Battery+1"],"picked":"Echo Form+1","floor":41},{"not_picked":["Streamline+1","Redo"],"picked":"Lockon+1","floor":42},{"not_picked":["Gash","Go for the Eyes","Streamline"],"picked":"SKIP","floor":44},{"not_picked":["Go for the Eyes+1","Barrage+1"],"picked":"Defragment+1","floor":46},{"not_picked":["Turbo+1","Go for the Eyes+1"],"picked":"Seek","floor":47},{"not_picked":["Stack","Force Field","Ball Lightning"],"picked":"SKIP","floor":48}],"player_experience":260963,"relics_obtained":[{"floor":9,"key":"Letter Opener"},{"floor":13,"key":"MawBank"},{"floor":23,"key":"Incense Burner"},{"floor":26,"key":"Frozen Egg 2"},{"floor":30,"key":"Orichalcum"},{"floor":42,"key":"Ice Cream"},{"floor":43,"key":"Dodecahedron"}],"event_choices":[{"damage_healed":0,"gold_gain":0,"player_choice":"Entered Light","damage_taken":16,"max_hp_gain":0,"max_hp_loss":0,"event_name":"Shining Light","floor":4,"gold_loss":0,"cards_upgraded":["Coolheaded","Zap"]},{"cards_removed":["Defend_B"],"damage_healed":0,"gold_gain":0,"player_choice":"Purged","damage_taken":0,"max_hp_gain":0,"max_hp_loss":0,"event_name":"Purifier","floor":5,"gold_loss":0},{"damage_healed":0,"gold_gain":0,"player_choice":"Embrace Madness","damage_taken":10,"max_hp_gain":0,"max_hp_loss":0,"event_name":"Winding Halls","floor":38,"gold_loss":0,"cards_obtained":["Madness","Madness"]},{"damage_healed":0,"gold_gain":0,"player_choice":"Ignored","damage_taken":0,"max_hp_gain":0,"max_hp_loss":0,"event_name":"Tomb of Lord Red Mask","floor":39,"gold_loss":0}],"is_beta":false,"boss_relics":[{"not_picked":["Eternal Feather","Empty Cage"],"picked":"Inserter"},{"not_picked":["Tiny House","White Beast Statue"],"picked":"Cursed Key"}],"items_purged_floors":[21,36],"is_endless":false,"potions_floor_spawned":[3,7,13,14,16,20,23,25,28,31,35,37,44],"ascension_level":2}