{"gold_per_floor":[209,229,229,239,255,255,269,299,299,318,24,24,24,34,34,131,131,143,50,50,67,67,95,95,0,54,72,91,126,33,33,33,135,185,195,4,19,19,34,34,50,50,50,50,68,81,81,44,44,44],"floor_reached":50,"playtime":6772,"items_purged":["Strike_G"],"score":534,"play_id":"a3be3dbf-d6b0-46ee-b83a-9b7395f14fed","local_time":"20190807160916","is_ascension_mode":false,"campfire_choices":[{"data":"Deadly Poison","floor":6.0,"key":"SMITH"},{"data":"Well Laid Plans","floor":12.0,"key":"SMITH"},{"data":"Malaise","floor":15.0,"key":"SMITH"},{"data":"1","floor":24.0,"key":"LIFT"},{"data":"Cloak And Dagger","floor":32.0,"key":"SMITH"},{"data":"2","floor":40,"key":"LIFT"},{"data":"3","floor":42,"key":"LIFT"},{"data":"Strike_G","floor":49,"key":"PURGE"}],"neow_cost":"NONE","seed_source_timestamp":0,"circlet_count":0,"master_deck":["Strike_G","Strike_G","Defend_G","Defend_G","Defend_G","Defend_G","Defend_G","Survivor+1","Neutralize","Quick Slash","Quick Slash","Skewer","Deadly Poison+1","Deadly Poison","Malaise+1","Well Laid Plans+1","Noxious Fumes+1","PiercingWail","Adrenaline","Crippling Poison+1","Infinite Blades","Backflip","Ghostly","Ghostly","Ghostly","Ghostly","Ghostly","Calculated Gamble","Necronomicurse","Storm of Steel","Escape Plan","Footwork+1","Cloak And Dagger+1","Caltrops","Tools of the Trade","Acrobatics","Leg Sweep+1","Dodge and Roll+1","Dark Shackles","Noxious Fumes+1","Bandage Up","Well Laid Plans"],"special_seed":0,"relics":["Ring of the Snake","Girya","Turnip","Lantern","Coffee Dripper","Necronomicon","Meat on the Bone","Tiny Chest","Peace Pipe","Tiny House","Membership Card","Mercury Hourglass"],"potions_floor_usage":[50,50,50],"damage_taken":[{"damage":2.0,"enemies":"Small Slimes","floor":1.0,"turns":4.0},{"damage":2.0,"enemies":"Cultist","floor":2.0,"turns":4.0},{"damage":0.0,"enemies":"Jaw Worm","floor":4.0,"turns":4.0},{"damage":2.0,"enemies":"Large Slime","floor":5.0,"turns":7.0},{"damage":2.0,"enemies":"Blue Slaver","floor":7.0,"turns":4.0},{"damage":4.0,"enemies":"Gremlin Nob","floor":8.0,"turns":3.0},{"damage":0.0,"enemies":"2 Fungi Beasts","floor":10.0,"turns":4.0},{"damage":9.0,"enemies":"Exordium Thugs","floor":14.0,"turns":5.0},{"damage":3.0,"enemies":"The Guardian","floor":16.0,"turns":8.0},{"damage":12.0,"enemies":"2 Thieves","floor":18.0,"turns":4.0},{"damage":3.0,"enemies":"Chosen","floor":21.0,"turns":4.0},{"damage":7.0,"enemies":"Slavers","floor":23.0,"turns":6.0},{"damage":0.0,"enemies":"Centurion and Healer","floor":27.0,"turns":7.0},{"damage":1.0,"enemies":"Snecko","floor":28.0,"turns":5.0},{"damage":3.0,"enemies":"Gremlin Leader","floor":29.0,"turns":7.0},{"damage":4.0,"enemies":"Collector","floor":33.0,"turns":11.0},{"damage":2,"enemies":"3 Shapes","floor":35,"turns":9},{"damage":1,"enemies":"Orb Walker","floor":37,"turns":6},{"damage":2,"enemies":"Maw","floor":39,"turns":11},{"damage":2,"enemies":"4 Shapes","floor":41,"turns":10},{"damage":11,"enemies":"Sphere and 2 Shapes","floor":45,"turns":7},{"damage":0,"enemies":"3 Darklings","floor":46,"turns":8},{"damage":28,"enemies":"Donu and Deca","floor":50,"turns":2}],"seed_played":"-8436095931559790852","potions_obtained":[{"floor":1.0,"key":"FearPotion"},{"floor":2.0,"key":"FairyPotion"},{"floor":4.0,"key":"SpeedPotion"},{"floor":10.0,"key":"Dexterity Potion"},{"floor":14.0,"key":"Energy Potion"},{"floor":18.0,"key":"AttackPotion"},{"floor":21.0,"key":"Poison Potion"},{"floor":23.0,"key":"Regen Potion"},{"floor":34,"key":"Swift Potion"},{"floor":37,"key":"EssenceOfSteel"}],"is_trial":false,"path_per_floor":["M","M","?","M","M","R","M","E","T","M","$","R","?","M","R","B",null,"M","$","?","M","?","E","R","?","T","M","M","E","$","?","R","B",null,"M","$","M","?","M","R","M","R","T","?","M","M","?","$","R","B"],"character_chosen":"THE_SILENT","items_purchased":["Lantern","Noxious Fumes","Infinite Blades","Backflip","Cloak And Dagger","Caltrops","Membership Card","Well Laid Plans"],"campfire_rested":0,"item_purchase_floors":[11,11,19,19,30,30,36,48],"current_hp_per_floor":[68,66,66,66,64,64,62,58,58,58,58,58,58,49,49,46,70,58,58,35,32,16,9,9,9,9,24,23,20,20,20,20,28,40,38,38,37,37,35,35,33,33,33,33,22,22,22,22,22,0],"gold":44,"neow_bonus":"HUNDRED_GOLD","is_prod":false,"is_daily":false,"chose_seed":false,"campfire_upgraded":4,"win_rate":0,"timestamp":1565208556,"path_taken":["M","M","?","M","?","R","M","E","T","M","$","R","?","M","R","BOSS","M","$","?","M","?","E","R","?","T","M","M","E","?","?","R","BOSS","M","$","M","?","M","R","M","R","T","?","M","M","?","$","R","BOSS"],"build_version":"2019-07-17","purchased_purges":1,"victory":false,"max_hp_per_floor":[70,70,70,70,70,70,70,70,70,70,70,70,70,70,70,70,70,70,70,35,35,35,35,35,35,35,35,35,35,35,35,35,35,40,40,40,40,40,40,40,40,40,40,40,40,40,40,40,40,40],"card_choices":[{"not_picked":["Riddle With Holes","Masterful Stab"],"picked":"Quick Slash","floor":1.0},{"not_picked":["Bouncing Flask","Distraction"],"picked":"Quick Slash","floor":2.0},{"not_picked":["Terror","Poisoned Stab"],"picked":"Skewer","floor":4.0},{"not_picked":["Predator","Dodge and Roll"],"picked":"Deadly Poison","floor":5.0},{"not_picked":["Dagger Throw","Bane"],"picked":"Deadly Poison","floor":7.0},{"not_picked":["Caltrops","Terror"],"picked":"Malaise","floor":8.0},{"not_picked":["Riddle With Holes","Blade Dance"],"picked":"Well Laid Plans","floor":10.0},{"not_picked":["Dodge and Roll","Slice"],"picked":"PiercingWail","floor":14.0},{"not_picked":["Envenom","Die Die Die"],"picked":"Adrenaline","floor":16.0},{"not_picked":["Underhanded Strike","Prepared"],"picked":"Crippling Poison+1","floor":18.0},{"not_picked":["Prepared+1","Dodge and Roll"],"picked":"Calculated Gamble","floor":21.0},{"not_picked":["Deadly Poison","Escape Plan"],"picked":"Storm of Steel","floor":23.0},{"not_picked":["Dagger Spray","Deflect+1"],"picked":"Escape Plan","floor":27.0},{"not_picked":["Sucker Punch","Crippling Poison","Acrobatics"],"picked":"SKIP","floor":28.0},{"not_picked":["All Out Attack+1","Backstab"],"picked":"Footwork+1","floor":29.0},{"not_picked":["Bullet Time","Die Die Die"],"picked":"Tools of the Trade","floor":33.0},{"not_picked":["Skewer","Backstab"],"picked":"Acrobatics","floor":34},{"not_picked":["Deadly Poison+1","Concentrate+1"],"picked":"Leg Sweep+1","floor":35},{"not_picked":["Deflect","Slice"],"picked":"Dodge and Roll+1","floor":37},{"not_picked":["Forethought","Deep Breath"],"picked":"Dark Shackles","floor":38},{"not_picked":["Quick Slash","Heel Hook","Expertise"],"picked":"SKIP","floor":39},{"not_picked":["Flying Knee+1","Backflip"],"picked":"Noxious Fumes+1","floor":41},{"not_picked":["Slice","Deadly Poison","Quick Slash"],"picked":"SKIP","floor":45},{"not_picked":["Eviscerate+1","Flying Knee","Dagger Spray+1"],"picked":"SKIP","floor":46}],"player_experience":2629911,"relics_obtained":[{"floor":8.0,"key":"Girya"},{"floor":9.0,"key":"Turnip"},{"floor":22.0,"key":"Necronomicon"},{"floor":23.0,"key":"Meat on the Bone"},{"floor":26.0,"key":"Tiny Chest"},{"floor":29.0,"key":"Peace Pipe"},{"floor":43,"key":"Mercury Hourglass"}],"event_choices":[{"damage_healed":0.0,"max_hp_gain":0.0,"max_hp_loss":0.0,"gold_gain":0.0,"event_name":"NoteForYourself","player_choice":"Ignored","floor":3.0,"gold_loss":0.0,"damage_taken":0.0},{"damage_healed":0.0,"max_hp_gain":0.0,"max_hp_loss":0.0,"gold_gain":0.0,"event_name":"Upgrade Shrine","player_choice":"Upgraded","floor":13.0,"gold_loss":0.0,"damage_taken":0.0,"cards_upgraded":["Noxious Fumes"]},{"damage_healed":0.0,"max_hp_gain":0.0,"max_hp_loss":35.0,"gold_gain":0.0,"event_name":"Ghosts","player_choice":"Became a Ghost","floor":20.0,"gold_loss":0.0,"damage_taken":0.0,"cards_obtained":["Ghostly","Ghostly","Ghostly","Ghostly","Ghostly"]},{"damage_healed":0.0,"max_hp_gain":0.0,"max_hp_loss":0.0,"gold_gain":0.0,"event_name":"Cursed Tome","player_choice":"Obtained Book","floor":22.0,"gold_loss":0.0,"damage_taken":16.0},{"damage_healed":0.0,"max_hp_gain":0.0,"max_hp_loss":0.0,"gold_gain":0.0,"event_name":"Masked Bandits","player_choice":"Paid Fearfully","floor":25.0,"gold_loss":95.0,"damage_taken":0.0},{"damage_healed":0.0,"max_hp_gain":0.0,"max_hp_loss":0.0,"gold_gain":0.0,"event_name":"Vampires","player_choice":"Ignored","floor":31.0,"gold_loss":0.0,"damage_taken":0.0},{"damage_healed":0,"gold_gain":0,"player_choice":"Memory 1","damage_taken":0,"max_hp_gain":0,"max_hp_loss":0,"event_name":"SensoryStone","floor":38,"gold_loss":0},{"cards_removed":["Strike_G"],"damage_healed":0,"gold_gain":0,"player_choice":"Removed Attack","damage_taken":0,"max_hp_gain":0,"max_hp_loss":0,"event_name":"Falling","floor":44,"gold_loss":0},{"damage_healed":0,"gold_gain":0,"player_choice":"1 cards matched","damage_taken":0,"max_hp_gain":0,"max_hp_loss":0,"event_name":"Match and Keep!","floor":47,"gold_loss":0,"cards_obtained":["Bandage Up"]}],"is_beta":false,"boss_relics":[{"not_picked":["Orrery","Busted Crown"],"picked":"Coffee Dripper"},{"not_picked":["Runic Dome","Philosopher\u0027s Stone"],"picked":"Tiny House"}],"items_purged_floors":[11],"is_endless":false,"potions_floor_spawned":[1,2,4,10,14,18,21,23,37,45],"killed_by":"Donu and Deca","ascension_level":0}