{"gold_per_floor":[212,18,30,30,7,7,35,46,46,11,25,25,42,20,20,117,117,132,132,132,132,132,132,166,182,208,208,208,85,95,106,106,207,207,217,235,135,148,148],"floor_reached":39,"playtime":2368,"items_purged":["Writhe","Pain"],"score":541,"play_id":"05351e9e-3b2e-4750-be81-906a0b235584","local_time":"20190804144452","is_ascension_mode":true,"campfire_choices":[{"data":"Berserk","floor":6,"key":"SMITH"},{"floor":12,"key":"RECALL"},{"data":"Infernal Blade","floor":15,"key":"SMITH"},{"data":"Inflame","floor":23,"key":"SMITH"},{"data":"Fire Breathing","floor":27,"key":"SMITH"},{"data":"Bash","floor":32,"key":"SMITH"}],"neow_cost":"NONE","seed_source_timestamp":1614539761316500,"circlet_count":0,"master_deck":["Strike_R","Strike_R","Strike_R","Strike_R","Strike_R","Defend_R","Defend_R","Defend_R","Defend_R","Bash+1","Inflame+1","Fire Breathing+1","Berserk+1","Thunderclap","Heavy Blade","Thunderclap","Infernal Blade+1","Anger","Shrug It Off","Offering","Whirlwind+1","J.A.X.","Pommel Strike","Battle Trance","Flex","Limit Break","Clumsy","Pain","Clothesline","Cleave","Headbutt+1"],"relics":["Burning Blood","Orichalcum","Pocketwatch","Eternal Feather","Mummified Hand","Potion Belt","Pear","Calling Bell","Oddly Smooth Stone","Bird Faced Urn","Letter Opener"],"potions_floor_usage":[30,31,33,39],"damage_taken":[{"damage":12,"enemies":"Small Slimes","floor":1,"turns":5},{"damage":8,"enemies":"2 Louse","floor":3,"turns":3},{"damage":20,"enemies":"Gremlin Nob","floor":7,"turns":4},{"damage":8,"enemies":"Jaw Worm","floor":8,"turns":3},{"damage":10,"enemies":"Looter","floor":11,"turns":2},{"damage":9,"enemies":"3 Louse","floor":13,"turns":3},{"damage":0,"enemies":"Slime Boss","floor":16,"turns":5},{"damage":6,"enemies":"Chosen","floor":18,"turns":3},{"damage":21,"enemies":"Gremlin Leader","floor":24,"turns":4},{"damage":11,"enemies":"Spheric Guardian","floor":25,"turns":3},{"damage":18,"enemies":"Snake Plant","floor":30,"turns":2},{"damage":28,"enemies":"Snecko","floor":31,"turns":5},{"damage":31,"enemies":"Automaton","floor":33,"turns":6},{"damage":40,"enemies":"3 Darklings","floor":35,"turns":3},{"damage":27,"enemies":"Orb Walker","floor":36,"turns":3},{"damage":20,"enemies":"3 Darklings","floor":38,"turns":2},{"damage":30,"enemies":"2 Orb Walkers","floor":39,"turns":2}],"seed_played":"5325335298490805899","potions_obtained":[{"floor":1,"key":"Dexterity Potion"},{"floor":11,"key":"GamblersBrew"},{"floor":13,"key":"AttackPotion"},{"floor":24,"key":"SteroidPotion"},{"floor":25,"key":"Energy Potion"},{"floor":36,"key":"PowerPotion"},{"floor":38,"key":"Weak Potion"}],"is_trial":false,"path_per_floor":["M","$","M","?","$","R","E","M","T","?","M","R","M","$","R","B",null,"M","?","?","?","?","R","E","M","T","R","?","$","M","M","R","B",null,"M","M","$","M","?"],"character_chosen":"IRONCLAD","items_purchased":["Orichalcum","Fire Breathing","Thunderclap","Shrug It Off","Flex"],"campfire_rested":0,"item_purchase_floors":[2,2,5,14,29],"current_hp_per_floor":[74,74,72,77,77,77,63,61,61,82,78,78,75,75,75,81,85,85,85,69,69,69,81,66,61,61,73,83,83,71,49,64,39,100,70,51,51,39,11],"gold":148,"neow_bonus":"HUNDRED_GOLD","is_prod":false,"is_daily":false,"chose_seed":false,"campfire_upgraded":5,"win_rate":0,"timestamp":1564919092,"path_taken":["M","$","M","?","$","R","E","M","T","?","M","R","M","?","R","BOSS","M","?","?","?","?","R","E","?","T","R","?","$","M","M","R","BOSS","M","M","$","M","?"],"build_version":"2019-07-17","purchased_purges":2,"victory":false,"max_hp_per_floor":[80,80,80,85,85,85,85,85,85,85,85,85,85,85,85,85,85,85,85,90,90,90,90,90,90,90,90,100,100,100,100,100,100,100,100,100,100,100,100],"card_choices":[{"not_picked":["Anger","Clash"],"picked":"Inflame","floor":1},{"not_picked":["Entrench","Body Slam"],"picked":"Berserk","floor":3},{"not_picked":["Warcry","Cleave"],"picked":"Heavy Blade","floor":7},{"not_picked":["Flex","Warcry"],"picked":"Thunderclap","floor":8},{"not_picked":["Sword Boomerang","Shrug It Off"],"picked":"Infernal Blade","floor":11},{"not_picked":["Clash","Burning Pact"],"picked":"Anger","floor":13},{"not_picked":["Limit Break","Dark Embrace"],"picked":"Offering","floor":16},{"not_picked":["Clash","Warcry"],"picked":"Whirlwind","floor":18},{"not_picked":["True Grit","Sentinel"],"picked":"Pommel Strike","floor":24},{"not_picked":["Thunderclap","Infernal Blade"],"picked":"Battle Trance","floor":25},{"not_picked":["Feel No Pain","Burning Pact","True Grit"],"picked":"SKIP","floor":30},{"not_picked":["Sentinel+1","Second Wind","Havoc"],"picked":"SKIP","floor":31},{"not_picked":["Exhume","Offering"],"picked":"Limit Break","floor":33},{"not_picked":["Battle Trance+1","Rampage"],"picked":"Clothesline","floor":35},{"not_picked":["Shrug It Off+1","Entrench+1"],"picked":"Cleave","floor":36},{"not_picked":["Sever Soul+1","Double Tap"],"picked":"Headbutt+1","floor":38}],"player_experience":51560,"relics_obtained":[{"floor":7,"key":"Pocketwatch"},{"floor":24,"key":"Mummified Hand"},{"floor":26,"key":"Potion Belt"},{"floor":34,"key":"Oddly Smooth Stone"},{"floor":34,"key":"Bird Faced Urn"},{"floor":34,"key":"Letter Opener"}],"event_choices":[{"damage_healed":0,"gold_gain":0,"player_choice":"Donut","damage_taken":0,"max_hp_gain":5,"max_hp_loss":0,"event_name":"Big Fish","floor":4,"gold_loss":0},{"damage_healed":21,"gold_gain":0,"player_choice":"Healed","damage_taken":0,"max_hp_gain":0,"max_hp_loss":0,"event_name":"The Cleric","floor":10,"gold_loss":35},{"damage_healed":0,"gold_gain":0,"player_choice":"Obtain J.A.X.","damage_taken":0,"max_hp_gain":0,"max_hp_loss":0,"event_name":"Drug Dealer","floor":19,"gold_loss":0,"cards_obtained":["J.A.X."]},{"damage_healed":0,"gold_gain":0,"player_choice":"Shed Blood","damage_taken":21,"max_hp_gain":5,"max_hp_loss":0,"event_name":"Forgotten Altar","floor":20,"gold_loss":0},{"damage_healed":0,"gold_gain":0,"player_choice":"Ignored","damage_taken":0,"max_hp_gain":0,"max_hp_loss":0,"event_name":"Ghosts","floor":21,"gold_loss":0},{"damage_healed":0,"gold_gain":0,"player_choice":"Upgraded","damage_taken":0,"max_hp_gain":0,"max_hp_loss":0,"event_name":"Upgrade Shrine","floor":22,"gold_loss":0,"cards_upgraded":["Whirlwind"]},{"damage_healed":0,"gold_gain":0,"player_choice":"Opened","damage_taken":0,"relics_obtained":["Pear"],"max_hp_gain":0,"max_hp_loss":0,"event_name":"The Mausoleum","floor":28,"gold_loss":0,"cards_obtained":["Writhe"]},{"damage_healed":0,"gold_gain":0,"player_choice":"Fight","damage_taken":0,"max_hp_gain":0,"max_hp_loss":0,"event_name":"Mysterious Sphere","floor":39,"gold_loss":0}],"is_beta":false,"boss_relics":[{"not_picked":["Fusion Hammer","Snecko Eye"],"picked":"Eternal Feather"},{"not_picked":["Runic Cube","Astrolabe"],"picked":"Calling Bell"}],"items_purged_floors":[29,37],"is_endless":false,"potions_floor_spawned":[1,11,13,24,25,36,38],"killed_by":"2 Orb Walkers","ascension_level":3}