{"gold_per_floor":[116,127,127,139,93,93,123,82,109,124,154,169,169,7,7,111,111,125,125,125,65,65,65,99,99,99,114,114,114,131,141,141,236,236,255,255,255,255,306,306,320,320,347,675,675,686,502,502,502,502],"floor_reached":51,"playtime":6406,"items_purged":["Strike_G","Strike_G"],"score":649,"play_id":"ced4b5d4-2767-46ed-a335-ef6e3f35af46","local_time":"20190812141430","is_ascension_mode":false,"campfire_choices":[{"data":"Neutralize","floor":6,"key":"SMITH"},{"floor":13,"key":"REST"},{"data":"Footwork","floor":15,"key":"SMITH"},{"data":"Dagger Spray","floor":23,"key":"SMITH"},{"floor":25,"key":"REST"},{"floor":29,"key":"REST"},{"floor":32,"key":"REST"},{"data":"Deadly Poison","floor":40,"key":"SMITH"},{"data":"1","floor":42,"key":"LIFT"},{"data":"Deadly Poison","floor":49,"key":"SMITH"}],"neow_cost":"NONE","seed_source_timestamp":68068279501815,"circlet_count":0,"master_deck":["Strike_G","Defend_G+1","Defend_G","Defend_G","Defend_G+1","Defend_G","Survivor","Neutralize+1","Dagger Throw","Dagger Spray+1","Dagger Spray","Well Laid Plans","Backflip","Poisoned Stab","Deadly Poison+1","Footwork+1","Deadly Poison+1","Malaise","Crippling Poison","Leg Sweep","Escape Plan","Dodge and Roll","Deadly Poison","Sucker Punch","Envenom","Dodge and Roll+1","Footwork+1","Prepared+1","Caltrops","Footwork","PiercingWail"],"relics":["Ring of the Snake","PreservedInsect","Juzu Bracelet","Bag of Marbles","Omamori","War Paint","Empty Cage","Bottled Flame","Girya","Busted Crown","Dream Catcher","Centennial Puzzle","Old Coin"],"potions_floor_usage":[7,7,11,16,50,50],"damage_taken":[{"damage":0,"enemies":"2 Louse","floor":1,"turns":3},{"damage":0,"enemies":"Cultist","floor":2,"turns":4},{"damage":0,"enemies":"Jaw Worm","floor":4,"turns":6},{"damage":21,"enemies":"Lagavulin","floor":7,"turns":4},{"damage":0,"enemies":"Large Slime","floor":10,"turns":5},{"damage":4,"enemies":"3 Sentries","floor":11,"turns":4},{"damage":0,"enemies":"Blue Slaver","floor":12,"turns":4},{"damage":48,"enemies":"Slime Boss","floor":16,"turns":12},{"damage":0,"enemies":"3 Byrds","floor":18,"turns":6},{"damage":0,"enemies":"2 Thieves","floor":21,"turns":4},{"damage":17,"enemies":"Gremlin Leader","floor":24,"turns":8},{"damage":8,"enemies":"Centurion and Healer","floor":27,"turns":10},{"damage":26,"enemies":"Colosseum Slavers","floor":28,"turns":8},{"damage":4,"enemies":"Chosen and Byrds","floor":30,"turns":9},{"damage":10,"enemies":"Snake Plant","floor":31,"turns":5},{"damage":33,"enemies":"Champ","floor":33,"turns":20},{"damage":0,"enemies":"3 Shapes","floor":35,"turns":6},{"damage":5,"enemies":"3 Darklings","floor":41,"turns":6},{"damage":13,"enemies":"Giant Head","floor":44,"turns":8},{"damage":0,"enemies":"Writhing Mass","floor":46,"turns":9},{"damage":34,"enemies":"Time Eater","floor":50,"turns":18}],"seed_played":"-698554164868945922","potions_obtained":[{"floor":1,"key":"PowerPotion"},{"floor":2,"key":"FearPotion"},{"floor":10,"key":"Dexterity Potion"},{"floor":12,"key":"SkillPotion"},{"floor":24,"key":"Fire Potion"},{"floor":30,"key":"Strength Potion"},{"floor":33,"key":"Block Potion"}],"is_trial":false,"path_per_floor":["M","M","?","M","$","R","E","?","T","M","E","M","R","$","R","B",null,"M","?","?","M","?","R","E","R","T","M","?","R","M","M","R","B",null,"M","?","?","?","T","R","M","R","T","E","?","M","$","?","R","B",null],"character_chosen":"THE_SILENT","items_purchased":["Dagger Spray","Footwork","Deadly Poison","Footwork","PiercingWail"],"campfire_rested":4,"item_purchase_floors":[5,14,14,47,47],"current_hp_per_floor":[70,70,70,70,70,70,49,49,49,49,45,45,66,66,66,18,70,70,57,57,57,57,57,40,62,62,54,28,50,46,36,58,25,75,75,75,75,75,75,75,70,70,70,57,75,75,75,75,75,41],"gold":502,"neow_bonus":"RANDOM_COMMON_RELIC","is_prod":false,"is_daily":false,"chose_seed":false,"campfire_upgraded":5,"win_rate":0.0,"timestamp":1565633670,"path_taken":["M","M","?","M","$","R","E","?","T","M","E","M","R","$","R","BOSS","M","?","?","M","?","R","E","R","T","M","?","R","M","M","R","BOSS","M","?","?","?","?","R","M","R","T","E","?","M","$","?","R","BOSS"],"build_version":"2019-07-17","purchased_purges":2,"victory":true,"max_hp_per_floor":[70,70,70,70,70,70,70,70,70,70,70,70,70,70,70,70,70,70,75,75,75,75,75,75,75,75,75,75,75,75,75,75,75,75,75,75,75,75,75,75,75,75,75,75,75,75,75,75,75,75],"card_choices":[{"not_picked":["Caltrops","Backstab"],"picked":"Deflect","floor":1},{"not_picked":["Underhanded Strike","Blade Dance"],"picked":"Dagger Throw","floor":2},{"not_picked":["Poisoned Stab","Terror"],"picked":"Dagger Spray","floor":4},{"not_picked":["Phantasmal Killer","Tactician"],"picked":"Well Laid Plans","floor":7},{"not_picked":["Blur","All Out Attack"],"picked":"Backflip","floor":10},{"not_picked":["All Out Attack","Blur"],"picked":"Poisoned Stab","floor":11},{"not_picked":["Riddle With Holes","PiercingWail"],"picked":"Deadly Poison","floor":12},{"not_picked":["Night Terror","Envenom"],"picked":"Malaise","floor":16},{"not_picked":["Heel Hook","Prepared+1"],"picked":"Crippling Poison","floor":18},{"not_picked":["Deflect","Dagger Throw","Blade Dance"],"picked":"SKIP","floor":21},{"not_picked":["Die Die Die","Dagger Throw"],"picked":"Escape Plan","floor":24},{"not_picked":["Deadly Poison","Acrobatics"],"picked":"Dodge and Roll","floor":27},{"not_picked":["Terror","Prepared"],"picked":"Deadly Poison","floor":30},{"not_picked":["Underhanded Strike","Dagger Throw"],"picked":"Sucker Punch","floor":31},{"not_picked":["Glass Knife","Wraith Form v2"],"picked":"Envenom","floor":33},{"not_picked":[],"picked":"Dodge and Roll+1","floor":35},{"not_picked":[],"picked":"Prepared+1","floor":41},{"not_picked":[],"picked":"Caltrops","floor":44},{"not_picked":["Sucker Punch+1"],"picked":"SKIP","floor":46}],"player_experience":16329,"relics_obtained":[{"floor":7,"key":"Bag of Marbles"},{"floor":9,"key":"Omamori"},{"floor":11,"key":"War Paint"},{"floor":24,"key":"Bottled Flame"},{"floor":26,"key":"Girya"},{"floor":39,"key":"Dream Catcher"},{"floor":43,"key":"Centennial Puzzle"},{"floor":44,"key":"Old Coin"}],"event_choices":[{"cards_removed":["Deflect"],"damage_healed":0,"gold_gain":0,"player_choice":"Gave Card","damage_taken":0,"relics_obtained":["Juzu Bracelet"],"max_hp_gain":0,"max_hp_loss":0,"event_name":"WeMeetAgain","floor":3,"gold_loss":0},{"damage_healed":0,"gold_gain":0,"player_choice":"Left Gold","damage_taken":0,"max_hp_gain":0,"max_hp_loss":0,"event_name":"World of Goop","floor":8,"gold_loss":41},{"damage_healed":0,"gold_gain":0,"player_choice":"Shed Blood","damage_taken":18,"max_hp_gain":5,"max_hp_loss":0,"event_name":"Forgotten Altar","floor":19,"gold_loss":0},{"damage_healed":0,"gold_gain":0,"player_choice":"Read","damage_taken":0,"max_hp_gain":0,"max_hp_loss":0,"event_name":"The Library","floor":20,"gold_loss":0,"cards_obtained":["Leg Sweep"]},{"damage_healed":0,"gold_gain":0,"player_choice":"Fight","damage_taken":0,"max_hp_gain":0,"max_hp_loss":0,"event_name":"Colosseum","floor":28,"gold_loss":0},{"damage_healed":0,"gold_gain":0,"player_choice":"Fled From Nobs","damage_taken":0,"max_hp_gain":0,"max_hp_loss":0,"event_name":"Colosseum","floor":28,"gold_loss":0},{"damage_healed":0,"gold_gain":0,"player_choice":"Copied","damage_taken":0,"max_hp_gain":0,"max_hp_loss":0,"event_name":"Duplicator","floor":36,"gold_loss":0,"cards_obtained":["Footwork"]},{"damage_healed":0,"gold_gain":0,"player_choice":"Ignored","damage_taken":0,"max_hp_gain":0,"max_hp_loss":0,"event_name":"Mysterious Sphere","floor":37,"gold_loss":0},{"damage_healed":0,"gold_gain":0,"player_choice":"Ignored","damage_taken":0,"max_hp_gain":0,"max_hp_loss":0,"event_name":"Tomb of Lord Red Mask","floor":38,"gold_loss":0},{"damage_healed":18,"gold_gain":0,"player_choice":"Heal","damage_taken":0,"max_hp_gain":0,"max_hp_loss":0,"event_name":"MindBloom","floor":45,"gold_loss":0,"cards_obtained":["Doubt"]},{"damage_healed":0,"gold_gain":0,"player_choice":"Memory 1","damage_taken":0,"max_hp_gain":0,"max_hp_loss":0,"event_name":"SensoryStone","floor":48,"gold_loss":0}],"is_beta":false,"boss_relics":[{"not_picked":["Astrolabe","Black Star"],"picked":"Empty Cage"},{"not_picked":["Calling Bell","Velvet Choker"],"picked":"Busted Crown"}],"items_purged_floors":[14,47],"is_endless":false,"potions_floor_spawned":[1,2,10,12,24,28,30,33,35],"ascension_level":0}