{"gold_per_floor":[115,115,91,91,91,129,54,73,153,196,196,219,242,242,242,363,363,378,104,123,123,143,143,68,68,68,82,101,18,18,18,18,114,114,128,145,145,245,257,290,308,36,89,89,120,143,167,189,201,213],"floor_reached":51,"playtime":6164,"items_purged":["Regret","Decay","Parasite"],"score":692,"play_id":"d0c83839-181f-40b0-8578-4aab1cc4f631","local_time":"20190312235930","is_ascension_mode":false,"campfire_choices":[{"floor":11,"key":"REST"},{"data":"Cleave","floor":15,"key":"SMITH"},{"data":"Feed","floor":23,"key":"SMITH"},{"data":"Shockwave","floor":25,"key":"SMITH"},{"data":"Flash of Steel","floor":30,"key":"SMITH"},{"data":"Headbutt","floor":32,"key":"SMITH"},{"floor":49,"key":"REST"}],"neow_cost":"NONE","seed_source_timestamp":2171972038634620,"circlet_count":0,"master_deck":["Strike_R","Strike_R+1","Strike_R","Strike_R","Strike_R","Defend_R","Defend_R","Defend_R+1","Defend_R+1","Bash","Cleave+1","Shrug It Off+1","Injury","Ghostly Armor","Shockwave+1","Headbutt+1","Feed+1","Clumsy","Warcry+1","Thinking Ahead+1","Flex+1","Infernal Blade+1","Impervious+1","Flash of Steel+1","Juggernaut","Blood for Blood+1","Anger+1","Flex+1","Double Tap+1","Offering+1","Burning Pact+1","Flex+1","Offering+1"],"relics":["Burning Blood","War Paint","Shuriken","Bloody Idol","Pantograph","Matryoshka","Regal Pillow","Bronze Scales","Calling Bell","Magic Flower","Toxic Egg 2","Vajra","Self Forming Clay","Bottled Flame","Fusion Hammer","Pocketwatch","Question Card","Lantern","Blood Vial","MawBank"],"potions_floor_usage":[10,16,16,33,33,40,50,50,50],"damage_taken":[{"damage":5,"enemies":"Cultist","floor":1,"turns":4},{"damage":36,"enemies":"Lagavulin","floor":6,"turns":8},{"damage":3,"enemies":"Jaw Worm","floor":8,"turns":4},{"damage":22,"enemies":"3 Sentries","floor":10,"turns":7},{"damage":0,"enemies":"2 Louse","floor":12,"turns":3},{"damage":8,"enemies":"Exordium Wildlife","floor":13,"turns":4},{"damage":19,"enemies":"The Guardian","floor":16,"turns":10},{"damage":44,"enemies":"Spheric Guardian","floor":18,"turns":8},{"damage":13,"enemies":"3 Byrds","floor":20,"turns":3},{"damage":17,"enemies":"Centurion and Healer","floor":22,"turns":9},{"damage":9,"enemies":"Snake Plant","floor":27,"turns":3},{"damage":0,"enemies":"3 Cultists","floor":28,"turns":6},{"damage":47,"enemies":"Collector","floor":33,"turns":10},{"damage":26,"enemies":"3 Darklings","floor":35,"turns":5},{"damage":12,"enemies":"3 Shapes","floor":36,"turns":3},{"damage":4,"enemies":"Mind Bloom Boss Battle","floor":38,"turns":7},{"damage":23,"enemies":"Writhing Mass","floor":39,"turns":6},{"damage":32,"enemies":"Giant Head","floor":40,"turns":7},{"damage":23,"enemies":"Spire Growth","floor":41,"turns":4},{"damage":15,"enemies":"Reptomancer","floor":45,"turns":4},{"damage":8,"enemies":"3 Darklings","floor":46,"turns":4},{"damage":16,"enemies":"Maw","floor":47,"turns":5},{"damage":11,"enemies":"Sphere and 2 Shapes","floor":48,"turns":4},{"damage":72,"enemies":"Awakened One","floor":50,"turns":9}],"seed_played":"-3809165881435545846","potions_obtained":[{"floor":6,"key":"AttackPotion"},{"floor":10,"key":"EssenceOfSteel"},{"floor":13,"key":"AttackPotion"},{"floor":22,"key":"Energy Potion"},{"floor":27,"key":"GamblersBrew"},{"floor":35,"key":"Block Potion"},{"floor":39,"key":"EssenceOfSteel"},{"floor":40,"key":"GamblersBrew"},{"floor":45,"key":"SkillPotion"}],"is_trial":false,"path_per_floor":["M","?","$","?","?","E","$","M","T","E","R","M","M","?","R","B",null,"M","$","M","?","M","R","?","R","T","M","M","$","R","?","R","B",null,"M","M","?","?","M","E","M","$","T","$","E","M","M","M","R","B",null],"character_chosen":"IRONCLAD","items_purchased":["Shrug It Off","Thinking Ahead+1","Flash of Steel","Offering+1"],"campfire_rested":2,"item_purchase_floors":[3,19,29,42],"current_hp_per_floor":[80,80,80,64,64,34,34,37,37,21,60,66,64,46,46,58,80,45,45,41,41,43,43,43,43,43,54,68,68,68,68,68,60,91,79,81,81,91,82,64,61,61,66,66,68,82,88,96,96,33],"gold":225,"neow_bonus":"RANDOM_COMMON_RELIC","is_prod":false,"is_daily":false,"chose_seed":false,"campfire_upgraded":5,"win_rate":0.0,"timestamp":1552427970,"path_taken":["M","?","$","?","?","E","$","?","T","E","R","M","?","?","R","BOSS","M","$","M","?","M","R","?","R","T","M","M","$","R","?","R","BOSS","M","M","?","?","M","E","M","$","T","$","E","M","M","M","R","BOSS"],"build_version":"2019-01-23","purchased_purges":3,"victory":true,"max_hp_per_floor":[80,80,80,80,80,80,80,80,80,80,80,80,80,80,80,80,80,80,80,80,80,83,83,83,83,83,87,87,87,87,87,87,91,91,91,91,91,91,91,91,95,92,92,92,92,92,92,96,96,96],"card_choices":[{"not_picked":["Body Slam","Warcry"],"picked":"Cleave","floor":1},{"not_picked":["Clothesline","Iron Wave","Headbutt"],"picked":"SKIP","floor":6},{"not_picked":["Perfected Strike","Dual Wield"],"picked":"Ghostly Armor","floor":8},{"not_picked":["Shrug It Off","Cleave"],"picked":"Shockwave","floor":10},{"not_picked":["Sword Boomerang","Power Through","Heavy Blade"],"picked":"SKIP","floor":12},{"not_picked":["Shrug It Off","True Grit"],"picked":"Headbutt","floor":13},{"not_picked":["Impervious","Limit Break"],"picked":"Feed","floor":16},{"not_picked":["Pommel Strike","Battle Trance+1"],"picked":"Warcry+1","floor":18},{"not_picked":["Sword Boomerang","Pummel"],"picked":"Flex+1","floor":20},{"not_picked":["True Grit+1","Searing Blow"],"picked":"Infernal Blade+1","floor":22},{"not_picked":["Combust","Body Slam"],"picked":"Impervious+1","floor":27},{"not_picked":["Pommel Strike","Shrug It Off+1"],"picked":"Warcry+1","floor":28},{"not_picked":["Impervious+1","Barricade"],"picked":"Juggernaut","floor":33},{"not_picked":["Battle Trance+1","Warcry+1"],"picked":"Blood for Blood+1","floor":35},{"not_picked":["Clash","Armaments+1","Searing Blow"],"picked":"SKIP","floor":36},{"not_picked":["Fire Breathing","Iron Wave+1"],"picked":"Anger+1","floor":39},{"not_picked":["Rupture","Feel No Pain+1"],"picked":"Flex+1","floor":40},{"not_picked":["Pommel Strike+1","Feel No Pain+1","Flex+1"],"picked":"Double Tap+1","floor":41},{"not_picked":["Battle Trance+1","Shrug It Off+1","Heavy Blade+1"],"picked":"Burning Pact+1","floor":45},{"not_picked":["Sword Boomerang","Twin Strike","Thunderclap+1"],"picked":"Flex+1","floor":46},{"not_picked":["Rupture+1","Shrug It Off+1","Carnage+1"],"picked":"Offering+1","floor":47},{"not_picked":["Iron Wave","Reckless Charge+1","Searing Blow","Perfected Strike+1"],"picked":"SKIP","floor":48}],"player_experience":8269,"relics_obtained":[{"floor":6,"key":"Pantograph"},{"floor":9,"key":"Matryoshka"},{"floor":10,"key":"Regal Pillow"},{"floor":17,"key":"Magic Flower"},{"floor":17,"key":"Toxic Egg 2"},{"floor":17,"key":"Vajra"},{"floor":26,"key":"Self Forming Clay"},{"floor":26,"key":"Bottled Flame"},{"floor":38,"key":"Pocketwatch"},{"floor":40,"key":"Question Card"},{"floor":43,"key":"Lantern"},{"floor":43,"key":"Blood Vial"},{"floor":45,"key":"MawBank"}],"event_choices":[{"damage_healed":0,"gold_gain":0,"player_choice":"Box","damage_taken":0,"relics_obtained":["Shuriken"],"max_hp_gain":0,"max_hp_loss":0,"event_name":"Big Fish","floor":2,"gold_loss":0,"cards_obtained":["Regret"]},{"damage_healed":0,"gold_gain":0,"player_choice":"Entered Light","damage_taken":16,"max_hp_gain":0,"max_hp_loss":0,"event_name":"Shining Light","floor":4,"gold_loss":0,"cards_upgraded":["Shrug It Off","Strike_R"]},{"damage_healed":0,"gold_gain":0,"player_choice":"Take Wound","damage_taken":0,"relics_obtained":["Golden Idol"],"max_hp_gain":0,"max_hp_loss":0,"event_name":"Golden Idol","floor":5,"gold_loss":0,"cards_obtained":["Injury"]},{"damage_healed":0,"gold_gain":0,"player_choice":"Success","damage_taken":18,"relics_obtained":["Bronze Scales"],"max_hp_gain":0,"max_hp_loss":0,"event_name":"Scrap Ooze","floor":14,"gold_loss":0},{"damage_healed":0,"gold_gain":0,"player_choice":"Gave Idol","damage_taken":0,"relics_obtained":["Bloody Idol"],"max_hp_gain":0,"max_hp_loss":0,"event_name":"Forgotten Altar","floor":21,"relics_lost":["Golden Idol"],"gold_loss":0},{"cards_removed":["Writhe"],"damage_healed":0,"gold_gain":0,"player_choice":"Gave Gold","damage_taken":0,"max_hp_gain":0,"max_hp_loss":0,"event_name":"Beggar","floor":24,"gold_loss":75},{"damage_healed":0,"gold_gain":0,"player_choice":"Ignored","damage_taken":0,"max_hp_gain":0,"max_hp_loss":0,"event_name":"Ghosts","floor":31,"gold_loss":0},{"cards_removed":["Warcry"],"damage_healed":0,"gold_gain":0,"player_choice":"Removed Skill","damage_taken":0,"max_hp_gain":0,"max_hp_loss":0,"event_name":"Falling","floor":37,"gold_loss":0},{"damage_healed":0,"gold_gain":0,"player_choice":"Fight","damage_taken":0,"max_hp_gain":0,"max_hp_loss":0,"event_name":"MindBloom","floor":38,"gold_loss":0}],"is_beta":false,"boss_relics":[{"not_picked":["Snecko Eye","White Beast Statue"],"picked":"Calling Bell"},{"not_picked":["Runic Cube","Runic Dome"],"picked":"Fusion Hammer"}],"items_purged_floors":[7,19,42],"is_endless":false,"potions_floor_spawned":[6,10,13,22,27,35,39,40,45],"ascension_level":0}