{"gold_per_floor":[113,133,83,102,5,37,49,76,99,99,99,99,111,111,111,213,213,223,223,70,80,130,130,155,155,155,171,198,198,231,245,245,340,340,357,3,3,16,16,45,45,80,80,80,80,90,109,119,119,119],"floor_reached":51,"playtime":3430,"items_purged":["Strike_B"],"score":1085,"play_id":"c339e714-36b2-4665-a777-95c588bf2083","local_time":"20190721213115","is_ascension_mode":true,"campfire_choices":[{"floor":10,"key":"REST"},{"data":"Defragment","floor":12,"key":"SMITH"},{"data":"Static Discharge","floor":15,"key":"SMITH"},{"data":"Coolheaded","floor":23,"key":"SMITH"},{"data":"White Noise","floor":25,"key":"SMITH"},{"floor":29,"key":"REST"},{"data":"Go for the Eyes","floor":32,"key":"SMITH"},{"floor":41,"key":"REST"},{"data":"Metamorphosis","floor":45,"key":"SMITH"},{"floor":49,"key":"REST"}],"neow_cost":"PERCENT_DAMAGE","seed_source_timestamp":77218732268300,"circlet_count":0,"master_deck":["Strike_B","Strike_B","Defend_B","Defend_B","Defend_B","Defend_B","Zap+1","Dualcast+1","Compile Driver","Hello World","BootSequence+1","Coolheaded+1","Defragment+1","Core Surge","Tempest","Static Discharge+1","Core Surge","Static Discharge","Capacitor","White Noise+1","Leap","Leap+1","Go for the Eyes+1","BootSequence+1","Ball Lightning","Thunder Strike","Barrage+1","White Noise+1","Metamorphosis+1","Hello World+1","Parasite","Redo+1","Beam Cell+1","Lockon+1"],"relics":["Cracked Core","Blood Vial","War Paint","Bag of Marbles","Bronze Scales","Eternal Feather","MutagenicStrength","Art of War","Oddly Smooth Stone","Dream Catcher","Turnip","Unceasing Top","Busted Crown","Runic Capacitor","Lantern","Mango","Strawberry","Pantograph"],"potions_floor_usage":[6,16,24,24,38,40,40,46,46,48],"damage_taken":[{"damage":0,"enemies":"2 Louse","floor":1,"turns":3},{"damage":7,"enemies":"Jaw Worm","floor":2,"turns":3},{"damage":1,"enemies":"Cultist","floor":4,"turns":3},{"damage":17,"enemies":"3 Sentries","floor":6,"turns":10},{"damage":0,"enemies":"3 Louse","floor":7,"turns":5},{"damage":12,"enemies":"Lagavulin","floor":8,"turns":6},{"damage":7,"enemies":"Lots of Slimes","floor":13,"turns":3},{"damage":4,"enemies":"Hexaghost","floor":16,"turns":8},{"damage":15,"enemies":"3 Byrds","floor":18,"turns":3},{"damage":4,"enemies":"Shell Parasite","floor":21,"turns":4},{"damage":32,"enemies":"Slavers","floor":24,"turns":6},{"damage":13,"enemies":"3 Cultists","floor":27,"turns":4},{"damage":14,"enemies":"Book of Stabbing","floor":28,"turns":5},{"damage":0,"enemies":"Gremlin Leader","floor":30,"turns":6},{"damage":0,"enemies":"Centurion and Healer","floor":31,"turns":5},{"damage":17,"enemies":"Champ","floor":33,"turns":10},{"damage":17,"enemies":"Orb Walker","floor":35,"turns":3},{"damage":7,"enemies":"3 Darklings","floor":38,"turns":6},{"damage":35,"enemies":"Giant Head","floor":40,"turns":7},{"damage":23,"enemies":"Reptomancer","floor":42,"turns":5},{"damage":40,"enemies":"Writhing Mass","floor":46,"turns":5},{"damage":12,"enemies":"Sphere and 2 Shapes","floor":47,"turns":5},{"damage":21,"enemies":"Transient","floor":48,"turns":5},{"damage":77,"enemies":"Time Eater","floor":50,"turns":9}],"seed_played":"2064045887081664010","potions_obtained":[{"floor":1,"key":"PowerPotion"},{"floor":8,"key":"Block Potion"},{"floor":13,"key":"Block Potion"},{"floor":18,"key":"Energy Potion"},{"floor":21,"key":"SpeedPotion"},{"floor":27,"key":"GamblersBrew"},{"floor":28,"key":"Swift Potion"},{"floor":35,"key":"Block Potion"},{"floor":38,"key":"Swift Potion"},{"floor":40,"key":"Energy Potion"},{"floor":44,"key":"AttackPotion"},{"floor":44,"key":"Dexterity Potion"}],"is_trial":false,"path_per_floor":["M","M","?","M","$","E","M","E","T","R","?","R","M","?","R","B",null,"M","?","$","M","?","R","E","R","T","M","E","R","E","M","R","B",null,"M","$","?","M","?","E","R","E","T","?","R","M","M","M","R","B",null],"character_chosen":"DEFECT","items_purchased":["Coolheaded","Art of War","Runic Capacitor","Lantern"],"campfire_rested":4,"item_purchase_floors":[5,20,36,36],"current_hp_per_floor":[64,57,57,56,56,39,41,31,31,57,57,57,52,52,52,50,79,66,66,66,64,64,73,43,55,55,44,32,70,72,74,89,72,85,70,70,62,57,57,38,83,69,69,69,87,49,39,20,71,21],"gold":119,"neow_bonus":"TWENTY_PERCENT_HP_BONUS","is_prod":false,"is_daily":false,"chose_seed":false,"campfire_upgraded":6,"win_rate":0,"timestamp":1563759075,"path_taken":["M","M","?","M","$","E","M","E","T","R","?","R","?","?","R","BOSS","M","?","$","M","?","R","E","R","T","M","E","R","E","M","R","BOSS","M","?","?","?","?","E","R","E","T","?","R","M","?","M","R","BOSS"],"build_version":"2019-07-17","purchased_purges":1,"victory":true,"max_hp_per_floor":[89,89,89,89,89,89,89,89,89,89,89,89,89,89,89,89,89,89,89,89,89,89,89,89,89,89,89,89,89,89,89,89,89,89,89,89,89,89,89,103,103,110,110,110,110,110,110,110,110,110],"card_choices":[{"not_picked":["Steam Power","Go for the Eyes"],"picked":"Compile Driver","floor":1},{"not_picked":["Go for the Eyes","Turbo"],"picked":"Hello World","floor":2},{"not_picked":["Hologram","Genetic Algorithm"],"picked":"BootSequence","floor":4},{"not_picked":["Rebound","Skim"],"picked":"Defragment","floor":6},{"not_picked":["Tempest","Streamline"],"picked":"Core Surge","floor":7},{"not_picked":["Rip and Tear","Scrape"],"picked":"Tempest","floor":8},{"not_picked":["Reprogram","Scrape"],"picked":"Static Discharge","floor":13},{"not_picked":["Fission","Buffer"],"picked":"Core Surge","floor":16},{"not_picked":["Tempest+1","Loop"],"picked":"Static Discharge","floor":18},{"not_picked":["Compile Driver","BootSequence"],"picked":"Capacitor","floor":21},{"not_picked":["Conserve Battery","Static Discharge+1"],"picked":"White Noise","floor":24},{"not_picked":["Compile Driver","Loop"],"picked":"Leap","floor":27},{"not_picked":["Steam","Tempest"],"picked":"Leap+1","floor":28},{"not_picked":["Undo","Leap"],"picked":"Go for the Eyes","floor":29},{"not_picked":["Core Surge","Gash"],"picked":"BootSequence+1","floor":30},{"not_picked":["Sweeping Beam","Beam Cell"],"picked":"Ball Lightning","floor":31},{"not_picked":["Reboot","Multi-Cast"],"picked":"Thunder Strike","floor":33},{"not_picked":[],"picked":"Barrage+1","floor":35},{"not_picked":[],"picked":"White Noise+1","floor":38},{"not_picked":[],"picked":"Metamorphosis","floor":39},{"not_picked":["Darkness"],"picked":"SKIP","floor":40},{"not_picked":[],"picked":"Hello World+1","floor":42},{"not_picked":[],"picked":"Redo+1","floor":46},{"not_picked":[],"picked":"Beam Cell+1","floor":47},{"not_picked":["Barrage"],"picked":"SKIP","floor":48},{"not_picked":[],"picked":"Lockon+1","floor":49}],"player_experience":342068,"relics_obtained":[{"floor":6,"key":"Blood Vial"},{"floor":8,"key":"War Paint"},{"floor":9,"key":"Bag of Marbles"},{"floor":24,"key":"Oddly Smooth Stone"},{"floor":26,"key":"Dream Catcher"},{"floor":28,"key":"Turnip"},{"floor":30,"key":"Unceasing Top"},{"floor":40,"key":"Mango"},{"floor":42,"key":"Strawberry"},{"floor":43,"key":"Pantograph"}],"event_choices":[{"cards_removed":["Strike_B"],"damage_healed":0,"gold_gain":0,"player_choice":"Card Removal","damage_taken":0,"max_hp_gain":0,"max_hp_loss":0,"event_name":"The Cleric","floor":3,"gold_loss":50},{"damage_healed":0,"gold_gain":0,"player_choice":"Gave Potion","damage_taken":0,"relics_obtained":["Bronze Scales"],"max_hp_gain":0,"max_hp_loss":0,"event_name":"WeMeetAgain","floor":11,"gold_loss":0},{"damage_healed":0,"gold_gain":0,"player_choice":"Grow","damage_taken":0,"max_hp_gain":0,"max_hp_loss":0,"event_name":"Living Wall","floor":14,"gold_loss":0,"cards_upgraded":["Zap"]},{"damage_healed":0,"gold_gain":0,"player_choice":"Inject Mutagens","damage_taken":0,"relics_obtained":["MutagenicStrength"],"max_hp_gain":0,"max_hp_loss":0,"event_name":"Drug Dealer","floor":19,"gold_loss":0},{"damage_healed":0,"gold_gain":100,"player_choice":"Bet on Murderer","damage_taken":0,"max_hp_gain":0,"max_hp_loss":0,"event_name":"The Joust","floor":22,"gold_loss":50},{"damage_healed":0,"gold_gain":0,"player_choice":"Damaged","damage_taken":8,"max_hp_gain":0,"max_hp_loss":0,"event_name":"Wheel of Change","floor":37,"gold_loss":0},{"damage_healed":0,"gold_gain":0,"player_choice":"Memory 1","damage_taken":0,"max_hp_gain":0,"max_hp_loss":0,"event_name":"SensoryStone","floor":39,"gold_loss":0},{"damage_healed":0,"gold_gain":0,"player_choice":"Got Potions","damage_taken":0,"max_hp_gain":0,"max_hp_loss":0,"event_name":"Lab","floor":44,"gold_loss":0}],"is_beta":false,"boss_relics":[{"not_picked":["Empty Cage","White Beast Statue"],"picked":"Eternal Feather"},{"not_picked":["Runic Pyramid","FrozenCore"],"picked":"Busted Crown"}],"items_purged_floors":[5],"is_endless":false,"potions_floor_spawned":[1,8,13,18,21,27,28,35,38,40],"ascension_level":7}