{"gold_per_floor":[116,191,191,20,34,59,59,59,113,124,124,139,139,152,152,251,251,206,206,206,206,206,206,34,34,34,34,34,34,34,34,34,34],"floor_reached":33,"playtime":2590,"items_purged":["Defend_R","Strike_R"],"score":270,"play_id":"aea99084-4b5f-4aa4-bb95-490000126752","local_time":"20190810142004","is_ascension_mode":false,"campfire_choices":[{"data":"Strike_R","floor":7.0,"key":"PURGE"},{"data":"Dual Wield","floor":11.0,"key":"PURGE"},{"data":"Pommel Strike","floor":13.0,"key":"SMITH"},{"data":"Armaments","floor":15.0,"key":"SMITH"},{"data":"Defend_R","floor":23,"key":"PURGE"},{"data":"Shame","floor":25,"key":"PURGE"},{"floor":30,"key":"REST"},{"data":"Double Tap","floor":32,"key":"SMITH"}],"neow_cost":"NONE","seed_source_timestamp":737823182922481,"circlet_count":0,"master_deck":["Strike_R","Strike_R","Defend_R","Defend_R","Bash","Spot Weakness","Finesse","Shrug It Off","Pommel Strike+1","Armaments+1","Offering","Burning Pact","Inflame+1","Shrug It Off+1","Corruption","Pommel Strike","Sentinel","Double Tap+1"],"special_seed":0,"relics":["Burning Blood","NeowsBlessing","Peace Pipe","Blood Vial","Happy Flower","Ectoplasm","Unceasing Top","Boot","Ice Cream","Bottled Lightning"],"potions_floor_usage":[22],"damage_taken":[{"damage":0.0,"enemies":"2 Louse","floor":1.0,"turns":1.0},{"damage":0.0,"enemies":"Jaw Worm","floor":5.0,"turns":1.0},{"damage":0.0,"enemies":"Gremlin Nob","floor":6.0,"turns":1.0},{"damage":10.0,"enemies":"Small Slimes","floor":10.0,"turns":4.0},{"damage":2.0,"enemies":"2 Fungi Beasts","floor":12.0,"turns":4.0},{"damage":47.0,"enemies":"Gremlin Gang","floor":14.0,"turns":6.0},{"damage":8.0,"enemies":"Hexaghost","floor":16.0,"turns":9.0},{"damage":8,"enemies":"2 Thieves","floor":18,"turns":4},{"damage":11,"enemies":"3 Byrds","floor":20,"turns":6},{"damage":21,"enemies":"3 Cultists","floor":21,"turns":6},{"damage":20,"enemies":"Snecko","floor":22,"turns":6},{"damage":17,"enemies":"Sentry and Sphere","floor":27,"turns":4},{"damage":11,"enemies":"Colosseum Slavers","floor":29,"turns":3},{"damage":12,"enemies":"Colosseum Nobs","floor":29,"turns":4},{"damage":85,"enemies":"Automaton","floor":33,"turns":6}],"seed_played":"5674640716538704231","potions_obtained":[{"floor":5.0,"key":"Swift Potion"},{"floor":6.0,"key":"EssenceOfSteel"},{"floor":14.0,"key":"Weak Potion"},{"floor":27,"key":"Poison Potion"}],"is_trial":false,"path_per_floor":["M","?","?","$","M","E","R","?","T","M","R","M","R","M","R","B",null,"M","?","M","M","M","R","$","R","T","M","$","?","R","?","R","B"],"character_chosen":"IRONCLAD","items_purchased":["Finesse","Corruption"],"campfire_rested":1,"item_purchase_floors":[4,24],"current_hp_per_floor":[80,69,62,62,68,74,74,79,79,77,77,83,83,44,44,44,85,83,83,80,67,55,55,55,55,55,46,46,39,64,64,64,0],"gold":34,"neow_bonus":"THREE_ENEMY_KILL","is_prod":false,"is_daily":false,"chose_seed":false,"campfire_upgraded":3,"win_rate":0,"timestamp":1565439604,"path_taken":["M","?","?","$","M","E","R","?","T","M","R","M","R","M","R","BOSS","M","?","M","M","M","R","$","R","T","M","$","?","R","?","R","BOSS"],"build_version":"2019-07-17","purchased_purges":2,"victory":false,"max_hp_per_floor":[80,80,80,80,80,80,80,85,85,85,85,85,85,85,85,85,85,85,85,85,85,85,85,85,85,85,85,85,85,85,85,85,85],"card_choices":[{"not_picked":["Pommel Strike","Rage"],"picked":"Spot Weakness","floor":1.0},{"not_picked":["Headbutt","Havoc"],"picked":"Dual Wield","floor":5.0},{"not_picked":["Warcry","Havoc","Clash"],"picked":"SKIP","floor":6.0},{"not_picked":["Perfected Strike","Flame Barrier"],"picked":"Shrug It Off","floor":10.0},{"not_picked":["Warcry","Thunderclap"],"picked":"Pommel Strike","floor":12.0},{"not_picked":["Sword Boomerang","Metallicize"],"picked":"Armaments","floor":14.0},{"not_picked":["Impervious","Immolate"],"picked":"Offering","floor":16.0},{"not_picked":["Flame Barrier","Flex"],"picked":"Burning Pact","floor":18},{"not_picked":["Wild Strike","Power Through"],"picked":"Inflame+1","floor":20},{"not_picked":["Clothesline","Iron Wave+1"],"picked":"Shrug It Off+1","floor":21},{"not_picked":["Wild Strike","Flex","Ghostly Armor"],"picked":"SKIP","floor":22},{"not_picked":["Cleave","Wild Strike"],"picked":"Pommel Strike","floor":27},{"not_picked":["True Grit","Carnage"],"picked":"Sentinel","floor":29}],"player_experience":236229,"relics_obtained":[{"floor":6.0,"key":"Blood Vial"},{"floor":9.0,"key":"Happy Flower"},{"floor":26,"key":"Boot"},{"floor":29,"key":"Ice Cream"},{"floor":29,"key":"Bottled Lightning"}],"event_choices":[{"damage_healed":0.0,"max_hp_gain":0.0,"max_hp_loss":0.0,"gold_gain":75.0,"event_name":"World of Goop","player_choice":"Gather Gold","floor":2.0,"gold_loss":0.0,"damage_taken":11.0},{"damage_healed":0.0,"max_hp_gain":0.0,"max_hp_loss":0.0,"gold_gain":0.0,"event_name":"Scrap Ooze","player_choice":"Success","floor":3.0,"gold_loss":0.0,"damage_taken":7.0,"relics_obtained":["Peace Pipe"]},{"damage_healed":0.0,"max_hp_gain":5.0,"max_hp_loss":0.0,"gold_gain":0.0,"event_name":"Big Fish","player_choice":"Donut","floor":8.0,"gold_loss":0.0,"damage_taken":0.0},{"damage_healed":0,"gold_gain":0,"player_choice":"Stole Relic","damage_taken":0,"relics_obtained":["Unceasing Top"],"max_hp_gain":0,"max_hp_loss":0,"event_name":"Addict","floor":19,"gold_loss":0,"cards_obtained":["Shame"]},{"damage_healed":0,"gold_gain":0,"player_choice":"Fight","damage_taken":0,"max_hp_gain":0,"max_hp_loss":0,"event_name":"Colosseum","floor":29,"gold_loss":0},{"damage_healed":0,"gold_gain":0,"player_choice":"Fought Nobs","damage_taken":0,"max_hp_gain":0,"max_hp_loss":0,"event_name":"Colosseum","floor":29,"gold_loss":0},{"damage_healed":0,"gold_gain":0,"cards_transformed":["Strike_R"],"player_choice":"Transformed","damage_taken":0,"max_hp_gain":0,"max_hp_loss":0,"event_name":"Transmorgrifier","floor":31,"gold_loss":0,"cards_obtained":["Double Tap"]}],"is_beta":false,"boss_relics":[{"not_picked":["Fusion Hammer","Runic Pyramid"],"picked":"Ectoplasm"}],"items_purged_floors":[4,24],"is_endless":false,"potions_floor_spawned":[5,6,14,18,27,29],"killed_by":"Automaton","ascension_level":0}