{"gold_per_floor":[112,129,146,146,71,102,122,122,176,201,201,218,228,228,228,329,329,344,363,373,373,63,63,98,98,121,121],"floor_reached":27,"playtime":1608,"items_purged":["Defend_B"],"score":243,"play_id":"312071cd-f41f-4462-a05f-4c9991915600","local_time":"20190322160915","is_ascension_mode":false,"campfire_choices":[{"data":"Dualcast","floor":8,"key":"SMITH"},{"floor":11,"key":"REST"},{"data":"White Noise","floor":15,"key":"SMITH"},{"data":"RitualDagger","floor":23,"key":"SMITH"},{"data":"Leap","floor":25,"key":"SMITH"}],"neow_cost":"NONE","seed_source_timestamp":410000213656100,"circlet_count":0,"master_deck":["Strike_B","Strike_B","Strike_B","Strike_B","Defend_B","Defend_B","Defend_B","Zap+1","Dualcast+1","Conserve Battery","Lockon","Capacitor","Ball Lightning","Reboot+1","Leap+1","Rip and Tear","White Noise+1","Electrodynamics","Consume+1","Beam Cell","RitualDagger+1","Hologram+1","Leap+1"],"relics":["Cracked Core","Dream Catcher","Tiny Chest","Bag of Marbles","Runic Pyramid","Toxic Egg 2","Bottled Lightning","War Paint"],"potions_floor_usage":[13,27,27,27],"damage_taken":[{"damage":6,"enemies":"Cultist","floor":1,"turns":3},{"damage":0,"enemies":"2 Louse","floor":2,"turns":3},{"damage":0,"enemies":"Small Slimes","floor":3,"turns":2},{"damage":15,"enemies":"Gremlin Nob","floor":6,"turns":4},{"damage":8,"enemies":"Exordium Wildlife","floor":7,"turns":3},{"damage":19,"enemies":"Lagavulin","floor":10,"turns":6},{"damage":8,"enemies":"3 Louse","floor":12,"turns":3},{"damage":0,"enemies":"Lots of Slimes","floor":13,"turns":3},{"damage":7,"enemies":"Slime Boss","floor":16,"turns":7},{"damage":1,"enemies":"Spheric Guardian","floor":18,"turns":3},{"damage":0,"enemies":"3 Byrds","floor":19,"turns":1},{"damage":16,"enemies":"Centurion and Healer","floor":20,"turns":5},{"damage":37,"enemies":"Gremlin Leader","floor":24,"turns":7},{"damage":27,"enemies":"Slavers","floor":27,"turns":3}],"seed_played":"-1146215909226015350","potions_obtained":[{"floor":3,"key":"GamblersBrew"},{"floor":6,"key":"AttackPotion"},{"floor":7,"key":"Block Potion"},{"floor":12,"key":"FearPotion"},{"floor":18,"key":"Weak Potion"},{"floor":20,"key":"Fire Potion"}],"is_trial":false,"path_per_floor":["M","M","M","?","$","E","M","R","T","E","R","M","M","?","R","B",null,"M","M","M","?","$","R","E","R","T","E"],"character_chosen":"DEFECT","items_purchased":["Toxic Egg 2","Hologram+1"],"campfire_rested":1,"item_purchase_floors":[22,22],"current_hp_per_floor":[69,69,69,74,74,59,51,51,51,32,56,48,48,48,48,41,80,79,79,63,57,57,57,20,20,20,0],"gold":121,"neow_bonus":"UPGRADE_CARD","is_prod":false,"is_daily":false,"chose_seed":false,"campfire_upgraded":4,"win_rate":0.0,"timestamp":1553285355,"path_taken":["M","?","M","?","$","E","M","R","T","E","R","M","M","?","R","BOSS","M","M","M","?","$","R","E","R","T","E"],"build_version":"2019-01-23","purchased_purges":1,"victory":false,"max_hp_per_floor":[75,75,75,80,80,80,80,80,80,80,80,80,80,80,80,80,80,80,80,80,80,80,80,80,80,80,80],"card_choices":[{"not_picked":["Steam Power","Aggregate"],"picked":"Conserve Battery","floor":1},{"not_picked":["Conserve Battery","Ball Lightning"],"picked":"Lockon","floor":2},{"not_picked":["Fusion","Aggregate","Scrape"],"picked":"SKIP","floor":3},{"not_picked":["Undo","Genetic Algorithm"],"picked":"Capacitor","floor":6},{"not_picked":["Hello World","Redo"],"picked":"Ball Lightning","floor":7},{"not_picked":["Ball Lightning","Lockon"],"picked":"Reboot","floor":10},{"not_picked":["Steam","Chaos"],"picked":"Leap","floor":11},{"not_picked":["Barrage","Stack"],"picked":"Rip and Tear","floor":12},{"not_picked":["Ball Lightning","Cold Snap"],"picked":"White Noise","floor":13},{"not_picked":["Thunder Strike","Reboot"],"picked":"Electrodynamics","floor":16},{"not_picked":["Force Field+1","Hologram","Rebound"],"picked":"SKIP","floor":18},{"not_picked":["Coolheaded","Multi-Cast"],"picked":"Consume","floor":19},{"not_picked":["Skim","Rebound"],"picked":"Beam Cell","floor":20},{"not_picked":["Hologram+1","Electrodynamics"],"picked":"Leap+1","floor":24}],"player_experience":153650,"relics_obtained":[{"floor":6,"key":"Dream Catcher"},{"floor":9,"key":"Tiny Chest"},{"floor":10,"key":"Bag of Marbles"},{"floor":24,"key":"Bottled Lightning"},{"floor":26,"key":"War Paint"}],"event_choices":[{"damage_healed":0,"gold_gain":0,"player_choice":"Donut","damage_taken":0,"max_hp_gain":5,"max_hp_loss":0,"event_name":"Big Fish","floor":4,"gold_loss":0},{"damage_healed":0,"gold_gain":0,"player_choice":"Ignored","damage_taken":0,"max_hp_gain":0,"max_hp_loss":0,"event_name":"Liars Game","floor":14,"gold_loss":0},{"damage_healed":0,"gold_gain":0,"player_choice":"Joined the Cult","damage_taken":6,"max_hp_gain":0,"max_hp_loss":0,"event_name":"Nest","floor":21,"gold_loss":0,"cards_obtained":["RitualDagger"]}],"is_beta":false,"boss_relics":[{"not_picked":["Coffee Dripper","Calling Bell"],"picked":"Runic Pyramid"}],"items_purged_floors":[5],"is_endless":false,"potions_floor_spawned":[3,6,7,12,18,20],"killed_by":"Slavers","ascension_level":0}