{"gold_per_floor":[117,129,129,129,6,35,35,61,61,71,83,83,83,104,104,235,235,256,271,271,41,41,41,80,80,107,107,145,169,43,43,43,162,162,177,193,208,208,333,333,364,364,364,364,27,52,77,93,93,93],"floor_reached":50,"playtime":3675,"items_purged":["Pain","Defend_B"],"score":699,"play_id":"7f8fd8a8-df4d-4e7b-af4a-e30c4ba2c824","local_time":"20190721010757","is_ascension_mode":true,"campfire_choices":[{"data":"Zap","floor":7,"key":"SMITH"},{"floor":13,"key":"REST"},{"floor":15,"key":"REST"},{"data":"Static Discharge","floor":23,"key":"SMITH"},{"data":"Conserve Battery","floor":25,"key":"SMITH"},{"data":"Go for the Eyes","floor":27,"key":"SMITH"},{"data":"Conserve Battery","floor":32,"key":"SMITH"},{"floor":40,"key":"REST"},{"data":"Defragment","floor":42,"key":"SMITH"},{"data":"Biased Cognition","floor":44,"key":"SMITH"},{"floor":49,"key":"REST"}],"neow_cost":"NONE","seed_source_timestamp":0,"circlet_count":0,"master_deck":["Defend_B","Defend_B","Defend_B","Zap+1","Dualcast","Genetic Algorithm","BootSequence","Rebound","Zap+1","Go for the Eyes+1","Coolheaded","Static Discharge+1","Chill","Chill","Compile Driver","Electrodynamics","Conserve Battery+1","Beam Cell+1","BootSequence","Coolheaded+1","White Noise+1","FTL","Conserve Battery+1","Biased Cognition+1","Beam Cell+1","Echo Form+1","Darkness+1","Defragment+1","Compile Driver+1","White Noise","Hello World+1","Capacitor"],"special_seed":0,"relics":["Cracked Core","Smiling Mask","Ancient Tea Set","Mercury Hourglass","Golden Idol","Eternal Feather","Happy Flower","PreservedInsect","Centennial Puzzle","Sundial","Astrolabe","Pocketwatch","Bag of Preparation","Anchor","Dead Branch"],"potions_floor_usage":[6,11,16,18,19,33,50,50],"damage_taken":[{"damage":7.0,"enemies":"Jaw Worm","floor":1.0,"turns":4.0},{"damage":1.0,"enemies":"Cultist","floor":2.0,"turns":4.0},{"damage":10,"enemies":"Lagavulin","floor":6,"turns":6},{"damage":35,"enemies":"Gremlin Nob","floor":8,"turns":4},{"damage":0,"enemies":"Small Slimes","floor":10,"turns":2},{"damage":0,"enemies":"2 Fungi Beasts","floor":11,"turns":2},{"damage":0,"enemies":"Exordium Thugs","floor":14,"turns":4},{"damage":32,"enemies":"Hexaghost","floor":16,"turns":9},{"damage":15,"enemies":"2 Thieves","floor":18,"turns":4},{"damage":6,"enemies":"3 Byrds","floor":19,"turns":3},{"damage":10,"enemies":"Book of Stabbing","floor":24,"turns":4},{"damage":1,"enemies":"Slavers","floor":28,"turns":4},{"damage":2,"enemies":"Cultist and Chosen","floor":29,"turns":5},{"damage":40,"enemies":"Champ","floor":33,"turns":14},{"damage":0,"enemies":"3 Shapes","floor":35,"turns":5},{"damage":1,"enemies":"3 Darklings","floor":36,"turns":4},{"damage":52,"enemies":"Writhing Mass","floor":37,"turns":6},{"damage":0,"enemies":"Mind Bloom Boss Battle","floor":39,"turns":7},{"damage":7,"enemies":"Reptomancer","floor":41,"turns":6},{"damage":0,"enemies":"Transient","floor":46,"turns":5},{"damage":31,"enemies":"Jaw Worm Horde","floor":47,"turns":4},{"damage":0,"enemies":"Spire Growth","floor":48,"turns":5},{"damage":70,"enemies":"Awakened One","floor":50,"turns":8}],"seed_played":"7300808762206327757","potions_obtained":[{"floor":0.0,"key":"SneckoOil"},{"floor":0.0,"key":"EssenceOfSteel"},{"floor":0.0,"key":"Ancient Potion"},{"floor":2,"key":"Explosive Potion"},{"floor":11,"key":"Fire Potion"},{"floor":14,"key":"Energy Potion"},{"floor":18,"key":"EssenceOfSteel"},{"floor":28,"key":"FocusPotion"},{"floor":36,"key":"SteroidPotion"},{"floor":37,"key":"LiquidBronze"},{"floor":46,"key":"GamblersBrew"}],"is_trial":false,"path_per_floor":["M","M","?","?","$","E","R","E","T","M","M","?","R","M","R","B",null,"M","M","?","$","$","R","E","R","T","R","E","M","$","?","R","B",null,"M","M","M","?","?","R","E","R","T","R","$","M","M","M","R","B"],"character_chosen":"DEFECT","items_purchased":["Go for the Eyes","Happy Flower","BootSequence","FTL","Conserve Battery","Dead Branch"],"campfire_rested":4,"item_purchase_floors":[5,21,21,30,30,45],"current_hp_per_floor":[61,60,60,60,60,50,50,15,15,15,15,15,35,35,55,23,58,43,37,37,37,37,49,39,51,51,63,62,60,60,60,69,29,59,59,58,6,6,6,44,37,55,55,69,69,69,38,38,69,0],"gold":93,"neow_bonus":"THREE_SMALL_POTIONS","is_prod":false,"is_daily":false,"chose_seed":false,"campfire_upgraded":7,"win_rate":0,"timestamp":1563685677,"path_taken":["M","M","?","?","$","E","R","E","T","?","M","?","R","M","R","BOSS","M","M","?","?","$","R","E","R","T","R","E","M","$","?","R","BOSS","M","?","M","?","?","R","E","R","T","R","$","M","M","M","R","BOSS"],"build_version":"2019-07-17","purchased_purges":2,"victory":false,"max_hp_per_floor":[75,75,75,75,75,75,75,75,75,75,75,69,69,69,69,69,69,69,69,69,69,69,69,69,69,69,69,69,69,69,69,69,69,69,69,69,69,69,69,69,69,69,69,69,69,69,69,69,69,69],"card_choices":[{"not_picked":["Conserve Battery","Turbo"],"picked":"Genetic Algorithm","floor":1.0},{"not_picked":["Compile Driver","Leap"],"picked":"BootSequence","floor":2},{"not_picked":["Melter","Multi-Cast"],"picked":"Coolheaded","floor":6},{"not_picked":["Turbo","Rip and Tear"],"picked":"Static Discharge","floor":8},{"not_picked":["Beam Cell","Compile Driver"],"picked":"Chill","floor":10},{"not_picked":["Darkness","Hologram"],"picked":"Chill","floor":11},{"not_picked":["Leap","Ball Lightning"],"picked":"Compile Driver","floor":14},{"not_picked":["Machine Learning","Reboot"],"picked":"Electrodynamics","floor":16},{"not_picked":["Go for the Eyes","Hologram"],"picked":"Conserve Battery","floor":18},{"not_picked":["Stack","Glacier"],"picked":"Beam Cell+1","floor":19},{"not_picked":["Double Energy","Steam Power"],"picked":"Coolheaded+1","floor":24},{"not_picked":["Ball Lightning","Thunder Strike","Redo"],"picked":"SKIP","floor":28},{"not_picked":["Reprogram","Turbo"],"picked":"White Noise","floor":29},{"not_picked":["Rainbow","Electrodynamics"],"picked":"Biased Cognition","floor":33},{"not_picked":["Coolheaded+1","Hologram"],"picked":"Defragment","floor":35},{"not_picked":["Hello World","Coolheaded","Gash"],"picked":"SKIP","floor":36},{"not_picked":["Loop","Double Energy+1","Sunder+1"],"picked":"SKIP","floor":37},{"not_picked":["Rebound","Streamline+1"],"picked":"Compile Driver+1","floor":39},{"not_picked":["Turbo","Lockon"],"picked":"White Noise","floor":41},{"not_picked":["Beam Cell+1","Gash"],"picked":"Hello World+1","floor":46},{"not_picked":["Turbo+1","Go for the Eyes","Doom and Gloom+1"],"picked":"SKIP","floor":47},{"not_picked":["Loop","Steam+1"],"picked":"Capacitor","floor":48}],"player_experience":335871,"relics_obtained":[{"floor":6,"key":"Smiling Mask"},{"floor":8,"key":"Ancient Tea Set"},{"floor":9,"key":"Mercury Hourglass"},{"floor":24,"key":"PreservedInsect"},{"floor":26,"key":"Centennial Puzzle"},{"floor":28,"key":"Sundial"},{"floor":39,"key":"Pocketwatch"},{"floor":41,"key":"Bag of Preparation"},{"floor":43,"key":"Anchor"}],"event_choices":[{"damage_healed":0,"gold_gain":0,"player_choice":"Grow","damage_taken":0,"max_hp_gain":0,"max_hp_loss":0,"event_name":"Living Wall","floor":3,"gold_loss":0,"cards_upgraded":["Zap"]},{"damage_healed":0,"gold_gain":0,"player_choice":"3 cards matched","damage_taken":0,"max_hp_gain":0,"max_hp_loss":0,"event_name":"Match and Keep!","floor":4,"gold_loss":0,"cards_obtained":["Pain","Rebound","Zap"]},{"damage_healed":0,"gold_gain":0,"player_choice":"Lose Max HP","damage_taken":0,"relics_obtained":["Golden Idol"],"max_hp_gain":0,"max_hp_loss":6,"event_name":"Golden Idol","floor":12,"gold_loss":0},{"cards_removed":["Strike_B"],"damage_healed":0,"gold_gain":0,"player_choice":"Purged","damage_taken":0,"max_hp_gain":0,"max_hp_loss":0,"event_name":"Purifier","floor":20,"gold_loss":0},{"damage_healed":0,"gold_gain":0,"player_choice":"Upgraded","damage_taken":0,"max_hp_gain":0,"max_hp_loss":0,"event_name":"Upgrade Shrine","floor":31,"gold_loss":0,"cards_upgraded":["White Noise"]},{"damage_healed":0,"gold_gain":0,"player_choice":"Ignored","damage_taken":0,"max_hp_gain":0,"max_hp_loss":0,"event_name":"Tomb of Lord Red Mask","floor":38,"gold_loss":0},{"damage_healed":0,"gold_gain":0,"player_choice":"Fight","damage_taken":0,"max_hp_gain":0,"max_hp_loss":0,"event_name":"MindBloom","floor":39,"gold_loss":0}],"is_beta":false,"boss_relics":[{"not_picked":["Philosopher\u0027s Stone","Lizard Tail"],"picked":"Eternal Feather"},{"not_picked":["Pandora\u0027s Box","Orrery"],"picked":"Astrolabe"}],"items_purged_floors":[5,45],"is_endless":false,"potions_floor_spawned":[1,2,11,14,18,28,36,37,46],"killed_by":"Awakened One","ascension_level":7}