{"gold_per_floor":[364,384,334,409,46,46,64,96,96,96,130,130,155,175,175,273,273,291,308,308,320,152,185,185,22,22,349,366,395,410,427,427,526,526,538,242,242,90,137,137,163,163,163,192,292,292,320,333,333,333],"floor_reached":51,"playtime":7809,"items_purged":["Strike_B","Decay","Strike_B","Strike_B"],"score":949,"play_id":"bbac4309-8925-4fe3-9f24-e65ae116b031","local_time":"20190811213240","is_ascension_mode":true,"campfire_choices":[{"data":"Streamline","floor":6.0,"key":"SMITH"},{"floor":12.0,"key":"REST"},{"floor":15.0,"key":"REST"},{"data":"Defragment","floor":24,"key":"SMITH"},{"floor":32,"key":"REST"},{"floor":40,"key":"REST"},{"data":"Capacitor","floor":42,"key":"SMITH"},{"floor":49,"key":"DIG"}],"neow_cost":"CURSE","seed_source_timestamp":0,"circlet_count":0,"master_deck":["Defend_B+1","Defend_B","Defend_B","Defend_B","Zap+1","Dualcast","Coolheaded","Streamline+1","Steam Power","Redo","Glacier","Machine Learning","Chill+1","Leap+1","Seek+1","Defragment+1","Capacitor+1","Auto Shields+1","Loop","Consume+1","Echo Form","Defragment","Blizzard"],"special_seed":0,"relics":["Cracked Core","Mercury Hourglass","Pear","Question Card","Toxic Egg 2","Juzu Bracelet","Matryoshka","Busted Crown","Happy Flower","Omamori","Gremlin Horn","Old Coin","Strawberry","Black Star","Art of War","Torii","Bronze Scales","Ornamental Fan","Oddly Smooth Stone","Lantern","PreservedInsect","War Paint","Shovel","Bag of Preparation","Ancient Tea Set","Kunai"],"potions_floor_usage":[29,29,50],"damage_taken":[{"damage":4.0,"enemies":"Small Slimes","floor":1.0,"turns":4.0},{"damage":1.0,"enemies":"2 Louse","floor":2.0,"turns":3.0},{"damage":8.0,"enemies":"Jaw Worm","floor":7.0,"turns":2.0},{"damage":26.0,"enemies":"Lagavulin","floor":8.0,"turns":7.0},{"damage":14.0,"enemies":"3 Sentries","floor":11.0,"turns":5.0},{"damage":17.0,"enemies":"Lagavulin","floor":13.0,"turns":6.0},{"damage":4.0,"enemies":"Gremlin Gang","floor":14.0,"turns":4.0},{"damage":4.0,"enemies":"Slime Boss","floor":16.0,"turns":11.0},{"damage":6.0,"enemies":"Shell Parasite","floor":18.0,"turns":6.0},{"damage":0.0,"enemies":"Chosen","floor":19.0,"turns":4.0},{"damage":10.0,"enemies":"Snake Plant","floor":21.0,"turns":7.0},{"damage":21,"enemies":"Slavers","floor":23,"turns":7},{"damage":13,"enemies":"Gremlin Leader","floor":27,"turns":7},{"damage":0,"enemies":"Shelled Parasite and Fungi","floor":28,"turns":7},{"damage":11,"enemies":"Slavers","floor":29,"turns":8},{"damage":0,"enemies":"Snecko","floor":30,"turns":7},{"damage":1,"enemies":"Centurion and Healer","floor":31,"turns":7},{"damage":52,"enemies":"Champ","floor":33,"turns":15},{"damage":7,"enemies":"3 Darklings","floor":35,"turns":7},{"damage":49,"enemies":"2 Orb Walkers","floor":39,"turns":7},{"damage":0,"enemies":"Giant Head","floor":41,"turns":10},{"damage":1,"enemies":"Nemesis","floor":44,"turns":9},{"damage":0,"enemies":"Mind Bloom Boss Battle","floor":45,"turns":6},{"damage":0,"enemies":"Giant Head","floor":47,"turns":8},{"damage":0,"enemies":"3 Shapes","floor":48,"turns":5},{"damage":20,"enemies":"Time Eater","floor":50,"turns":13}],"seed_played":"5844923717757542411","potions_obtained":[{"floor":2.0,"key":"FocusPotion"},{"floor":8.0,"key":"Poison Potion"},{"floor":14.0,"key":"SkillPotion"},{"floor":16.0,"key":"Energy Potion"},{"floor":23,"key":"EssenceOfSteel"},{"floor":29,"key":"Fire Potion"},{"floor":30,"key":"SteroidPotion"},{"floor":33,"key":"FearPotion"},{"floor":35,"key":"LiquidBronze"},{"floor":48,"key":"Dexterity Potion"}],"is_trial":false,"path_per_floor":["M","M","?","?","$","R","M","E","T","?","E","R","E","M","R","B",null,"M","M","?","M","$","E","R","$","T","E","M","E","M","M","R","B",null,"M","$","?","$","?","R","E","R","T","E","?","?","E","M","R","B",null],"character_chosen":"DEFECT","items_purchased":["Mercury Hourglass","Steam Power","Capacitor","Loop","Art of War","Defragment","Blizzard"],"campfire_rested":4,"item_purchase_floors":[5,5,22,25,36,38,38],"current_hp_per_floor":[71,70,70,59,59,59,51,35,35,17,3,28,11,7,32,28,85,79,79,79,69,69,48,48,48,48,35,35,31,31,30,57,5,92,85,85,85,85,36,63,63,63,63,62,62,85,85,85,85,65],"gold":333,"neow_bonus":"TWO_FIFTY_GOLD","is_prod":false,"is_daily":false,"chose_seed":false,"campfire_upgraded":3,"win_rate":0,"timestamp":1565548360,"path_taken":["M","M","?","?","$","R","M","E","T","?","E","R","E","M","R","BOSS","M","M","?","M","$","E","R","$","T","E","M","E","M","M","R","BOSS","M","$","?","$","?","R","E","R","T","E","?","?","E","M","R","BOSS"],"build_version":"2019-07-17","purchased_purges":4,"victory":true,"max_hp_per_floor":[75,75,75,75,75,75,75,85,85,85,85,85,85,85,85,85,85,85,85,85,85,85,85,85,85,85,85,85,92,92,92,92,92,92,92,92,92,92,92,92,92,92,92,92,92,92,92,92,92,92],"card_choices":[{"not_picked":["Capacitor","Rebound"],"picked":"Coolheaded","floor":1.0},{"not_picked":["Leap","Gash"],"picked":"Streamline","floor":2.0},{"not_picked":["Gash","Defragment"],"picked":"Redo","floor":7.0},{"not_picked":["Rebound","FTL"],"picked":"Glacier","floor":8.0},{"not_picked":["Darkness+1","Ball Lightning","Gash"],"picked":"Machine Learning","floor":11.0},{"not_picked":["Meteor Strike","Doom and Gloom","Tempest+1"],"picked":"Chill+1","floor":13.0},{"not_picked":["Conserve Battery+1","Stack+1","Barrage"],"picked":"Leap+1","floor":14.0},{"not_picked":["Fission+1","All For One","Reboot+1"],"picked":"Seek+1","floor":16.0},{"not_picked":["Double Energy+1","Stack+1"],"picked":"SKIP","floor":18.0},{"not_picked":["Steam+1","Streamline"],"picked":"SKIP","floor":19.0},{"not_picked":["Leap+1","Stack+1"],"picked":"SKIP","floor":21.0},{"not_picked":["Sweeping Beam"],"picked":"Auto Shields+1","floor":23},{"not_picked":["Tempest+1"],"picked":"Consume+1","floor":27},{"not_picked":["Conserve Battery+1","Barrage"],"picked":"SKIP","floor":28},{"not_picked":["Beam Cell"],"picked":"Echo Form","floor":29},{"not_picked":["Leap+1","Ball Lightning"],"picked":"SKIP","floor":30},{"not_picked":["Sweeping Beam","Turbo+1"],"picked":"SKIP","floor":31},{"not_picked":["Barrage","Consume+1"],"picked":"SKIP","floor":35},{"not_picked":["Conserve Battery+1","Hologram+1"],"picked":"SKIP","floor":41},{"not_picked":["Storm+1","Steam+1"],"picked":"SKIP","floor":44},{"not_picked":["Beam Cell","Rebound"],"picked":"SKIP","floor":47},{"not_picked":["Gash","Go for the Eyes+1"],"picked":"SKIP","floor":48}],"player_experience":159066,"relics_obtained":[{"floor":8.0,"key":"Pear"},{"floor":9.0,"key":"Question Card"},{"floor":11.0,"key":"Juzu Bracelet"},{"floor":13.0,"key":"Matryoshka"},{"floor":23,"key":"Happy Flower"},{"floor":26,"key":"Omamori"},{"floor":26,"key":"Gremlin Horn"},{"floor":27,"key":"Old Coin"},{"floor":29,"key":"Strawberry"},{"floor":39,"key":"Torii"},{"floor":41,"key":"Bronze Scales"},{"floor":41,"key":"Ornamental Fan"},{"floor":43,"key":"Oddly Smooth Stone"},{"floor":43,"key":"Lantern"},{"floor":44,"key":"PreservedInsect"},{"floor":44,"key":"War Paint"},{"floor":45,"key":"Shovel"},{"floor":47,"key":"Bag of Preparation"},{"floor":47,"key":"Ancient Tea Set"},{"floor":49,"key":"Kunai"}],"event_choices":[{"cards_removed":["Strike_B"],"damage_healed":0.0,"max_hp_gain":0.0,"max_hp_loss":0.0,"gold_gain":0.0,"event_name":"The Cleric","player_choice":"Card Removal","floor":3.0,"gold_loss":50.0,"damage_taken":0.0},{"damage_healed":0.0,"max_hp_gain":0.0,"max_hp_loss":0.0,"gold_gain":75.0,"event_name":"World of Goop","player_choice":"Gather Gold","floor":4.0,"gold_loss":0.0,"damage_taken":11.0},{"damage_healed":0.0,"max_hp_gain":0.0,"max_hp_loss":0.0,"gold_gain":0.0,"event_name":"Scrap Ooze","player_choice":"Success","floor":10.0,"gold_loss":0.0,"damage_taken":18.0,"relics_obtained":["Toxic Egg 2"]},{"damage_healed":0.0,"max_hp_gain":0.0,"max_hp_loss":0.0,"gold_gain":0.0,"event_name":"The Library","player_choice":"Read","floor":20.0,"gold_loss":0.0,"damage_taken":0.0,"cards_obtained":["Defragment"]},{"damage_healed":0,"gold_gain":0,"player_choice":"Ignored","damage_taken":0,"max_hp_gain":0,"max_hp_loss":0,"event_name":"SecretPortal","floor":37,"gold_loss":0},{"damage_healed":0,"gold_gain":0,"player_choice":"Fight","damage_taken":0,"max_hp_gain":0,"max_hp_loss":0,"event_name":"Mysterious Sphere","floor":39,"gold_loss":0},{"damage_healed":0,"gold_gain":0,"player_choice":"Fight","damage_taken":0,"max_hp_gain":0,"max_hp_loss":0,"event_name":"MindBloom","floor":45,"gold_loss":0},{"damage_healed":23,"gold_gain":0,"player_choice":"Writhe","damage_taken":0,"max_hp_gain":0,"max_hp_loss":0,"event_name":"Winding Halls","floor":46,"gold_loss":0,"cards_obtained":["Writhe"]}],"is_beta":false,"boss_relics":[{"not_picked":["Runic Pyramid","Empty Cage"],"picked":"Busted Crown"},{"not_picked":["Calling Bell","Pandora\u0027s Box"],"picked":"Black Star"}],"items_purged_floors":[5,22,25,36],"is_endless":false,"potions_floor_spawned":[2,8,14,16,23,29,30,33,35,41,44,45,48],"ascension_level":1}