{"gold_per_floor":[111,36,36,56,66,94,111,139,139,139,150,160,160,160,160,263,263,278,377,395,121,134,134,134],"floor_reached":24,"playtime":2687,"items_purged":["Strike_B","Doubt"],"score":208,"play_id":"480a3b01-255e-45d1-b46b-4b85c068820f","local_time":"20190810112325","is_ascension_mode":false,"campfire_choices":[{"floor":10.0,"key":"REST"},{"data":"Buffer","floor":13.0,"key":"SMITH"},{"floor":15.0,"key":"REST"},{"floor":23,"key":"RECALL"}],"neow_cost":"TEN_PERCENT_HP_LOSS","seed_source_timestamp":727167932023159,"circlet_count":0,"master_deck":["Strike_B","Strike_B","Strike_B","Defend_B","Defend_B","Defend_B","Defend_B","Zap","Dualcast","Seek","Chill","Reinforced Body","Chill","Reinforced Body","Chill","Buffer+1","Electrodynamics","Parasite","Writhe","The Bomb","Sunder"],"special_seed":0,"relics":["Cracked Core","Gambling Chip","Bottled Lightning","Turnip","Calling Bell","Juzu Bracelet","Pear","Incense Burner"],"potions_floor_usage":[],"damage_taken":[{"damage":2.0,"enemies":"Jaw Worm","floor":1.0,"turns":4.0},{"damage":0.0,"enemies":"2 Louse","floor":4.0,"turns":3.0},{"damage":0.0,"enemies":"Small Slimes","floor":5.0,"turns":4.0},{"damage":53.0,"enemies":"Lagavulin","floor":6.0,"turns":9.0},{"damage":2.0,"enemies":"3 Louse","floor":7.0,"turns":6.0},{"damage":4.0,"enemies":"3 Sentries","floor":8.0,"turns":20.0},{"damage":0.0,"enemies":"Large Slime","floor":11.0,"turns":5.0},{"damage":0.0,"enemies":"Blue Slaver","floor":12.0,"turns":4.0},{"damage":31.0,"enemies":"Slime Boss","floor":16.0,"turns":28.0},{"damage":17,"enemies":"2 Thieves","floor":18,"turns":4},{"damage":1,"enemies":"Chosen","floor":20,"turns":9},{"damage":14,"enemies":"Snake Plant","floor":22,"turns":6},{"damage":49,"enemies":"Gremlin Leader","floor":24,"turns":7}],"seed_played":"-707652779015234727","potions_obtained":[{"floor":5.0,"key":"GamblersBrew"},{"floor":7.0,"key":"EssenceOfSteel"},{"floor":8.0,"key":"Swift Potion"},{"floor":11.0,"key":"AttackPotion"},{"floor":20,"key":"Block Potion"}],"is_trial":false,"path_per_floor":["M","$","?","M","M","E","M","E","T","R","M","M","R","?","R","B",null,"M","?","M","$","M","R","E"],"character_chosen":"DEFECT","items_purchased":["The Bomb"],"campfire_rested":2,"item_purchase_floors":[21],"current_hp_per_floor":[66,66,66,66,66,13,11,7,7,27,27,27,27,15,35,4,78,61,61,60,60,46,46,0],"gold":134,"neow_bonus":"THREE_RARE_CARDS","is_prod":false,"is_daily":false,"chose_seed":false,"campfire_upgraded":1,"win_rate":0,"timestamp":1565429005,"path_taken":["M","$","?","M","M","E","M","E","T","R","M","M","R","?","R","BOSS","M","?","M","$","M","R","E"],"build_version":"2019-07-17","purchased_purges":2,"victory":false,"max_hp_per_floor":[68,68,68,68,68,68,68,68,68,68,68,68,68,68,68,68,78,78,78,78,78,78,78,78],"card_choices":[{"not_picked":["All For One","Thunder Strike"],"picked":"Seek","floor":0.0},{"not_picked":["Conserve Battery","Beam Cell"],"picked":"Chill","floor":1.0},{"not_picked":["Static Discharge","FTL"],"picked":"Reinforced Body","floor":4.0},{"not_picked":["Leap","Hologram"],"picked":"Chill","floor":5.0},{"not_picked":["Turbo","Fusion","Redo"],"picked":"SKIP","floor":6.0},{"not_picked":["Ball Lightning","Sweeping Beam"],"picked":"Reinforced Body","floor":7.0},{"not_picked":["Ball Lightning","Skim","Redo"],"picked":"SKIP","floor":8.0},{"not_picked":["Coolheaded","Leap"],"picked":"Chill","floor":11.0},{"not_picked":["Auto Shields","Conserve Battery"],"picked":"Buffer","floor":12.0},{"not_picked":["Core Surge","All For One"],"picked":"Electrodynamics","floor":16.0},{"not_picked":["Rebound","Turbo+1","Stack"],"picked":"SKIP","floor":18},{"not_picked":["Barrage","Leap","Rebound"],"picked":"SKIP","floor":20},{"not_picked":["Echo Form","Go for the Eyes"],"picked":"Sunder","floor":22}],"player_experience":229037,"relics_obtained":[{"floor":6.0,"key":"Gambling Chip"},{"floor":8.0,"key":"Bottled Lightning"},{"floor":17.0,"key":"Juzu Bracelet"},{"floor":17.0,"key":"Pear"},{"floor":17.0,"key":"Incense Burner"}],"event_choices":[{"damage_healed":0.0,"max_hp_gain":0.0,"max_hp_loss":0.0,"gold_gain":0.0,"event_name":"The Cleric","player_choice":"Leave","floor":3.0,"gold_loss":0.0,"damage_taken":0.0},{"damage_healed":0.0,"max_hp_gain":0.0,"max_hp_loss":0.0,"gold_gain":0.0,"event_name":"Scrap Ooze","player_choice":"Success","floor":14.0,"gold_loss":0.0,"damage_taken":12.0,"relics_obtained":["Turnip"]},{"damage_healed":0,"gold_gain":99,"player_choice":"Stole From Cult","damage_taken":0,"max_hp_gain":0,"max_hp_loss":0,"event_name":"Nest","floor":19,"gold_loss":0}],"is_beta":false,"boss_relics":[{"not_picked":["Inserter","Black Star"],"picked":"Calling Bell"}],"items_purged_floors":[2,21],"is_endless":false,"potions_floor_spawned":[5,7,8,11,20],"killed_by":"Gremlin Leader","ascension_level":0}