{"gold_per_floor":[17,17,29,42,42,42,67,85,85,85,39,39,73,85,85,187,187,200,13,13,13,29,62,76,76,76,91,105,131,160,178,178,279,279,290,302,318,66,85,85,112,112,135,155,155,155,183,203,203,203],"floor_reached":51,"playtime":3830,"items_purged":[],"score":910,"play_id":"3cb42dc1-f9b5-4770-a57b-7458771181c1","local_time":"20190803175758","is_ascension_mode":true,"campfire_choices":[{"data":"Bash","floor":6,"key":"SMITH"},{"data":"Twin Strike","floor":10,"key":"SMITH"},{"data":"Rage","floor":12,"key":"SMITH"},{"data":"Anger","floor":15,"key":"SMITH"},{"data":"Uppercut","floor":32,"key":"SMITH"},{"data":"Inflame","floor":40,"key":"SMITH"},{"data":"Berserk","floor":42,"key":"SMITH"},{"data":"Infernal Blade","floor":46,"key":"SMITH"},{"data":"Thunderclap","floor":49,"key":"SMITH"}],"neow_cost":"NO_GOLD","seed_source_timestamp":1538247814429900,"circlet_count":0,"master_deck":["Strike_R+1","Strike_R+1","Strike_R+1","Strike_R+1","Strike_R+1","Defend_R+1","Defend_R+1","Bash+1","Twin Strike+1","Clash","Rage+1","Thunderclap","Iron Wave","Clash","Anger+1","Thunderclap","Berserk+1","Flame Barrier+1","Infernal Blade+1","Pommel Strike+1","Burning Pact+1","Inflame+1","Twin Strike+1","Perfected Strike+1","Uppercut+1","Twin Strike+1","Thunderclap+1","Feed","Headbutt+1","Flex+1","Rage+1","Pommel Strike+1","Twin Strike+1","Warcry+1","Clash+1","Pummel+1"],"relics":["Burning Blood","Happy Flower","Pen Nib","Mercury Hourglass","Philosopher\u0027s Stone","Bag of Marbles","MutagenicStrength","Blood Vial","Strawberry","Toxic Egg 2","Red Mask","Ancient Tea Set","White Beast Statue","Paper Frog","Anchor","Dream Catcher","Potion Belt"],"potions_floor_usage":[16,33,33,39,44,47,50,50],"damage_taken":[{"damage":13,"enemies":"2 Louse","floor":1,"turns":4},{"damage":5,"enemies":"Cultist","floor":3,"turns":4},{"damage":2,"enemies":"Jaw Worm","floor":4,"turns":2},{"damage":20,"enemies":"Gremlin Nob","floor":7,"turns":4},{"damage":4,"enemies":"Red Slaver","floor":8,"turns":2},{"damage":22,"enemies":"3 Sentries","floor":13,"turns":5},{"damage":0,"enemies":"2 Fungi Beasts","floor":14,"turns":2},{"damage":38,"enemies":"Hexaghost","floor":16,"turns":6},{"damage":0,"enemies":"Spheric Guardian","floor":18,"turns":3},{"damage":12,"enemies":"3 Byrds","floor":22,"turns":2},{"damage":0,"enemies":"Gremlin Leader","floor":23,"turns":4},{"damage":0,"enemies":"3 Cultists","floor":24,"turns":3},{"damage":0,"enemies":"Snecko","floor":27,"turns":3},{"damage":3,"enemies":"Snake Plant","floor":28,"turns":2},{"damage":0,"enemies":"Masked Bandits","floor":29,"turns":2},{"damage":9,"enemies":"Book of Stabbing","floor":30,"turns":2},{"damage":16,"enemies":"Centurion and Healer","floor":31,"turns":2},{"damage":35,"enemies":"Automaton","floor":33,"turns":6},{"damage":0,"enemies":"Orb Walker","floor":35,"turns":2},{"damage":8,"enemies":"3 Darklings","floor":36,"turns":2},{"damage":0,"enemies":"Spire Growth","floor":37,"turns":3},{"damage":14,"enemies":"Maw","floor":39,"turns":5},{"damage":19,"enemies":"Reptomancer","floor":41,"turns":4},{"damage":0,"enemies":"Sphere and 2 Shapes","floor":44,"turns":1},{"damage":13,"enemies":"Nemesis","floor":47,"turns":3},{"damage":0,"enemies":"Spire Growth","floor":48,"turns":3},{"damage":30,"enemies":"Time Eater","floor":50,"turns":5}],"seed_played":"-8676464571234245440","potions_obtained":[{"floor":7,"key":"EssenceOfSteel"},{"floor":8,"key":"Fire Potion"},{"floor":13,"key":"Dexterity Potion"},{"floor":14,"key":"Swift Potion"},{"floor":24,"key":"Dexterity Potion"},{"floor":29,"key":"Poison Potion"},{"floor":33,"key":"SkillPotion"},{"floor":35,"key":"SpeedPotion"},{"floor":37,"key":"AttackPotion"},{"floor":39,"key":"Energy Potion"},{"floor":41,"key":"AttackPotion"},{"floor":44,"key":"Ancient Potion"},{"floor":47,"key":"SteroidPotion"},{"floor":48,"key":"SpeedPotion"}],"is_trial":false,"path_per_floor":["M","?","M","M","?","R","E","M","T","R","$","R","E","M","R","B",null,"M","$","?","?","M","E","M","T","T","M","M","?","E","M","R","B",null,"M","M","M","$","M","R","E","R","T","M","?","R","E","M","R","B",null],"character_chosen":"IRONCLAD","items_purchased":["Clash","Bag of Marbles","Infernal Blade","Paper Frog"],"campfire_rested":0,"item_purchase_floors":[11,19,19,38],"current_hp_per_floor":[89,89,90,94,94,94,80,82,82,82,82,82,66,72,72,40,96,96,96,96,96,90,96,96,103,103,103,103,103,100,92,92,65,103,103,101,106,106,98,98,87,87,87,95,95,95,90,101,101,79],"gold":203,"neow_bonus":"TWENTY_PERCENT_HP_BONUS","is_prod":false,"is_daily":false,"chose_seed":false,"campfire_upgraded":9,"win_rate":0,"timestamp":1564844278,"path_taken":["M","?","?","M","?","R","E","M","T","R","?","R","E","M","R","BOSS","M","$","?","?","M","E","M","?","T","M","?","?","E","M","R","BOSS","M","M","M","$","M","R","E","R","T","M","?","R","E","?","R","BOSS"],"build_version":"2019-07-17","purchased_purges":0,"victory":true,"max_hp_per_floor":[96,96,96,96,96,96,96,96,96,96,96,96,96,96,96,96,96,96,96,96,96,96,96,96,103,103,103,103,103,103,103,103,103,103,103,103,106,106,106,106,106,106,106,106,106,106,106,109,109,109],"card_choices":[{"not_picked":["Body Slam","Clothesline"],"picked":"Twin Strike","floor":1},{"not_picked":["Warcry","Ghostly Armor"],"picked":"Clash","floor":3},{"not_picked":["Fire Breathing","Fiend Fire"],"picked":"Rage","floor":4},{"not_picked":["Dual Wield","Fire Breathing"],"picked":"Thunderclap","floor":7},{"not_picked":["Body Slam","Perfected Strike"],"picked":"Iron Wave","floor":8},{"not_picked":["Shrug It Off","Clash"],"picked":"Anger","floor":13},{"not_picked":["True Grit","Power Through"],"picked":"Thunderclap","floor":14},{"not_picked":["Impervious","Barricade"],"picked":"Berserk","floor":16},{"not_picked":["Headbutt","Wild Strike"],"picked":"Flame Barrier+1","floor":18},{"not_picked":["Iron Wave","Intimidate"],"picked":"Pommel Strike+1","floor":22},{"not_picked":["Clothesline","Pommel Strike"],"picked":"Burning Pact+1","floor":23},{"not_picked":["Disarm+1","Heavy Blade"],"picked":"Inflame","floor":24},{"not_picked":["Wild Strike+1","Armaments+1"],"picked":"Twin Strike+1","floor":27},{"not_picked":["Thunderclap","Body Slam+1"],"picked":"Perfected Strike+1","floor":28},{"not_picked":["Headbutt","Body Slam"],"picked":"Uppercut","floor":29},{"not_picked":["Bloodletting+1","Inflame"],"picked":"Twin Strike+1","floor":30},{"not_picked":["Iron Wave","Body Slam+1"],"picked":"Thunderclap","floor":31},{"not_picked":["Limit Break+1","Juggernaut"],"picked":"Feed","floor":33},{"not_picked":["Heavy Blade+1","Searing Blow"],"picked":"Headbutt+1","floor":35},{"not_picked":["True Grit+1","Twin Strike+1"],"picked":"Flex+1","floor":36},{"not_picked":["Rampage","Shrug It Off+1"],"picked":"Rage+1","floor":37},{"not_picked":["Armaments+1","Rampage"],"picked":"Pommel Strike+1","floor":39},{"not_picked":["Anger","Clothesline+1"],"picked":"Twin Strike+1","floor":41},{"not_picked":["Hemokinesis","Clash"],"picked":"Warcry+1","floor":44},{"not_picked":["Power Through+1","Ghostly Armor+1"],"picked":"Clash+1","floor":47},{"not_picked":["Dual Wield+1","Wild Strike+1"],"picked":"Pummel+1","floor":48}],"player_experience":24218,"relics_obtained":[{"floor":7,"key":"Happy Flower"},{"floor":9,"key":"Pen Nib"},{"floor":13,"key":"Mercury Hourglass"},{"floor":23,"key":"Blood Vial"},{"floor":25,"key":"Strawberry"},{"floor":26,"key":"Toxic Egg 2"},{"floor":29,"key":"Red Mask"},{"floor":30,"key":"Ancient Tea Set"},{"floor":41,"key":"Anchor"},{"floor":43,"key":"Dream Catcher"},{"floor":47,"key":"Potion Belt"}],"event_choices":[{"cards_removed":["Defend_R"],"damage_healed":0,"gold_gain":0,"player_choice":"Purged","damage_taken":0,"max_hp_gain":0,"max_hp_loss":0,"event_name":"Purifier","floor":2,"gold_loss":0},{"damage_healed":0,"gold_gain":0,"player_choice":"Leave","damage_taken":0,"max_hp_gain":0,"max_hp_loss":0,"event_name":"The Cleric","floor":5,"gold_loss":0},{"damage_healed":0,"gold_gain":0,"player_choice":"Simplicity","damage_taken":0,"max_hp_gain":0,"max_hp_loss":0,"event_name":"Back to Basics","floor":20,"gold_loss":0,"cards_upgraded":["Strike_R","Strike_R","Strike_R","Strike_R","Strike_R","Defend_R","Defend_R","Defend_R"]},{"damage_healed":0,"gold_gain":0,"player_choice":"Inject Mutagens","damage_taken":0,"relics_obtained":["MutagenicStrength"],"max_hp_gain":0,"max_hp_loss":0,"event_name":"Drug Dealer","floor":21,"gold_loss":0},{"damage_healed":0,"gold_gain":0,"player_choice":"Fought Bandits","damage_taken":0,"max_hp_gain":0,"max_hp_loss":0,"event_name":"Masked Bandits","floor":29,"gold_loss":0},{"cards_removed":["Defend_R"],"damage_healed":0,"gold_gain":0,"player_choice":"Purged","damage_taken":0,"max_hp_gain":0,"max_hp_loss":0,"event_name":"Purifier","floor":45,"gold_loss":0}],"is_beta":false,"boss_relics":[{"not_picked":["Snecko Eye","Mark of Pain"],"picked":"Philosopher\u0027s Stone"},{"not_picked":["Busted Crown","Runic Cube"],"picked":"White Beast Statue"}],"items_purged_floors":[],"is_endless":false,"potions_floor_spawned":[7,8,13,14,24,28,29,31,33,35,36,37,39,41,44,47,48],"ascension_level":2}