{"gold_per_floor":[119,119,67,67,67,67,81,81,150,179,198,230,246,119,119,215,215,234,334,306,77,89,89,19,33,57,57,90,113,125,156,168,180],"floor_reached":33,"playtime":5303,"items_purged":["Strike_B","Strike_B"],"score":275,"play_id":"4108e2cf-18a6-4b6f-8d74-cf2570b5ac29","local_time":"20190322154139","is_ascension_mode":false,"campfire_choices":[{"data":"Zap","floor":6,"key":"SMITH"},{"data":"Dualcast","floor":8,"key":"SMITH"},{"floor":15,"key":"REST"},{"floor":23,"key":"REST"},{"data":"Double Energy","floor":27,"key":"SMITH"},{"data":"Redo","floor":30,"key":"SMITH"},{"data":"Madness","floor":32,"key":"SMITH"}],"neow_cost":"NONE","seed_source_timestamp":404646709499000,"circlet_count":0,"master_deck":["Strike_B","Strike_B","Defend_B","Defend_B","Defend_B","Defend_B","Zap+1","Dualcast+1","Go for the Eyes","Auto Shields","Coolheaded","Amplify","Leap","Ball Lightning","Scrape","Buffer","Redo+1","Double Energy+1","Go for the Eyes+1","Loop","Madness+1","Glacier","Self Repair","Conserve Battery+1","Melter"],"relics":["Cracked Core","Bottled Lightning","Dodecahedron","Potion Belt","Question Card","Runic Pyramid","Bag of Marbles","MawBank"],"potions_floor_usage":[10,10,20,28,28,31,31],"damage_taken":[{"damage":3,"enemies":"Jaw Worm","floor":1,"turns":3},{"damage":0,"enemies":"Cultist","floor":7,"turns":4},{"damage":18,"enemies":"Gremlin Nob","floor":10,"turns":5},{"damage":0,"enemies":"Small Slimes","floor":11,"turns":3},{"damage":17,"enemies":"Lagavulin","floor":12,"turns":6},{"damage":0,"enemies":"Red Slaver","floor":13,"turns":3},{"damage":37,"enemies":"The Guardian","floor":16,"turns":16},{"damage":13,"enemies":"Spheric Guardian","floor":18,"turns":5},{"damage":21,"enemies":"2 Thieves","floor":20,"turns":5},{"damage":7,"enemies":"Shelled Parasite and Fungi","floor":22,"turns":7},{"damage":5,"enemies":"Snake Plant","floor":25,"turns":8},{"damage":41,"enemies":"Slavers","floor":28,"turns":8},{"damage":0,"enemies":"Centurion and Healer","floor":29,"turns":19},{"damage":18,"enemies":"Sentry and Sphere","floor":31,"turns":7},{"damage":55,"enemies":"Champ","floor":33,"turns":28}],"seed_played":"1864774754039975160","potions_obtained":[{"floor":1,"key":"GamblersBrew"},{"floor":2,"key":"Block Potion"},{"floor":2,"key":"FocusPotion"},{"floor":13,"key":"Strength Potion"},{"floor":25,"key":"FearPotion"},{"floor":28,"key":"Dexterity Potion"},{"floor":29,"key":"SkillPotion"},{"floor":31,"key":"AttackPotion"}],"is_trial":false,"path_per_floor":["M","?","$","T","?","R","M","R","T","E","M","E","M","$","R","B",null,"M","?","M","$","M","R","$","M","T","R","E","M","R","M","R","B"],"character_chosen":"DEFECT","items_purchased":["Coolheaded","Redo","Loop","Madness","Self Repair"],"campfire_rested":2,"item_purchase_floors":[3,14,21,21,24],"current_hp_per_floor":[72,72,72,72,72,72,72,72,72,54,54,37,37,37,59,22,75,62,62,41,41,34,56,56,65,65,65,38,52,52,48,48,0],"gold":180,"neow_bonus":"THREE_CARDS","is_prod":false,"is_daily":false,"chose_seed":false,"campfire_upgraded":5,"win_rate":0.0,"timestamp":1553283699,"path_taken":["M","?","$","?","?","R","?","R","T","E","M","E","M","$","R","BOSS","M","?","M","$","M","R","?","M","T","R","E","M","R","?","R","BOSS"],"build_version":"2019-01-23","purchased_purges":2,"victory":false,"max_hp_per_floor":[75,75,75,75,75,75,75,75,75,75,75,75,75,75,75,75,75,75,75,75,75,75,75,75,75,75,75,75,75,75,75,75,75],"card_choices":[{"not_picked":["Heatsinks","Leap"],"picked":"Go for the Eyes","floor":0},{"not_picked":["Barrage","Steam"],"picked":"Auto Shields","floor":1},{"not_picked":["Blizzard","Go for the Eyes"],"picked":"Leap","floor":7},{"not_picked":["Stack","Streamline"],"picked":"Ball Lightning","floor":10},{"not_picked":["Barrage","Aggregate"],"picked":"Scrape","floor":11},{"not_picked":["Sweeping Beam","Beam Cell"],"picked":"Buffer","floor":12},{"not_picked":["Barrage","Ball Lightning","Compile Driver","Stack"],"picked":"SKIP","floor":13},{"not_picked":["Leap","Tempest","Compile Driver+1"],"picked":"Double Energy","floor":18},{"not_picked":["Gash+1","Steam","Compile Driver"],"picked":"Go for the Eyes+1","floor":20},{"not_picked":["Gash","Barrage","Go for the Eyes+1"],"picked":"Glacier","floor":22},{"not_picked":["All For One","Cold Snap","Ball Lightning","Chill"],"picked":"SKIP","floor":25},{"not_picked":["Streamline","Seek","Steam"],"picked":"Conserve Battery+1","floor":28},{"not_picked":["Loop","Ball Lightning","Cold Snap"],"picked":"Melter","floor":29},{"not_picked":["Cold Snap","Ball Lightning","Sweeping Beam","Hologram+1"],"picked":"SKIP","floor":31}],"player_experience":148347,"relics_obtained":[{"floor":4,"key":"Bottled Lightning"},{"floor":9,"key":"Dodecahedron"},{"floor":10,"key":"Potion Belt"},{"floor":12,"key":"Question Card"},{"floor":26,"key":"Bag of Marbles"},{"floor":28,"key":"MawBank"}],"event_choices":[{"damage_healed":0,"gold_gain":0,"player_choice":"Got Potions","damage_taken":0,"max_hp_gain":0,"max_hp_loss":0,"event_name":"Lab","floor":2,"gold_loss":0},{"damage_healed":0,"gold_gain":0,"player_choice":"1 cards matched","damage_taken":0,"max_hp_gain":0,"max_hp_loss":0,"event_name":"Match and Keep!","floor":5,"gold_loss":0,"cards_obtained":["Amplify"]},{"damage_healed":0,"gold_gain":100,"player_choice":"Pray","damage_taken":0,"max_hp_gain":0,"max_hp_loss":0,"event_name":"Golden Shrine","floor":19,"gold_loss":0}],"is_beta":false,"boss_relics":[{"not_picked":["Pandora\u0027s Box","Astrolabe"],"picked":"Runic Pyramid"}],"items_purged_floors":[14,21],"is_endless":false,"potions_floor_spawned":[1,7,13,25,28,29,31],"killed_by":"Champ","ascension_level":0}