{"gold_per_floor":[116,116,41,58,68,68,97,107,107,140,154,169,169,69,69,174,174,184,200,75,94,108,108,108,108,134,61,93,111,111,139,139,139],"floor_reached":33,"playtime":956,"items_purged":["Strike_R","Strike_R","Strike_R"],"score":277,"play_id":"63ee88bf-a349-476e-82b1-358856cf93d3","local_time":"20190516040204","is_ascension_mode":false,"campfire_choices":[{"data":"Uppercut","floor":6.0,"key":"SMITH"},{"data":"Whirlwind","floor":13.0,"key":"SMITH"},{"data":"Bludgeon","floor":15.0,"key":"SMITH"},{"data":"Deep Breath","floor":23,"key":"SMITH"},{"data":"Whirlwind","floor":30,"key":"SMITH"},{"data":"Bludgeon","floor":32,"key":"SMITH"}],"neow_cost":"TEN_PERCENT_HP_LOSS","seed_source_timestamp":9788635981750,"circlet_count":0,"master_deck":["Strike_R","Defend_R","Defend_R","Defend_R","Bash","Clothesline","Deep Breath+1","Bludgeon+1","Uppercut+1","Flame Barrier","Battle Trance","Flame Barrier","Whirlwind+1","Immolate","Thunderclap","Bludgeon+1","Metallicize","Whirlwind+1","Whirlwind"],"special_seed":0,"relics":["Burning Blood","Bottled Flame","Thread and Needle","Turnip","Mark of Pain","Bag of Preparation","Red Mask","Bird Faced Urn"],"potions_floor_usage":[],"damage_taken":[{"damage":5.0,"enemies":"Small Slimes","floor":1.0,"turns":4.0},{"damage":4.0,"enemies":"Cultist","floor":4.0,"turns":3.0},{"damage":0.0,"enemies":"2 Louse","floor":5.0,"turns":2.0},{"damage":10.0,"enemies":"Gremlin Nob","floor":7.0,"turns":3.0},{"damage":3.0,"enemies":"Exordium Wildlife","floor":8.0,"turns":5.0},{"damage":9.0,"enemies":"Lagavulin","floor":10.0,"turns":4.0},{"damage":0.0,"enemies":"Large Slime","floor":11.0,"turns":4.0},{"damage":0.0,"enemies":"Looter","floor":12.0,"turns":3.0},{"damage":11.0,"enemies":"Slime Boss","floor":16.0,"turns":9.0},{"damage":0.0,"enemies":"Shell Parasite","floor":18.0,"turns":4.0},{"damage":0.0,"enemies":"Chosen","floor":19.0,"turns":3.0},{"damage":7,"enemies":"Centurion and Healer","floor":21,"turns":7},{"damage":6,"enemies":"Snake Plant","floor":22,"turns":3},{"damage":6,"enemies":"Masked Bandits","floor":28,"turns":2},{"damage":3,"enemies":"Sentry and Sphere","floor":29,"turns":3},{"damage":30,"enemies":"Gremlin Leader","floor":31,"turns":6},{"damage":75,"enemies":"Champ","floor":33,"turns":12}],"seed_played":"4729868831931055733","potions_obtained":[{"floor":4.0,"key":"SpeedPotion"},{"floor":8.0,"key":"AttackPotion"},{"floor":12.0,"key":"Ancient Potion"},{"floor":16.0,"key":"LiquidBronze"},{"floor":18.0,"key":"Dexterity Potion"}],"is_trial":false,"path_per_floor":["M","?","$","M","M","R","E","M","T","E","M","M","R","$","R","B",null,"M","M","$","M","M","R","?","?","T","$","?","M","R","E","R","B"],"character_chosen":"IRONCLAD","items_purchased":["Metallicize"],"campfire_rested":0,"item_purchase_floors":[27],"current_hp_per_floor":[72,72,72,72,72,72,68,71,71,68,72,72,72,72,72,67,72,72,72,72,71,71,71,71,71,71,71,71,72,72,48,48,0],"gold":139,"neow_bonus":"REMOVE_TWO","is_prod":false,"is_daily":false,"chose_seed":false,"campfire_upgraded":6,"win_rate":0,"timestamp":1558000924,"path_taken":["M","?","$","M","?","R","E","M","T","E","M","M","R","$","R","BOSS","M","M","$","M","M","R","?","?","T","?","?","M","R","E","R","BOSS"],"build_version":"2019-01-23","purchased_purges":3,"victory":false,"max_hp_per_floor":[72,72,72,72,72,72,72,72,72,72,72,72,72,72,72,72,72,72,72,72,72,72,72,72,72,72,72,72,72,72,72,72,72],"card_choices":[{"not_picked":["Iron Wave","Perfected Strike"],"picked":"Clothesline","floor":1.0},{"not_picked":["Heavy Blade","Clothesline"],"picked":"Uppercut","floor":4.0},{"not_picked":["Sentinel","Flex"],"picked":"Flame Barrier","floor":5.0},{"not_picked":["Fire Breathing","Clash"],"picked":"Battle Trance","floor":7.0},{"not_picked":["Body Slam","Anger"],"picked":"Flame Barrier","floor":8.0},{"not_picked":["Headbutt","Perfected Strike","Rage"],"picked":"SKIP","floor":10.0},{"not_picked":["Sever Soul","Combust"],"picked":"Whirlwind","floor":11.0},{"not_picked":["Sever Soul","Intimidate","Clothesline"],"picked":"SKIP","floor":12.0},{"not_picked":["Exhume","Feed"],"picked":"Immolate","floor":16.0},{"not_picked":["Body Slam+1","Clothesline"],"picked":"Thunderclap","floor":18.0},{"not_picked":["Blood for Blood+1","Flame Barrier","Warcry"],"picked":"SKIP","floor":19},{"not_picked":["Heavy Blade","Ghostly Armor","Pommel Strike+1"],"picked":"SKIP","floor":21},{"not_picked":["Clothesline+1","Heavy Blade","Body Slam+1"],"picked":"SKIP","floor":22},{"not_picked":["Iron Wave","Wild Strike+1"],"picked":"Whirlwind","floor":28},{"not_picked":["Rampage+1","Reaper"],"picked":"Whirlwind","floor":29},{"not_picked":["Clothesline","Iron Wave","Pommel Strike"],"picked":"SKIP","floor":31}],"player_experience":1419988,"relics_obtained":[{"floor":7.0,"key":"Bottled Flame"},{"floor":9.0,"key":"Thread and Needle"},{"floor":10.0,"key":"Turnip"},{"floor":26,"key":"Bag of Preparation"},{"floor":28,"key":"Red Mask"},{"floor":31,"key":"Bird Faced Urn"}],"event_choices":[{"damage_healed":0.0,"max_hp_gain":0.0,"max_hp_loss":0.0,"gold_gain":0.0,"event_name":"Match and Keep!","player_choice":"2 cards matched","floor":2.0,"gold_loss":0.0,"damage_taken":0.0,"cards_obtained":["Deep Breath","Bludgeon"]},{"damage_healed":0,"gold_gain":0,"player_choice":"Ignored","damage_taken":0,"max_hp_gain":0,"max_hp_loss":0,"event_name":"Vampires","floor":24,"gold_loss":0},{"damage_healed":0,"gold_gain":0,"player_choice":"Read","damage_taken":0,"max_hp_gain":0,"max_hp_loss":0,"event_name":"The Library","floor":25,"gold_loss":0,"cards_obtained":["Bludgeon"]},{"damage_healed":0,"gold_gain":0,"player_choice":"Fought Bandits","damage_taken":0,"max_hp_gain":0,"max_hp_loss":0,"event_name":"Masked Bandits","floor":28,"gold_loss":0}],"is_beta":false,"boss_relics":[{"not_picked":["Tiny House","Astrolabe"],"picked":"Mark of Pain"}],"items_purged_floors":[3,14,20],"is_endless":false,"potions_floor_spawned":[4,8,12,16,18,21,22],"killed_by":"Champ","ascension_level":0}