{"gold_per_floor":[215,232,252,130,130,130,30,30,105,105,116,129,4,4,4,103,103,119,131,108,23,23,50,50,76,76,76,90,104,124,124,124,124],"floor_reached":33,"playtime":863,"items_purged":["Strike_R","Strike_R","Strike_R"],"score":440,"play_id":"93a5c158-b452-410b-a4cc-b263dd3000d8","local_time":"20190617170046","is_ascension_mode":true,"campfire_choices":[{"data":"Armaments","floor":6,"key":"SMITH"},{"data":"Searing Blow","floor":8,"key":"SMITH"},{"data":"Searing Blow+1","floor":10,"key":"SMITH"},{"data":"Searing Blow+2","floor":15,"key":"SMITH"},{"data":"Armaments","floor":24,"key":"SMITH"},{"floor":27,"key":"REST"},{"floor":32,"key":"REST"}],"neow_cost":"NONE","seed_source_timestamp":16267485590724,"circlet_count":0,"master_deck":["AscendersBane","Strike_R","Defend_R","Defend_R","Defend_R","Defend_R","Bash","Thunderclap","Searing Blow+3","Armaments+1","Ghostly Armor","Cleave","Armaments","True Grit","Armaments+1","Rage","Shrug It Off+1","Rage+1","True Grit+1"],"relics":["Burning Blood","Bag of Marbles","Mercury Hourglass","Sozu","Question Card","Gremlin Horn","Juzu Bracelet","Toxic Egg 2"],"potions_floor_usage":[16,16],"damage_taken":[{"damage":6,"enemies":"Cultist","floor":1,"turns":4},{"damage":8,"enemies":"Jaw Worm","floor":2,"turns":5},{"damage":4,"enemies":"Small Slimes","floor":3,"turns":3},{"damage":0,"enemies":"3 Louse","floor":11,"turns":2},{"damage":6,"enemies":"Looter","floor":12,"turns":2},{"damage":18,"enemies":"The Guardian","floor":16,"turns":5},{"damage":0,"enemies":"3 Byrds","floor":18,"turns":6},{"damage":0,"enemies":"Chosen","floor":19,"turns":4},{"damage":26,"enemies":"Slavers","floor":23,"turns":6},{"damage":44,"enemies":"Book of Stabbing","floor":25,"turns":6},{"damage":25,"enemies":"Centurion and Healer","floor":28,"turns":5},{"damage":0,"enemies":"3 Cultists","floor":29,"turns":4},{"damage":19,"enemies":"Snecko","floor":30,"turns":7},{"damage":50,"enemies":"Automaton","floor":33,"turns":6}],"seed_played":"-4781424213870923952","potions_obtained":[{"floor":2,"key":"PowerPotion"},{"floor":3,"key":"PowerPotion"}],"is_trial":false,"path_per_floor":["M","M","M","$","?","R","$","R","T","R","M","M","$","?","R","B",null,"M","M","$","?","?","E","R","E","T","R","M","M","M","?","R","B"],"character_chosen":"IRONCLAD","items_purchased":["Armaments","True Grit"],"campfire_rested":2,"item_purchase_floors":[4,20],"current_hp_per_floor":[72,70,72,72,54,54,54,54,54,54,60,60,60,60,60,48,72,78,80,80,80,80,60,60,22,22,46,27,33,20,20,44,0],"gold":124,"neow_bonus":"HUNDRED_GOLD","is_prod":false,"is_daily":false,"chose_seed":false,"campfire_upgraded":5,"win_rate":0,"timestamp":1560762046,"path_taken":["M","?","M","$","?","R","$","R","T","R","M","M","?","?","R","BOSS","M","?","$","?","?","E","R","E","T","R","M","M","M","?","R","BOSS"],"build_version":"2019-01-23","purchased_purges":3,"victory":false,"max_hp_per_floor":[80,80,80,80,80,80,80,80,80,80,80,80,80,80,80,80,80,80,80,80,80,80,80,80,80,80,80,80,80,80,80,80,80],"card_choices":[{"not_picked":["Battle Trance","Fire Breathing"],"picked":"Thunderclap","floor":1},{"not_picked":["Infernal Blade","Flex"],"picked":"Searing Blow","floor":2},{"not_picked":["Feel No Pain","Burning Pact","Headbutt"],"picked":"SKIP","floor":3},{"not_picked":["Anger","Clothesline","Sword Boomerang"],"picked":"SKIP","floor":11},{"not_picked":["Sentinel","Barricade"],"picked":"Ghostly Armor","floor":12},{"not_picked":["Rampage","Pommel Strike"],"picked":"Cleave","floor":18},{"not_picked":["Headbutt+1","Sword Boomerang"],"picked":"Armaments","floor":19},{"not_picked":["Wild Strike","Searing Blow","Body Slam"],"picked":"Armaments","floor":23},{"not_picked":["Body Slam","Twin Strike","Reckless Charge"],"picked":"Rage","floor":25},{"not_picked":["Cleave","Clash","Reaper"],"picked":"Shrug It Off+1","floor":28},{"not_picked":["Cleave","Clash","Heavy Blade"],"picked":"Rage+1","floor":29},{"not_picked":["Heavy Blade","Rampage","Hemokinesis"],"picked":"True Grit+1","floor":30}],"player_experience":531419,"relics_obtained":[{"floor":9,"key":"Mercury Hourglass"},{"floor":23,"key":"Gremlin Horn"},{"floor":25,"key":"Juzu Bracelet"},{"floor":26,"key":"Toxic Egg 2"}],"event_choices":[{"damage_healed":0,"gold_gain":0,"player_choice":"Success","damage_taken":18,"relics_obtained":["Bag of Marbles"],"max_hp_gain":0,"max_hp_loss":0,"event_name":"Scrap Ooze","floor":5,"gold_loss":0},{"damage_healed":0,"gold_gain":0,"player_choice":"0 cards matched","damage_taken":0,"max_hp_gain":0,"max_hp_loss":0,"event_name":"Match and Keep!","floor":14,"gold_loss":0,"cards_obtained":[]},{"damage_healed":0,"gold_gain":0,"player_choice":"Obtained Relic","damage_taken":0,"relics_obtained":["Question Card"],"max_hp_gain":0,"max_hp_loss":0,"event_name":"Addict","floor":21,"gold_loss":85},{"cards_removed":["Strike_R"],"damage_healed":0,"gold_gain":0,"player_choice":"Elegance","damage_taken":0,"max_hp_gain":0,"max_hp_loss":0,"event_name":"Back to Basics","floor":22,"gold_loss":0},{"damage_healed":0,"gold_gain":0,"player_choice":"Ignored","damage_taken":0,"max_hp_gain":0,"max_hp_loss":0,"event_name":"Cursed Tome","floor":31,"gold_loss":0}],"is_beta":false,"boss_relics":[{"not_picked":["Philosopher\u0027s Stone","Runic Pyramid"],"picked":"Sozu"}],"items_purged_floors":[4,7,13],"is_endless":false,"potions_floor_spawned":[2,3,12,18,19,23,28],"killed_by":"Automaton","ascension_level":12}