{"gold_per_floor":[15,27,27,27,27,57,57,92,92,92,111,211,222,9,9,106,106,118,33,51,51,51,51,79,91,117,149,167,167,179,179,179,277,277,295,0,100,119,99,126,150,188,200,228,240,283,295,322,334,346],"floor_reached":51,"playtime":3799,"items_purged":["Regret"],"score":1328,"play_id":"11b44b4a-ee96-4621-9924-76215f9f950d","local_time":"20190623204444","is_ascension_mode":true,"campfire_choices":[{"data":"Carnage","floor":7.0,"key":"SMITH"},{"data":"Armaments","floor":10.0,"key":"SMITH"},{"data":"Offering","floor":15.0,"key":"SMITH"},{"data":"Battle Trance","floor":23.0,"key":"SMITH"},{"floor":29.0,"key":"REST"},{"data":"Inflame","floor":32.0,"key":"SMITH"},{"floor":45.0,"key":"REST"},{"floor":47,"key":"REST"},{"data":"1","floor":49,"key":"LIFT"}],"neow_cost":"NO_GOLD","seed_source_timestamp":105474221459040,"circlet_count":0,"master_deck":["AscendersBane","Defend_R+1","Defend_R","Defend_R","Bash","Ghostly Armor+1","Armaments+1","Carnage+1","Cleave","Headbutt","Sever Soul","Offering+1","Warcry","Dark Shackles","Battle Trance+1","Feed","Pummel","Headbutt+1","Flame Barrier+1","Havoc+1","Seeing Red+1","Inflame+1","Ghostly Armor+1","Doubt","Double Tap+1","Demon Form","Demon Form+1","Seeing Red+1","Flex+1","Shrug It Off+1","Warcry+1","Headbutt","Rage+1","Cleave","Flame Barrier+1","Spot Weakness+1","Intimidate+1","Ghostly Armor+1"],"special_seed":0,"relics":["Burning Blood","Pear","Pocketwatch","Centennial Puzzle","Smiling Mask","Matryoshka","Cursed Key","Toxic Egg 2","Bronze Scales","Mummified Hand","Blood Vial","War Paint","Astrolabe","Red Mask","Ginger","MawBank","Omamori","Anchor","Girya"],"potions_floor_usage":[50],"damage_taken":[{"damage":4.0,"enemies":"Jaw Worm","floor":1.0,"turns":6.0},{"damage":0.0,"enemies":"Small Slimes","floor":2.0,"turns":3.0},{"damage":21.0,"enemies":"3 Sentries","floor":6.0,"turns":6.0},{"damage":22.0,"enemies":"Gremlin Nob","floor":8.0,"turns":3.0},{"damage":0.0,"enemies":"2 Louse","floor":11.0,"turns":2.0},{"damage":16.0,"enemies":"Exordium Thugs","floor":13.0,"turns":6.0},{"damage":44.0,"enemies":"Hexaghost","floor":16.0,"turns":9.0},{"damage":19.0,"enemies":"3 Byrds","floor":18.0,"turns":5.0},{"damage":0.0,"enemies":"Spheric Guardian","floor":20.0,"turns":2.0},{"damage":27.0,"enemies":"Book of Stabbing","floor":24.0,"turns":4.0},{"damage":6.0,"enemies":"Snake Plant","floor":25.0,"turns":3.0},{"damage":27.0,"enemies":"Slavers","floor":27.0,"turns":4.0},{"damage":7.0,"enemies":"Snecko","floor":28.0,"turns":4.0},{"damage":6.0,"enemies":"Centurion and Healer","floor":30.0,"turns":4.0},{"damage":50.0,"enemies":"Champ","floor":33.0,"turns":7.0},{"damage":5.0,"enemies":"3 Shapes","floor":35.0,"turns":5.0},{"damage":12.0,"enemies":"Mind Bloom Boss Battle","floor":37.0,"turns":8.0},{"damage":22.0,"enemies":"3 Darklings","floor":38.0,"turns":5.0},{"damage":0.0,"enemies":"Nemesis","floor":40.0,"turns":5.0},{"damage":17.0,"enemies":"Transient","floor":41.0,"turns":5.0},{"damage":61.0,"enemies":"Reptomancer","floor":42.0,"turns":5.0},{"damage":13.0,"enemies":"4 Shapes","floor":44.0,"turns":5.0},{"damage":6,"enemies":"Nemesis","floor":46,"turns":5},{"damage":10,"enemies":"Spire Growth","floor":48,"turns":5},{"damage":64,"enemies":"Awakened One","floor":50,"turns":10}],"seed_played":"475529022967366336","potions_obtained":[{"floor":1.0,"key":"GamblersBrew"},{"floor":2.0,"key":"SkillPotion"},{"floor":18.0,"key":"LiquidBronze"},{"floor":22.0,"key":"EntropicBrew"},{"floor":22.0,"key":"EntropicBrew"},{"floor":27.0,"key":"Swift Potion"},{"floor":28.0,"key":"PowerPotion"},{"floor":35.0,"key":"Poison Potion"},{"floor":37.0,"key":"PowerPotion"},{"floor":39.0,"key":"Fruit Juice"},{"floor":41.0,"key":"EssenceOfSteel"},{"floor":44.0,"key":"SpeedPotion"}],"is_trial":false,"path_per_floor":["M","M","?","$","?","E","R","E","T","R","M","?","M","$","R","B",null,"M","?","M","?","?","R","E","M","T","E","M","R","M","?","R","B",null,"M","?","?","M","?","E","M","E","T","M","R","E","R","M","R","B",null],"character_chosen":"IRONCLAD","items_purchased":["Dark Shackles","Battle Trance"],"campfire_rested":3,"item_purchase_floors":[14,14],"current_hp_per_floor":[74,80,90,90,83,68,68,52,52,52,58,58,48,48,48,10,70,60,60,66,66,66,66,48,51,51,36,37,67,69,69,69,30,87,93,93,92,78,83,91,82,29,29,27,63,65,101,102,102,46],"gold":358,"neow_bonus":"TRANSFORM_TWO_CARDS","is_prod":false,"is_daily":false,"chose_seed":false,"campfire_upgraded":5,"win_rate":0,"timestamp":1561337084,"path_taken":["M","M","?","$","?","E","R","E","T","R","M","?","?","$","R","BOSS","M","?","M","?","?","R","E","M","T","E","?","R","M","?","R","BOSS","M","?","?","M","?","E","M","E","T","M","R","E","R","M","R","BOSS"],"build_version":"2019-01-23","purchased_purges":1,"victory":true,"max_hp_per_floor":[80,80,90,90,90,90,90,90,90,90,90,90,90,90,90,90,90,93,93,93,93,93,93,96,99,99,103,103,103,103,103,103,106,106,109,109,112,112,117,117,117,117,117,120,120,120,120,123,123,123],"card_choices":[{"not_picked":["Uppercut","Havoc"],"picked":"Carnage","floor":1.0},{"not_picked":["Wild Strike","Power Through"],"picked":"Cleave","floor":2.0},{"not_picked":["True Grit","Fire Breathing"],"picked":"Headbutt","floor":6.0},{"not_picked":["Evolve","Feel No Pain"],"picked":"Sever Soul","floor":8.0},{"not_picked":["Flex","Ghostly Armor"],"picked":"Offering","floor":11.0},{"not_picked":["Sword Boomerang","Entrench"],"picked":"Warcry","floor":13.0},{"not_picked":["Berserk","Dark Embrace"],"picked":"Feed","floor":16.0},{"not_picked":["Twin Strike","Combust"],"picked":"Pummel","floor":18.0},{"not_picked":["Blood for Blood","Armaments+1"],"picked":"Headbutt+1","floor":20.0},{"not_picked":["Thunderclap","Anger"],"picked":"Flame Barrier+1","floor":24.0},{"not_picked":["Sentinel+1","Armaments+1"],"picked":"Havoc+1","floor":25.0},{"not_picked":["Carnage","Fiend Fire"],"picked":"Seeing Red+1","floor":27.0},{"not_picked":["Twin Strike","Havoc+1"],"picked":"Inflame","floor":28.0},{"not_picked":["Clash","Feel No Pain"],"picked":"Ghostly Armor+1","floor":30.0},{"not_picked":["Berserk","Limit Break+1"],"picked":"Demon Form","floor":33.0},{"not_picked":["Havoc+1","Anger"],"picked":"Shrug It Off+1","floor":35.0},{"not_picked":["Dropkick","Rampage"],"picked":"Warcry+1","floor":37.0},{"not_picked":["Cleave","Thunderclap+1"],"picked":"Headbutt","floor":38.0},{"not_picked":["Feed","Wild Strike+1"],"picked":"Rage+1","floor":40.0},{"not_picked":["Anger","Pommel Strike+1"],"picked":"Cleave","floor":41.0},{"not_picked":["Reckless Charge","Iron Wave+1"],"picked":"Flame Barrier+1","floor":42.0},{"not_picked":["Iron Wave","Warcry+1"],"picked":"Spot Weakness+1","floor":44.0},{"not_picked":["Perfected Strike","Hemokinesis"],"picked":"Intimidate+1","floor":46},{"not_picked":["Dropkick+1","Warcry+1"],"picked":"Ghostly Armor+1","floor":48}],"player_experience":341115,"relics_obtained":[{"floor":6.0,"key":"Centennial Puzzle"},{"floor":8.0,"key":"Smiling Mask"},{"floor":9.0,"key":"Matryoshka"},{"floor":24.0,"key":"Bronze Scales"},{"floor":26.0,"key":"Mummified Hand"},{"floor":26.0,"key":"Blood Vial"},{"floor":27.0,"key":"War Paint"},{"floor":37.0,"key":"Ginger"},{"floor":40.0,"key":"MawBank"},{"floor":42.0,"key":"Omamori"},{"floor":43.0,"key":"Anchor"},{"floor":46,"key":"Girya"}],"event_choices":[{"damage_healed":0.0,"max_hp_gain":0.0,"max_hp_loss":0.0,"gold_gain":0.0,"event_name":"Big Fish","player_choice":"Box","floor":3.0,"gold_loss":0.0,"damage_taken":0.0,"relics_obtained":["Pear"],"cards_obtained":["Regret"]},{"damage_healed":0.0,"max_hp_gain":0.0,"max_hp_loss":0.0,"gold_gain":0.0,"event_name":"Scrap Ooze","player_choice":"Success","floor":5.0,"gold_loss":0.0,"damage_taken":7.0,"relics_obtained":["Pocketwatch"]},{"damage_healed":0.0,"max_hp_gain":0.0,"max_hp_loss":0.0,"gold_gain":100.0,"event_name":"Golden Shrine","player_choice":"Pray","floor":12.0,"gold_loss":0.0,"damage_taken":0.0},{"damage_healed":0.0,"max_hp_gain":0.0,"max_hp_loss":0.0,"gold_gain":0.0,"event_name":"Addict","player_choice":"Obtained Relic","floor":19.0,"gold_loss":85.0,"damage_taken":0.0,"relics_obtained":["Toxic Egg 2"]},{"damage_healed":0.0,"max_hp_gain":0.0,"max_hp_loss":0.0,"gold_gain":0.0,"event_name":"Beggar","player_choice":"Ignored","floor":21.0,"gold_loss":0.0,"damage_taken":0.0},{"damage_healed":0.0,"max_hp_gain":0.0,"max_hp_loss":0.0,"gold_gain":0.0,"event_name":"Lab","player_choice":"Got Potions","floor":22.0,"gold_loss":0.0,"damage_taken":0.0},{"damage_healed":0.0,"max_hp_gain":0.0,"max_hp_loss":0.0,"gold_gain":0.0,"cards_transformed":["Injury","Strike_R"],"event_name":"Drug Dealer","player_choice":"Became Test Subject","floor":31.0,"gold_loss":0.0,"damage_taken":0.0,"cards_obtained":["Doubt","Double Tap"]},{"damage_healed":0.0,"max_hp_gain":0.0,"max_hp_loss":0.0,"gold_gain":0.0,"event_name":"Tomb of Lord Red Mask","player_choice":"Paid","floor":36.0,"gold_loss":295.0,"damage_taken":0.0,"relics_obtained":["Red Mask"]},{"damage_healed":0.0,"max_hp_gain":0.0,"max_hp_loss":0.0,"gold_gain":0.0,"event_name":"MindBloom","player_choice":"Fight","floor":37.0,"gold_loss":0.0,"damage_taken":0.0},{"damage_healed":0.0,"max_hp_gain":0.0,"max_hp_loss":0.0,"gold_gain":0.0,"event_name":"The Woman in Blue","player_choice":"Bought 1 Potion","floor":39.0,"gold_loss":0.0,"damage_taken":0.0}],"is_beta":false,"boss_relics":[{"not_picked":["Coffee Dripper","Orrery"],"picked":"Cursed Key"},{"not_picked":["Eternal Feather","Lizard Tail"],"picked":"Astrolabe"}],"items_purged_floors":[14],"is_endless":false,"potions_floor_spawned":[1,2,8,13,18,27,28,35,37,41,44],"ascension_level":12}