{"gold_per_floor":[111,111,125,200,219,219,249,249,249,249,263,280,280,294,294,397,397,416,4,4,4,31,31,41,41,67,67,83,98,110,120,120,120],"floor_reached":33,"playtime":1868,"items_purged":["Strike_G"],"score":286,"play_id":"8650a522-2e6c-400b-ace6-e68918140da4","local_time":"20181110174108","is_ascension_mode":true,"campfire_choices":[{"data":"Dagger Spray","floor":6,"key":"SMITH"},{"data":"Caltrops","floor":8,"key":"SMITH"},{"data":"Dodge and Roll","floor":10,"key":"SMITH"},{"floor":13,"key":"REST"},{"data":"Predator","floor":15,"key":"SMITH"},{"floor":23,"key":"REST"},{"data":"After Image","floor":25,"key":"SMITH"},{"data":"Metamorphosis","floor":27,"key":"SMITH"},{"floor":32,"key":"REST"}],"neow_cost":"NONE","seed_source_timestamp":1906599503352824,"circlet_count":0,"master_deck":["Defend_G","Defend_G","Defend_G","Defend_G","Defend_G","Strike_G","Strike_G+1","Strike_G","Strike_G+1","Survivor","Neutralize+1","Flying Knee","Dodge and Roll+1","Dagger Spray+1","Caltrops+1","Quick Slash","Predator+1","Backstab","After Image+1","Quick Slash+1","Dark Shackles","Caltrops","Metamorphosis+1","PiercingWail+1","Deflect","Glass Knife","Finisher","Blade Dance"],"relics":["Ring of the Snake","Whetstone","Sundial","Philosopher\u0027s Stone","Membership Card","Art of War","Oddly Smooth Stone"],"potions_floor_usage":[30,31,33,33],"damage_taken":[{"damage":1,"enemies":"Jaw Worm","floor":1,"turns":5},{"damage":0,"enemies":"Cultist","floor":3,"turns":4},{"damage":0,"enemies":"2 Louse","floor":5,"turns":2},{"damage":38,"enemies":"Lagavulin","floor":7,"turns":9},{"damage":8,"enemies":"Exordium Thugs","floor":11,"turns":4},{"damage":1,"enemies":"Blue Slaver","floor":12,"turns":4},{"damage":0,"enemies":"3 Louse","floor":14,"turns":3},{"damage":18,"enemies":"Hexaghost","floor":16,"turns":10},{"damage":24,"enemies":"Chosen","floor":18,"turns":5},{"damage":33,"enemies":"Colosseum Slavers","floor":21,"turns":4},{"damage":2,"enemies":"Spheric Guardian","floor":24,"turns":3},{"damage":7,"enemies":"Snecko","floor":28,"turns":5},{"damage":12,"enemies":"Shelled Parasite and Fungi","floor":29,"turns":5},{"damage":19,"enemies":"Chosen and Byrds","floor":30,"turns":6},{"damage":1,"enemies":"Centurion and Healer","floor":31,"turns":6},{"damage":29,"enemies":"Automaton","floor":33,"turns":6}],"seed_played":"1029951961067824036","potions_obtained":[{"floor":3,"key":"SkillPotion"},{"floor":5,"key":"Block Potion"},{"floor":7,"key":"PowerPotion"},{"floor":24,"key":"Swift Potion"},{"floor":31,"key":"SteroidPotion"}],"is_trial":false,"path_per_floor":["M","?","M","?","M","R","E","R","T","R","M","M","R","M","R","B",null,"M","$","?","?","T","R","M","R","T","R","M","M","M","M","R","B"],"character_chosen":"THE_SILENT","items_purchased":["Membership Card","Dark Shackles","Caltrops","Metamorphosis"],"campfire_rested":3,"item_purchase_floors":[19,19,19,19],"current_hp_per_floor":[76,76,76,69,69,69,31,31,31,31,23,22,45,45,45,27,77,53,53,53,20,20,43,41,41,41,41,34,22,3,2,25,0],"gold":120,"neow_bonus":"TEN_PERCENT_HP_BONUS","is_prod":false,"is_daily":false,"chose_seed":false,"campfire_upgraded":6,"win_rate":0,"timestamp":1541889668,"path_taken":["M","?","?","?","M","R","E","R","T","R","M","M","R","M","R","BOSS","M","$","?","?","?","R","?","R","T","R","M","M","M","M","R","BOSS"],"build_version":"2018-11-08","purchased_purges":1,"victory":false,"max_hp_per_floor":[77,77,77,77,77,77,77,77,77,77,77,77,77,77,77,77,77,77,77,77,77,77,77,77,77,77,77,77,77,77,77,77,77],"card_choices":[{"not_picked":["Deflect","Outmaneuver"],"picked":"Flying Knee","floor":1},{"not_picked":["Riddle With Holes","Bane"],"picked":"Dodge and Roll","floor":3},{"not_picked":["Slice","Bane"],"picked":"Dagger Spray","floor":5},{"not_picked":["PiercingWail","Dagger Throw"],"picked":"Caltrops","floor":7},{"not_picked":["Deflect","Catalyst"],"picked":"Quick Slash","floor":11},{"not_picked":["Deadly Poison","A Thousand Cuts"],"picked":"Predator","floor":12},{"not_picked":["Flying Knee","Infinite Blades"],"picked":"Backstab","floor":14},{"not_picked":["Adrenaline","A Thousand Cuts"],"picked":"After Image","floor":16},{"not_picked":["Outmaneuver","Bane"],"picked":"Quick Slash+1","floor":18},{"not_picked":["Outmaneuver","Flying Knee"],"picked":"PiercingWail+1","floor":24},{"not_picked":["Quick Slash","Outmaneuver"],"picked":"Deflect","floor":28},{"not_picked":["Outmaneuver","Quick Slash"],"picked":"Glass Knife","floor":29},{"not_picked":["Deflect","Eviscerate"],"picked":"Finisher","floor":30},{"not_picked":["Prepared","Quick Slash"],"picked":"Blade Dance","floor":31}],"player_experience":1108438,"relics_obtained":[{"floor":7,"key":"Whetstone"},{"floor":9,"key":"Sundial"},{"floor":22,"key":"Art of War"},{"floor":26,"key":"Oddly Smooth Stone"}],"event_choices":[{"damage_healed":0,"gold_gain":0,"player_choice":"Upgraded","damage_taken":0,"max_hp_gain":0,"max_hp_loss":0,"event_name":"Upgrade Shrine","floor":2,"gold_loss":0,"cards_upgraded":["Neutralize"]},{"damage_healed":0,"gold_gain":75,"player_choice":"Touch","damage_taken":7,"max_hp_gain":0,"max_hp_loss":0,"event_name":"FaceTrader","floor":4,"gold_loss":0},{"damage_healed":0,"gold_gain":0,"player_choice":"Ignored","damage_taken":0,"max_hp_gain":0,"max_hp_loss":0,"event_name":"The Mausoleum","floor":20,"gold_loss":0},{"damage_healed":0,"gold_gain":0,"player_choice":"Fight","damage_taken":0,"max_hp_gain":0,"max_hp_loss":0,"event_name":"Colosseum","floor":21,"gold_loss":0},{"damage_healed":0,"gold_gain":0,"player_choice":"Fled From Nobs","damage_taken":0,"max_hp_gain":0,"max_hp_loss":0,"event_name":"Colosseum","floor":21,"gold_loss":0}],"is_beta":false,"boss_relics":[{"not_picked":["Tiny House","Busted Crown"],"picked":"Philosopher\u0027s Stone"}],"items_purged_floors":[19],"is_endless":false,"potions_floor_spawned":[3,5,7,12,21,24,31],"killed_by":"Automaton","ascension_level":3}