{"gold_per_floor":[117,77,104,104,115,115,140,152,213,225,247,272,309,40,40,142,142,160,175,205,11,30,30,45,56,83,182,196,215,94,107,107,107],"floor_reached":33,"playtime":2642,"items_purged":["Strike_G","Strike_G","Strike_G"],"score":259,"play_id":"ddea0dcf-e387-44fe-95db-d0120715df96","local_time":"20180815214932","is_ascension_mode":false,"campfire_choices":[{"data":"Neutralize","floor":6,"key":"SMITH"},{"data":"Noxious Fumes","floor":8,"key":"SMITH"},{"data":"Bouncing Flask","floor":10,"key":"SMITH"},{"data":"Leg Sweep","floor":15,"key":"SMITH"},{"data":"Catalyst","floor":23,"key":"SMITH"},{"floor":32,"key":"REST"}],"neow_cost":"NONE","seed_source_timestamp":61197615550532,"circlet_count":0,"master_deck":["Defend_G","Defend_G","Defend_G","Defend_G","Defend_G","Strike_G+1","Strike_G+1","Survivor","Neutralize+1","Noxious Fumes+1","Bouncing Flask+1","Leg Sweep+1","Backflip","Adrenaline","Catalyst+1","Dodge and Roll","Deflect","PiercingWail"],"relics":["Ring of the Snake","Whetstone","Anchor","MawBank","Happy Flower","Bottled Lightning","Membership Card","Philosopher\u0027s Stone","Tiny Chest","Oddly Smooth Stone","Boot"],"potions_floor_usage":[7,13,24,31,33],"damage_taken":[{"damage":0,"enemies":"Cultist","floor":1,"turns":4},{"damage":0,"enemies":"Jaw Worm","floor":5,"turns":4},{"damage":11,"enemies":"3 Sentries","floor":7,"turns":8},{"damage":0,"enemies":"Small Slimes","floor":11,"turns":3},{"damage":2,"enemies":"Looter","floor":12,"turns":3},{"damage":6,"enemies":"Gremlin Nob","floor":13,"turns":4},{"damage":4,"enemies":"The Guardian","floor":16,"turns":8},{"damage":7,"enemies":"Spheric Guardian","floor":18,"turns":3},{"damage":0,"enemies":"Chosen","floor":19,"turns":4},{"damage":1,"enemies":"Centurion and Healer","floor":22,"turns":7},{"damage":6,"enemies":"Chosen and Byrds","floor":24,"turns":6},{"damage":7,"enemies":"Snecko","floor":25,"turns":5},{"damage":9,"enemies":"Centurion and Healer","floor":28,"turns":7},{"damage":0,"enemies":"3 Cultists","floor":29,"turns":6},{"damage":6,"enemies":"Cultist and Chosen","floor":31,"turns":8},{"damage":61,"enemies":"Collector","floor":33,"turns":7}],"seed_played":"-1734711902171059808","potions_obtained":[{"floor":1,"key":"Swift Potion"},{"floor":4,"key":"Fire Potion"},{"floor":4,"key":"GhostInAJar"},{"floor":7,"key":"Poison Potion"},{"floor":11,"key":"Dexterity Potion"},{"floor":13,"key":"LiquidBronze"},{"floor":18,"key":"Energy Potion"},{"floor":25,"key":"LiquidBronze"},{"floor":28,"key":"GhostInAJar"}],"is_trial":false,"path_per_floor":["M","$","T","?","M","R","E","R","T","R","M","M","E","$","R","B",null,"M","M","?","$","M","R","M","M","T","?","M","M","$","M","R"],"character_chosen":"THE_SILENT","items_purchased":["Bouncing Flask","Membership Card","Oddly Smooth Stone","PiercingWail"],"campfire_rested":1,"item_purchase_floors":[2,14,21,30],"current_hp_per_floor":[70,70,70,70,70,70,59,59,59,59,59,57,51,51,51,47,70,63,63,63,63,62,62,56,49,49,49,40,40,40,34,55,0],"gold":107,"neow_bonus":"RANDOM_COMMON_RELIC","is_prod":false,"is_daily":false,"chose_seed":false,"campfire_upgraded":5,"win_rate":0,"timestamp":1534384172,"path_taken":["M","$","?","?","?","R","E","R","T","R","M","M","E","$","R","BOSS","M","M","?","$","M","R","?","M","T","?","M","M","$","M","R","BOSS"],"build_version":"2018-08-09","purchased_purges":3,"victory":false,"max_hp_per_floor":[70,70,70,70,70,70,70,70,70,70,70,70,70,70,70,70,70,70,70,70,70,70,70,70,70,70,70,70,70,70,70,70,70],"card_choices":[{"not_picked":["Footwork","Flying Knee"],"picked":"Noxious Fumes","floor":1},{"not_picked":["Blade Dance","Predator","Dagger Throw"],"picked":"SKIP","floor":5},{"not_picked":["Terror","Finisher","Dagger Throw"],"picked":"SKIP","floor":7},{"not_picked":["Choke","Outmaneuver"],"picked":"Leg Sweep","floor":11},{"not_picked":["Setup","Leg Sweep","Calculated Gamble"],"picked":"SKIP","floor":12},{"not_picked":["Acrobatics","Catalyst"],"picked":"Backflip","floor":13},{"not_picked":["A Thousand Cuts","After Image"],"picked":"Adrenaline","floor":16},{"not_picked":["Sucker Punch","Slice+1"],"picked":"Catalyst","floor":18},{"not_picked":["Poisoned Stab","Dash","Backflip"],"picked":"SKIP","floor":19},{"not_picked":["Calculated Gamble","Underhanded Strike","Finisher"],"picked":"SKIP","floor":22},{"not_picked":["Cloak And Dagger","All Out Attack"],"picked":"Dodge and Roll","floor":24},{"not_picked":["Heel Hook","Underhanded Strike+1","Bouncing Flask"],"picked":"SKIP","floor":25},{"not_picked":["Deadly Poison","Quick Slash","Bullet Time"],"picked":"SKIP","floor":28},{"not_picked":["Blade Dance+1","Dash+1"],"picked":"Deflect","floor":29},{"not_picked":["Outmaneuver","Blade Dance","Bouncing Flask"],"picked":"SKIP","floor":31}],"player_experience":754701,"relics_obtained":[{"floor":3,"key":"Anchor"},{"floor":7,"key":"MawBank"},{"floor":9,"key":"Happy Flower"},{"floor":13,"key":"Bottled Lightning"},{"floor":26,"key":"Boot"}],"event_choices":[{"event_name":"The Lab","player_choice":"Got Potions","floor":4,"damage_taken":0},{"event_name":"The Mausoleum","player_choice":"Yes","floor":20,"damage_taken":0},{"event_name":"Nest","player_choice":"Stole From Cult","floor":27,"damage_taken":0}],"is_beta":false,"boss_relics":[{"not_picked":["White Beast Statue","Ectoplasm"],"picked":"Philosopher\u0027s Stone"}],"items_purged_floors":[14,21,30],"is_endless":false,"potions_floor_spawned":[1,7,11,12,13,18,25,28,29],"killed_by":"Collector","ascension_level":0}