{"gold_per_floor":[110,124,299,309,328,353,353,278,278,1,19,46,46,46,46,145,145,158,83,83,98,108,140,140,153,230,265,265,298,310,310,310,310],"floor_reached":33,"playtime":3261,"items_purged":["Doubt"],"score":456,"play_id":"7b898e80-6f69-4a80-82d3-703f5f56d081","local_time":"20190204153428","is_ascension_mode":true,"campfire_choices":[{"floor":7,"key":"REST"},{"data":"Deadly Poison","floor":13,"key":"SMITH"},{"data":"Footwork","floor":15,"key":"SMITH"},{"floor":24,"key":"REST"},{"floor":28,"key":"REST"},{"floor":32,"key":"REST"}],"neow_cost":"NONE","seed_source_timestamp":1076247869242555,"circlet_count":0,"master_deck":["Defend_G","Defend_G","Defend_G","Defend_G","Defend_G","Strike_G+1","Strike_G","Strike_G","Survivor","Neutralize+1","Footwork+1","Deadly Poison+1","Quick Slash","Dagger Throw","Footwork+1","Deflect","Poisoned Stab","PiercingWail","Bullet Time","Dodge and Roll+1","Deadly Poison","Bouncing Flask","Deadly Poison","Bouncing Flask","Footwork"],"relics":["Ring of the Snake","Snake Skull","Bronze Scales","OrangePellets","Pear","Snecko Eye","Bag of Preparation","Singing Bowl","PreservedInsect","Whetstone"],"potions_floor_usage":[6,6,18,25,27,33],"damage_taken":[{"damage":2,"enemies":"2 Louse","floor":1,"turns":4},{"damage":1,"enemies":"Jaw Worm","floor":2,"turns":5},{"damage":4,"enemies":"Cultist","floor":4,"turns":6},{"damage":26,"enemies":"Large Slime","floor":5,"turns":10},{"damage":18,"enemies":"Gremlin Nob","floor":6,"turns":4},{"damage":4,"enemies":"3 Louse","floor":11,"turns":4},{"damage":6,"enemies":"Lagavulin","floor":12,"turns":6},{"damage":0,"enemies":"Hexaghost","floor":16,"turns":9},{"damage":5,"enemies":"Spheric Guardian","floor":18,"turns":6},{"damage":0,"enemies":"3 Byrds","floor":21,"turns":2},{"damage":0,"enemies":"Snake Plant","floor":22,"turns":3},{"damage":34,"enemies":"Slavers","floor":23,"turns":10},{"damage":7,"enemies":"Snecko","floor":25,"turns":3},{"damage":16,"enemies":"Gremlin Leader","floor":27,"turns":6},{"damage":4,"enemies":"Slavers","floor":29,"turns":6},{"damage":23,"enemies":"Shelled Parasite and Fungi","floor":30,"turns":5},{"damage":84,"enemies":"Automaton","floor":33,"turns":6}],"seed_played":"-419009601152026205","potions_obtained":[{"floor":0,"key":"Poison Potion"},{"floor":0,"key":"Block Potion"},{"floor":0,"key":"AttackPotion"},{"floor":4,"key":"FearPotion"},{"floor":5,"key":"Fire Potion"},{"floor":11,"key":"PowerPotion"},{"floor":16,"key":"SkillPotion"},{"floor":18,"key":"PowerPotion"}],"is_trial":false,"path_per_floor":["M","M","?","M","M","E","R","$","T","$","M","E","R","?","R","B",null,"M","?","?","M","M","E","R","M","T","E","R","E","M","?","R","B"],"character_chosen":"THE_SILENT","items_purchased":["OrangePellets","Footwork","Deflect"],"campfire_rested":4,"item_purchase_floors":[10,10,10],"current_hp_per_floor":[68,67,67,63,37,19,40,40,40,40,36,40,40,40,40,40,70,65,65,65,65,65,31,55,48,48,32,56,52,31,31,55,0],"gold":310,"neow_bonus":"THREE_SMALL_POTIONS","is_prod":false,"is_daily":false,"chose_seed":false,"campfire_upgraded":2,"win_rate":0,"timestamp":1549312468,"path_taken":["M","M","?","M","M","E","R","$","T","$","M","E","R","?","R","BOSS","M","?","?","?","M","E","R","M","T","E","R","E","M","?","R","BOSS"],"build_version":"2019-01-23","purchased_purges":1,"victory":false,"max_hp_per_floor":[70,70,70,70,70,70,70,70,70,70,70,80,80,80,80,80,80,80,80,80,80,80,80,80,80,80,80,80,80,82,82,82,82],"card_choices":[{"not_picked":["Choke","Cloak And Dagger","Expertise"],"picked":"SKIP","floor":1},{"not_picked":["Prepared","Underhanded Strike"],"picked":"Footwork","floor":2},{"not_picked":["Backflip","Endless Agony"],"picked":"Deadly Poison","floor":4},{"not_picked":["Predator","Blade Dance"],"picked":"Quick Slash","floor":5},{"not_picked":["Sucker Punch","Outmaneuver"],"picked":"Dagger Throw","floor":6},{"not_picked":["Blur","Tactician"],"picked":"Poisoned Stab","floor":11},{"not_picked":["Acrobatics","Prepared"],"picked":"PiercingWail","floor":12},{"not_picked":["Night Terror","Tools of the Trade"],"picked":"Bullet Time","floor":16},{"not_picked":["Slice","Cloak And Dagger"],"picked":"Dodge and Roll+1","floor":18},{"not_picked":["Backstab","Heel Hook"],"picked":"Deadly Poison","floor":21},{"not_picked":["Skewer","Infinite Blades","Prepared"],"picked":"SKIP","floor":22},{"not_picked":["Acrobatics","Eviscerate"],"picked":"Bouncing Flask","floor":23},{"not_picked":["Eviscerate","Poisoned Stab"],"picked":"Deadly Poison","floor":25},{"not_picked":["Caltrops+1","Backstab"],"picked":"Bouncing Flask","floor":27},{"not_picked":["Concentrate","Riddle With Holes+1"],"picked":"Footwork","floor":29},{"not_picked":["Slice","Skewer+1","Outmaneuver+1"],"picked":"Singing Bowl","floor":30}],"player_experience":1473519,"relics_obtained":[{"floor":6,"key":"Snake Skull"},{"floor":9,"key":"Bronze Scales"},{"floor":12,"key":"Pear"},{"floor":23,"key":"Bag of Preparation"},{"floor":26,"key":"Singing Bowl"},{"floor":27,"key":"PreservedInsect"},{"floor":29,"key":"Whetstone"}],"event_choices":[{"damage_healed":0,"gold_gain":175,"player_choice":"AGREE","damage_taken":0,"max_hp_gain":0,"max_hp_loss":0,"event_name":"Liars Game","floor":3,"gold_loss":0,"cards_obtained":["Doubt"]},{"cards_removed":["Strike_G"],"damage_healed":0,"gold_gain":0,"player_choice":"Forget","damage_taken":0,"max_hp_gain":0,"max_hp_loss":0,"event_name":"Living Wall","floor":14,"gold_loss":0},{"cards_removed":["Strike_G"],"damage_healed":0,"gold_gain":0,"player_choice":"Gave Gold","damage_taken":0,"max_hp_gain":0,"max_hp_loss":0,"event_name":"Beggar","floor":19,"gold_loss":75},{"damage_healed":0,"gold_gain":0,"player_choice":"Forge","damage_taken":0,"max_hp_gain":0,"max_hp_loss":0,"event_name":"Accursed Blacksmith","floor":20,"gold_loss":0,"cards_upgraded":["Footwork"]},{"damage_healed":0,"gold_gain":0,"player_choice":"Ignored","damage_taken":0,"max_hp_gain":0,"max_hp_loss":0,"event_name":"The Mausoleum","floor":31,"gold_loss":0}],"is_beta":false,"boss_relics":[{"not_picked":["Tiny House","Cursed Key"],"picked":"Snecko Eye"}],"items_purged_floors":[8],"is_endless":false,"potions_floor_spawned":[4,5,11,16,18,23],"killed_by":"Automaton","ascension_level":5}