{"gold_per_floor":[116,291,311,311,330,359,459,492,515,526,526,174,194,224,224,224],"floor_reached":16,"playtime":947,"items_purged":["Regret"],"score":152,"play_id":"11d6283e-ad52-427c-9588-391aabcb2f04","local_time":"20190504053331","is_ascension_mode":true,"campfire_choices":[{"floor":11.0,"key":"REST"},{"data":"Flame Barrier","floor":15.0,"key":"SMITH"}],"neow_cost":"NONE","seed_source_timestamp":53040728096688,"circlet_count":0,"master_deck":["Strike_R","Strike_R","Strike_R","Defend_R","Defend_R","Defend_R","Defend_R","Offering+1","Feed+1","Wild Strike+1","Whirlwind","Doubt","Flame Barrier+1","Headbutt","Heavy Blade","Shrug It Off","Pummel","Blind","Shrug It Off","Heavy Blade"],"special_seed":0,"relics":["Astrolabe","Anchor","Lantern","Question Card","Art of War","Membership Card","Frozen Egg 2"],"potions_floor_usage":[16],"damage_taken":[{"damage":2.0,"enemies":"Small Slimes","floor":1.0,"turns":5.0},{"damage":1.0,"enemies":"2 Louse","floor":3.0,"turns":2.0},{"damage":3.0,"enemies":"Cultist","floor":5.0,"turns":4.0},{"damage":37.0,"enemies":"3 Sentries","floor":6.0,"turns":8.0},{"damage":43.0,"enemies":"Lagavulin","floor":8.0,"turns":5.0},{"damage":1.0,"enemies":"Looter","floor":10.0,"turns":2.0},{"damage":0.0,"enemies":"Large Slime","floor":13.0,"turns":5.0},{"damage":48,"enemies":"The Guardian","floor":16,"turns":11}],"seed_played":"-2797890501976386480","potions_obtained":[{"floor":1.0,"key":"Energy Potion"},{"floor":3.0,"key":"FearPotion"},{"floor":10.0,"key":"SpeedPotion"}],"is_trial":false,"path_per_floor":["M","?","M","?","M","E","?","E","T","M","R","$","M","?","R","B"],"character_chosen":"IRONCLAD","items_purchased":["Membership Card","Blind","Shrug It Off"],"campfire_rested":1,"item_purchase_floors":[12,12,12],"current_hp_per_floor":[82,82,85,85,86,53,53,10,10,13,43,43,47,47,47,0],"gold":224,"neow_bonus":"BOSS_RELIC","is_prod":false,"is_daily":false,"chose_seed":false,"campfire_upgraded":1,"win_rate":0,"timestamp":1556962411,"path_taken":["M","?","M","?","M","E","?","E","T","?","R","$","M","?","R","BOSS"],"build_version":"2019-01-23","purchased_purges":1,"victory":false,"max_hp_per_floor":[84,84,88,88,92,96,96,96,96,100,100,100,104,104,104,104],"card_choices":[{"not_picked":["Uppercut","Clash"],"picked":"Whirlwind","floor":1.0},{"not_picked":["Clash","Combust"],"picked":"Flame Barrier","floor":3.0},{"not_picked":["Ghostly Armor","Iron Wave"],"picked":"Headbutt","floor":5.0},{"not_picked":["Metallicize","Battle Trance"],"picked":"Heavy Blade","floor":6.0},{"not_picked":["Havoc","Clash"],"picked":"Shrug It Off","floor":8.0},{"not_picked":["Havoc","Rampage","Thunderclap"],"picked":"Pummel","floor":10.0},{"not_picked":["Brutality","Clash","Wild Strike"],"picked":"Heavy Blade","floor":13.0}],"player_experience":213701,"relics_obtained":[{"floor":6.0,"key":"Lantern"},{"floor":8.0,"key":"Question Card"},{"floor":9.0,"key":"Art of War"}],"event_choices":[{"damage_healed":0.0,"max_hp_gain":0.0,"max_hp_loss":0.0,"gold_gain":175.0,"event_name":"Liars Game","player_choice":"AGREE","floor":2.0,"gold_loss":0.0,"damage_taken":0.0,"cards_obtained":["Doubt"]},{"damage_healed":0.0,"max_hp_gain":0.0,"max_hp_loss":0.0,"gold_gain":0.0,"event_name":"Big Fish","player_choice":"Box","floor":4.0,"gold_loss":0.0,"damage_taken":0.0,"relics_obtained":["Anchor"],"cards_obtained":["Regret"]},{"damage_healed":0.0,"max_hp_gain":0.0,"max_hp_loss":0.0,"gold_gain":100.0,"event_name":"Wheel of Change","player_choice":"Gold","floor":7.0,"gold_loss":0.0,"damage_taken":0.0},{"damage_healed":0.0,"max_hp_gain":0.0,"max_hp_loss":0.0,"gold_gain":30.0,"event_name":"Dead Adventurer","player_choice":"Searched \u00273\u0027 times","floor":14.0,"gold_loss":0.0,"damage_taken":0.0,"relics_obtained":["Frozen Egg 2"]}],"is_beta":false,"boss_relics":[],"items_purged_floors":[12],"is_endless":false,"potions_floor_spawned":[1,3,10],"killed_by":"The Guardian","ascension_level":3}