{"gold_per_floor":[111,127,52,71,86,86,161,26,50,70,81,81,93,104,104,201,201,219,231,40,40,58,58,72,72,95,95,95,95],"floor_reached":29,"playtime":764,"items_purged":["Defend_B","Strike_B"],"score":219,"play_id":"aa957a37-bd17-46bf-855e-6f7115e99961","local_time":"20190625080352","is_ascension_mode":false,"campfire_choices":[{"data":"Zap","floor":6.0,"key":"SMITH"},{"data":"Storm","floor":12,"key":"SMITH"},{"data":"Hello World","floor":15,"key":"SMITH"},{"data":"Consume","floor":23,"key":"SMITH"},{"floor":25,"key":"REST"},{"floor":28,"key":"REST"}],"neow_cost":"NONE","seed_source_timestamp":7547380165470,"circlet_count":0,"master_deck":["Strike_B","Strike_B","Defend_B","Defend_B","Defend_B+1","Zap+1","Dualcast+1","Hello World+1","Conserve Battery","Capacitor","Fusion","Storm+1","Go for the Eyes","Ball Lightning","Capacitor","Consume","Creative AI","Sweeping Beam+1","Capacitor","Hello World","Consume+1","Force Field"],"special_seed":0,"relics":["Cracked Core","Oddly Smooth Stone","Velvet Choker","Happy Flower","War Paint","Bag of Marbles"],"potions_floor_usage":[16,16,18,29],"damage_taken":[{"damage":3.0,"enemies":"Jaw Worm","floor":1.0,"turns":4.0},{"damage":0.0,"enemies":"Cultist","floor":2.0,"turns":4.0},{"damage":0.0,"enemies":"2 Louse","floor":4.0,"turns":3.0},{"damage":3.0,"enemies":"2 Fungi Beasts","floor":5.0,"turns":4.0},{"damage":12,"enemies":"Blue Slaver","floor":10,"turns":3},{"damage":5,"enemies":"Exordium Thugs","floor":11,"turns":4},{"damage":3,"enemies":"2 Fungi Beasts","floor":13,"turns":3},{"damage":6,"enemies":"Blue Slaver","floor":14,"turns":3},{"damage":8,"enemies":"Slime Boss","floor":16,"turns":6},{"damage":17,"enemies":"2 Thieves","floor":18,"turns":4},{"damage":10,"enemies":"Chosen","floor":19,"turns":5},{"damage":27,"enemies":"Shelled Parasite and Fungi","floor":22,"turns":5},{"damage":7,"enemies":"Chosen and Byrds","floor":24,"turns":4},{"damage":27,"enemies":"Colosseum Slavers","floor":29,"turns":4},{"damage":24,"enemies":"Colosseum Nobs","floor":29,"turns":2}],"seed_played":"-1278243588879620468","potions_obtained":[{"floor":4.0,"key":"Fire Potion"},{"floor":5.0,"key":"GamblersBrew"},{"floor":10,"key":"Ancient Potion"},{"floor":11,"key":"SteroidPotion"},{"floor":16,"key":"Energy Potion"},{"floor":19,"key":"Fire Potion"},{"floor":24,"key":"Poison Potion"}],"is_trial":false,"path_per_floor":["M","M","$","M","M","R","?","$","T","M","M","R","M","M","R","B",null,"M","M","$","?","M","R","M","R","T","?","R","?"],"character_chosen":"DEFECT","items_purchased":["Storm","Hello World","Happy Flower"],"campfire_rested":2,"item_purchase_floors":[8,20,20],"current_hp_per_floor":[72,72,72,72,69,69,62,62,62,50,45,45,42,36,36,28,75,58,48,48,48,21,21,14,36,36,22,46,0],"gold":95,"neow_bonus":"REMOVE_CARD","is_prod":false,"is_daily":false,"chose_seed":false,"campfire_upgraded":4,"win_rate":0,"timestamp":1561471432,"path_taken":["M","M","$","M","M","R","?","$","T","M","M","R","M","M","R","BOSS","M","M","$","?","M","R","?","R","T","?","R","?"],"build_version":"2019-01-23","purchased_purges":2,"victory":false,"max_hp_per_floor":[75,75,75,75,75,75,75,75,75,75,75,75,75,75,75,75,75,75,75,75,75,75,75,75,75,75,80,80,80],"card_choices":[{"not_picked":["Barrage","Sweeping Beam"],"picked":"Hello World","floor":1.0},{"not_picked":["Turbo","Aggregate"],"picked":"Conserve Battery","floor":2.0},{"not_picked":["Steam","Aggregate"],"picked":"Capacitor","floor":4.0},{"not_picked":["FTL","Beam Cell"],"picked":"Fusion","floor":5.0},{"not_picked":["Skim","Hologram"],"picked":"Go for the Eyes","floor":10},{"not_picked":["Coolheaded","Leap"],"picked":"Ball Lightning","floor":11},{"not_picked":["Barrage","Gash"],"picked":"Capacitor","floor":13},{"not_picked":["Redo","Go for the Eyes"],"picked":"Consume","floor":14},{"not_picked":["Hyperbeam","Thunder Strike"],"picked":"Creative AI","floor":16},{"not_picked":["Stack","Coolheaded"],"picked":"Sweeping Beam+1","floor":18},{"not_picked":["Melter+1","Beam Cell"],"picked":"Capacitor","floor":19},{"not_picked":["Steam","Streamline"],"picked":"Consume","floor":22},{"not_picked":["Doom and Gloom+1","Streamline"],"picked":"Force Field","floor":24}],"player_experience":1490812,"relics_obtained":[{"floor":9,"key":"Oddly Smooth Stone"},{"floor":26,"key":"Bag of Marbles"}],"event_choices":[{"damage_healed":0,"gold_gain":75,"player_choice":"Touch","damage_taken":7,"max_hp_gain":0,"max_hp_loss":0,"event_name":"FaceTrader","floor":7,"gold_loss":0},{"damage_healed":0,"gold_gain":0,"player_choice":"Gave Potion","damage_taken":0,"relics_obtained":["War Paint"],"max_hp_gain":0,"max_hp_loss":0,"event_name":"WeMeetAgain","floor":21,"gold_loss":0},{"damage_healed":0,"gold_gain":0,"player_choice":"Shed Blood","damage_taken":19,"max_hp_gain":5,"max_hp_loss":0,"event_name":"Forgotten Altar","floor":27,"gold_loss":0},{"damage_healed":0,"gold_gain":0,"player_choice":"Fight","damage_taken":0,"max_hp_gain":0,"max_hp_loss":0,"event_name":"Colosseum","floor":29,"gold_loss":0},{"damage_healed":0,"gold_gain":0,"player_choice":"Fought Nobs","damage_taken":0,"max_hp_gain":0,"max_hp_loss":0,"event_name":"Colosseum","floor":29,"gold_loss":0}],"is_beta":false,"boss_relics":[{"not_picked":["Eternal Feather","Fusion Hammer"],"picked":"Velvet Choker"}],"items_purged_floors":[3,8],"is_endless":false,"potions_floor_spawned":[4,5,10,11,13,16,19,24],"killed_by":"Colosseum Nobs","ascension_level":0}