{"gold_per_floor":[117,117,132,307,322,354,354,365,365,8,8,42,60,70,70,166,166,181,0,17,27,27,27,40,71,143,143,158,73,107,107,107,107],"floor_reached":33,"playtime":2612,"items_purged":["Doubt","Strike_R"],"score":401,"play_id":"448c9aa3-2f02-4611-ad61-5cf5e9596f3b","local_time":"20190527012559","is_ascension_mode":true,"campfire_choices":[{"data":"Rampage","floor":7.0,"key":"SMITH"},{"floor":15.0,"key":"REST"},{"floor":23.0,"key":"REST"},{"floor":27.0,"key":"REST"},{"floor":32.0,"key":"REST"}],"neow_cost":"PERCENT_DAMAGE","seed_source_timestamp":30377402861116,"circlet_count":0,"master_deck":["Defend_R","Defend_R","Defend_R","Defend_R","Bash","Body Slam","Rampage+1","Power Through","Warcry","Pommel Strike","Fiend Fire","Impervious","Burning Pact","Sentinel","Shrug It Off+1","Writhe","Inflame+1","Evolve+1","Necronomicurse"],"special_seed":0,"relics":["Burning Blood","Bag of Marbles","Mummified Hand","Bottled Flame","Torii","Cursed Key","Meat on the Bone","Frozen Egg 2","Bird Faced Urn","Orichalcum","Necronomicon"],"potions_floor_usage":[33],"damage_taken":[{"damage":3.0,"enemies":"2 Louse","floor":1.0,"turns":3.0},{"damage":8.0,"enemies":"Jaw Worm","floor":3.0,"turns":4.0},{"damage":0.0,"enemies":"Small Slimes","floor":5.0,"turns":3.0},{"damage":32.0,"enemies":"Gremlin Nob","floor":6.0,"turns":4.0},{"damage":15.0,"enemies":"Gremlin Gang","floor":8.0,"turns":8.0},{"damage":2.0,"enemies":"Lagavulin","floor":12.0,"turns":6.0},{"damage":8.0,"enemies":"Large Slime","floor":13.0,"turns":6.0},{"damage":1.0,"enemies":"Blue Slaver","floor":14.0,"turns":3.0},{"damage":27.0,"enemies":"The Guardian","floor":16.0,"turns":14.0},{"damage":12.0,"enemies":"Shell Parasite","floor":18.0,"turns":5.0},{"damage":13.0,"enemies":"3 Byrds","floor":20.0,"turns":6.0},{"damage":47.0,"enemies":"Shelled Parasite and Fungi","floor":21.0,"turns":8.0},{"damage":13.0,"enemies":"Snecko","floor":24.0,"turns":6.0},{"damage":23.0,"enemies":"Book of Stabbing","floor":25.0,"turns":6.0},{"damage":34.0,"enemies":"Chosen and Byrds","floor":28.0,"turns":7.0},{"damage":21.0,"enemies":"Gremlin Leader","floor":30.0,"turns":6.0},{"damage":43,"enemies":"Automaton","floor":33,"turns":8}],"seed_played":"3105185845559903519","potions_obtained":[{"floor":5.0,"key":"GamblersBrew"},{"floor":6.0,"key":"GamblersBrew"},{"floor":8.0,"key":"Poison Potion"},{"floor":16.0,"key":"FearPotion"},{"floor":24.0,"key":"Ancient Potion"},{"floor":25.0,"key":"BloodPotion"},{"floor":30.0,"key":"PowerPotion"}],"is_trial":false,"path_per_floor":["M","?","M","?","M","E","R","M","T","$","?","E","M","M","R","B",null,"M","$","M","M","$","R","M","E","T","R","M","?","E","?","R","B"],"character_chosen":"IRONCLAD","items_purchased":["Bottled Flame","Pommel Strike","Burning Pact","Energy Potion"],"campfire_rested":4,"item_purchase_floors":[10,10,19,19],"current_hp_per_floor":[54,47,45,45,51,25,25,16,16,16,16,20,18,23,47,26,67,61,61,54,13,13,37,30,13,13,37,29,29,28,12,36,0],"gold":107,"neow_bonus":"TRANSFORM_TWO_CARDS","is_prod":false,"is_daily":false,"chose_seed":false,"campfire_upgraded":1,"win_rate":0,"timestamp":1558934759,"path_taken":["M","?","M","?","M","E","R","?","T","$","?","E","M","M","R","BOSS","M","$","M","M","$","R","M","E","T","R","M","?","E","?","R","BOSS"],"build_version":"2019-01-23","purchased_purges":2,"victory":false,"max_hp_per_floor":[80,80,80,80,80,80,80,80,80,80,80,80,80,80,80,80,80,80,80,80,80,80,80,80,80,80,80,80,80,80,80,80,80],"card_choices":[{"not_picked":["Havoc","Clothesline","Reckless Charge"],"picked":"SKIP","floor":1.0},{"not_picked":["Blood for Blood","Perfected Strike"],"picked":"Power Through","floor":3.0},{"not_picked":["Rage","Clothesline","True Grit"],"picked":"SKIP","floor":5.0},{"not_picked":["Clash","Combust"],"picked":"Warcry","floor":6.0},{"not_picked":["Rupture","Twin Strike","Perfected Strike"],"picked":"SKIP","floor":8.0},{"not_picked":["Thunderclap","Ghostly Armor"],"picked":"Fiend Fire","floor":12.0},{"not_picked":["Twin Strike","Hemokinesis","Anger"],"picked":"SKIP","floor":13.0},{"not_picked":["Flex","Second Wind","Heavy Blade"],"picked":"SKIP","floor":14.0},{"not_picked":["Limit Break","Berserk"],"picked":"Impervious","floor":16.0},{"not_picked":["Wild Strike","Combust+1","Perfected Strike"],"picked":"SKIP","floor":18.0},{"not_picked":["Body Slam+1","Sword Boomerang"],"picked":"Sentinel","floor":20.0},{"not_picked":["Hemokinesis+1","Clash","Rupture+1"],"picked":"SKIP","floor":21.0},{"not_picked":["Iron Wave","Rage","Flex+1"],"picked":"SKIP","floor":24.0},{"not_picked":["Flex+1","True Grit+1"],"picked":"Shrug It Off+1","floor":25.0},{"not_picked":["Feel No Pain+1","Sentinel+1"],"picked":"Inflame+1","floor":28.0},{"not_picked":["Armaments","Flame Barrier+1"],"picked":"Evolve+1","floor":30.0}],"player_experience":287367,"relics_obtained":[{"floor":6.0,"key":"Bag of Marbles"},{"floor":9.0,"key":"Mummified Hand"},{"floor":12.0,"key":"Torii"},{"floor":25.0,"key":"Meat on the Bone"},{"floor":26.0,"key":"Frozen Egg 2"},{"floor":30.0,"key":"Orichalcum"},{"floor":31.0,"key":"Necronomicon"}],"event_choices":[{"cards_removed":["Strike_R"],"damage_healed":0.0,"max_hp_gain":0.0,"max_hp_loss":0.0,"gold_gain":0.0,"event_name":"Golden Wing","player_choice":"Card Removal","floor":2.0,"gold_loss":0.0,"damage_taken":7.0},{"damage_healed":0.0,"max_hp_gain":0.0,"max_hp_loss":0.0,"gold_gain":175.0,"event_name":"Liars Game","player_choice":"AGREE","floor":4.0,"gold_loss":0.0,"damage_taken":0.0,"cards_obtained":["Doubt"]},{"cards_removed":["Strike_R"],"damage_healed":0.0,"max_hp_gain":0.0,"max_hp_loss":0.0,"gold_gain":0.0,"event_name":"Living Wall","player_choice":"Forget","floor":11.0,"gold_loss":0.0,"damage_taken":0.0},{"damage_healed":0.0,"max_hp_gain":0.0,"max_hp_loss":0.0,"gold_gain":0.0,"event_name":"Addict","player_choice":"Obtained Relic","floor":29.0,"gold_loss":85.0,"damage_taken":0.0,"relics_obtained":["Bird Faced Urn"]},{"damage_healed":0.0,"max_hp_gain":0.0,"max_hp_loss":0.0,"gold_gain":0.0,"event_name":"Cursed Tome","player_choice":"Obtained Book","floor":31.0,"gold_loss":0.0,"damage_taken":16.0}],"is_beta":false,"boss_relics":[{"not_picked":["Mark of Pain","Runic Cube"],"picked":"Cursed Key"}],"items_purged_floors":[10,19],"is_endless":false,"potions_floor_spawned":[5,6,8,16,24,25,30],"killed_by":"Automaton","ascension_level":7}