{"gold_per_floor":[109,109,128,147,161,190,190,190,190,221,167,167,167,180,180,180],"floor_reached":16,"playtime":891,"items_purged":[],"score":182,"play_id":"53b13b0b-656c-4262-b98c-9f408d229ce2","local_time":"20190625174207","is_ascension_mode":true,"campfire_choices":[{"floor":7,"key":"REST"},{"floor":13,"key":"REST"},{"data":"Streamline","floor":15,"key":"SMITH"}],"neow_cost":"NONE","seed_source_timestamp":0,"circlet_count":0,"master_deck":["AscendersBane","Strike_B","Strike_B","Strike_B","Strike_B","Defend_B","Defend_B","Defend_B","Defend_B","Zap","Dualcast","Finesse","Conserve Battery","Loop+1","Streamline+1","Glacier"],"special_seed":0,"relics":["Cracked Core","Symbiotic Virus","Ornamental Fan","Dodecahedron"],"potions_floor_usage":[6,16,16],"damage_taken":[{"damage":7.0,"enemies":"Jaw Worm","floor":1.0,"turns":4.0},{"damage":1,"enemies":"Small Slimes","floor":3,"turns":4},{"damage":0,"enemies":"Cultist","floor":4,"turns":3},{"damage":22,"enemies":"Exordium Thugs","floor":5,"turns":6},{"damage":26,"enemies":"Lagavulin","floor":6,"turns":8},{"damage":21,"enemies":"3 Sentries","floor":10,"turns":5},{"damage":6,"enemies":"Looter","floor":14,"turns":3},{"damage":43,"enemies":"Slime Boss","floor":16,"turns":12}],"seed_played":"5241762731164996781","potions_obtained":[{"floor":3,"key":"Ancient Potion"},{"floor":6,"key":"PowerPotion"},{"floor":14,"key":"Poison Potion"}],"is_trial":false,"path_per_floor":["M","?","M","M","M","E","R","?","T","E","$","?","R","M","R","B"],"character_chosen":"DEFECT","items_purchased":["Streamline"],"campfire_rested":2,"item_purchase_floors":[11],"current_hp_per_floor":[61,66,65,65,43,17,41,41,41,20,20,20,44,38,38,0],"gold":180,"neow_bonus":"RANDOM_COLORLESS","is_prod":false,"is_daily":false,"chose_seed":false,"campfire_upgraded":1,"win_rate":0,"timestamp":1561455727,"path_taken":["M","?","M","M","M","E","R","?","T","E","$","?","R","M","R","BOSS"],"build_version":"2019-01-23","purchased_purges":0,"victory":false,"max_hp_per_floor":[75,80,80,80,80,80,80,80,80,80,80,80,80,80,80,80],"card_choices":[{"not_picked":["Blizzard","Barrage"],"picked":"Conserve Battery","floor":1.0},{"not_picked":["Beam Cell","Cold Snap","Multi-Cast"],"picked":"SKIP","floor":3},{"not_picked":["Storm","Double Energy","Cold Snap"],"picked":"SKIP","floor":4},{"not_picked":["Steam Power","Stack"],"picked":"Loop","floor":5},{"not_picked":["Cold Snap","Rebound","Hologram"],"picked":"SKIP","floor":6},{"not_picked":["Skim","Redo","Fusion"],"picked":"SKIP","floor":10},{"not_picked":["Streamline","Compile Driver"],"picked":"Glacier","floor":14}],"player_experience":797024,"relics_obtained":[{"floor":6,"key":"Symbiotic Virus"},{"floor":9,"key":"Ornamental Fan"},{"floor":10,"key":"Dodecahedron"}],"event_choices":[{"damage_healed":0,"gold_gain":0,"player_choice":"Donut","damage_taken":0,"max_hp_gain":5,"max_hp_loss":0,"event_name":"Big Fish","floor":2,"gold_loss":0},{"damage_healed":0,"gold_gain":0,"player_choice":"Grow","damage_taken":0,"max_hp_gain":0,"max_hp_loss":0,"event_name":"Living Wall","floor":8,"gold_loss":0,"cards_upgraded":["Loop"]},{"damage_healed":0,"gold_gain":0,"player_choice":"Ignored","damage_taken":0,"max_hp_gain":0,"max_hp_loss":0,"event_name":"Liars Game","floor":12,"gold_loss":0}],"is_beta":false,"boss_relics":[],"items_purged_floors":[],"is_endless":false,"potions_floor_spawned":[3,6,14],"killed_by":"Slime Boss","ascension_level":13}