{"gold_per_floor":[367,367,442,453,464,464,464,464,464,464,499,509,5,34,34,111,111,121,15,15,25,36,61,61,91,115,125,140,140,173,188,188,266,266,280,280,63,110,20,20,51,51,51,51,51,69,100,126,138,150,162,174,186,35,63,63],"floor_reached":56,"playtime":5783,"items_purged":["Strike_G","Strike_G","Strike_G","Strike_G"],"score":2027,"play_id":"d9036a98-4c5a-4481-a7f7-655d992bc3aa","local_time":"20190616221935","is_ascension_mode":true,"campfire_choices":[{"floor":6.0,"key":"REST"},{"data":"Skewer","floor":10.0,"key":"SMITH"},{"data":"Noxious Fumes","floor":15.0,"key":"SMITH"},{"data":"After Image","floor":24.0,"key":"SMITH"},{"floor":29.0,"key":"REST"},{"floor":32.0,"key":"REST"},{"data":"Noxious Fumes","floor":40.0,"key":"SMITH"},{"floor":42.0,"key":"RECALL"},{"data":"Malaise","floor":45.0,"key":"SMITH"},{"floor":49.0,"key":"REST"},{"floor":53.0,"key":"REST"}],"neow_cost":"PERCENT_DAMAGE","seed_source_timestamp":49648127833382,"circlet_count":0,"master_deck":["AscendersBane","Defend_G","Defend_G","Defend_G","Defend_G","Defend_G","Survivor","Neutralize+1","Cloak And Dagger","Skewer+1","All Out Attack","PiercingWail","Dash","Adrenaline","Noxious Fumes+1","After Image+1","Crippling Poison","Neutralize","Finisher+1","Blur","Cloak And Dagger","Tools of the Trade","Tactician+1","Malaise+1","Backflip","Noxious Fumes+1","Blade Dance+1","Corpse Explosion","Backflip","Footwork","Prepared","Dodge and Roll"],"special_seed":0,"relics":["Ring of the Snake","Gremlin Horn","Smiling Mask","Torii","Bag of Marbles","Runic Pyramid","Paper Crane","Incense Burner","Regal Pillow","Red Mask","Philosopher\u0027s Stone","Oddly Smooth Stone","The Specimen","Pen Nib","MawBank","Bottled Lightning"],"potions_floor_usage":[56,56],"damage_taken":[{"damage":9.0,"enemies":"Cultist","floor":1.0,"turns":6.0},{"damage":0.0,"enemies":"2 Louse","floor":4.0,"turns":3.0},{"damage":5.0,"enemies":"Small Slimes","floor":5.0,"turns":4.0},{"damage":30.0,"enemies":"Gremlin Nob","floor":11.0,"turns":4.0},{"damage":0.0,"enemies":"3 Louse","floor":12.0,"turns":2.0},{"damage":2.0,"enemies":"3 Sentries","floor":14.0,"turns":6.0},{"damage":18.0,"enemies":"Hexaghost","floor":16.0,"turns":9.0},{"damage":0.0,"enemies":"Spheric Guardian","floor":18.0,"turns":6.0},{"damage":2.0,"enemies":"3 Byrds","floor":21.0,"turns":5.0},{"damage":8.0,"enemies":"Centurion and Healer","floor":22.0,"turns":7.0},{"damage":0.0,"enemies":"Gremlin Leader","floor":23.0,"turns":8.0},{"damage":15.0,"enemies":"Slavers","floor":25.0,"turns":5.0},{"damage":0.0,"enemies":"Snecko","floor":27.0,"turns":8.0},{"damage":8.0,"enemies":"Chosen and Byrds","floor":28.0,"turns":7.0},{"damage":15.0,"enemies":"Masked Bandits","floor":30.0,"turns":7.0},{"damage":0.0,"enemies":"Snake Plant","floor":31.0,"turns":6.0},{"damage":2.0,"enemies":"Collector","floor":33.0,"turns":12.0},{"damage":0.0,"enemies":"3 Darklings","floor":35.0,"turns":5.0},{"damage":9.0,"enemies":"2 Orb Walkers","floor":38.0,"turns":7.0},{"damage":0.0,"enemies":"Nemesis","floor":41.0,"turns":11.0},{"damage":0.0,"enemies":"Orb Walker","floor":46.0,"turns":7.0},{"damage":8.0,"enemies":"Giant Head","floor":47.0,"turns":10.0},{"damage":1.0,"enemies":"Writhing Mass","floor":48.0,"turns":8.0},{"damage":9.0,"enemies":"Time Eater","floor":50.0,"turns":16.0},{"damage":32.0,"enemies":"Awakened One","floor":51.0,"turns":32.0},{"damage":3.0,"enemies":"Shield and Spear","floor":55.0,"turns":7.0},{"damage":65,"enemies":"The Heart","floor":56,"turns":14}],"seed_played":"-6697256887589776487","potions_obtained":[{"floor":4.0,"key":"Dexterity Potion"},{"floor":11.0,"key":"Poison Potion"},{"floor":16.0,"key":"GamblersBrew"},{"floor":21.0,"key":"GhostInAJar"},{"floor":23.0,"key":"Block Potion"},{"floor":28.0,"key":"SpeedPotion"},{"floor":31.0,"key":"GhostInAJar"},{"floor":33.0,"key":"Fire Potion"},{"floor":35.0,"key":"PowerPotion"},{"floor":47.0,"key":"Ancient Potion"},{"floor":48.0,"key":"PowerPotion"}],"is_trial":false,"path_per_floor":["M","?","?","M","M","R","?","?","T","R","E","M","$","E","R","B",null,"M","$","?","M","M","E","R","E","T","M","M","R","?","M","R","B",null,"M","?","$","?","$","R","E","R","T","?","R","M","E","M","R","B","B",null,"R","$","E","B"],"character_chosen":"THE_SILENT","items_purchased":["Torii","Adrenaline","Noxious Fumes","Fire Potion","Oddly Smooth Stone","Noxious Fumes","Footwork","Prepared"],"campfire_rested":5,"item_purchase_floors":[13,13,13,19,37,39,54,54],"current_hp_per_floor":[35,35,24,24,19,38,60,60,60,60,30,30,30,28,28,10,52,52,52,52,50,42,42,42,27,27,27,19,53,38,38,66,64,66,66,63,63,54,54,54,54,54,54,54,54,54,46,45,63,54,22,53,63,63,60,0],"gold":63,"neow_bonus":"TWO_FIFTY_GOLD","is_prod":false,"is_daily":false,"chose_seed":false,"campfire_upgraded":5,"win_rate":0,"timestamp":1560748775,"path_taken":["M","?","?","M","M","R","?","?","T","R","E","M","$","E","R","BOSS","M","$","?","M","?","E","R","E","T","M","M","R","?","M","R","BOSS","M","?","$","?","$","R","E","R","T","?","R","?","E","M","R","BOSS","BOSS","R","$","E","BOSS"],"build_version":"2019-06-13","purchased_purges":4,"victory":false,"max_hp_per_floor":[66,66,66,66,66,66,66,66,66,66,66,66,66,66,66,66,66,66,66,66,66,66,66,66,66,66,66,66,66,66,66,66,66,66,66,63,63,63,63,63,63,63,63,63,63,63,63,63,63,63,63,63,63,63,63,63],"card_choices":[{"not_picked":["Deflect","Setup"],"picked":"Cloak And Dagger","floor":1.0},{"not_picked":["Backstab","Cloak And Dagger"],"picked":"Skewer","floor":4.0},{"not_picked":["Expertise","Slice"],"picked":"All Out Attack","floor":5.0},{"not_picked":["Underhanded Strike","Poisoned Stab"],"picked":"PiercingWail","floor":11.0},{"not_picked":["Outmaneuver","Terror"],"picked":"Dash","floor":12.0},{"not_picked":["Burst","Outmaneuver","Dagger Throw"],"picked":"SKIP","floor":14.0},{"not_picked":["Venomology","Tools of the Trade"],"picked":"After Image","floor":16.0},{"not_picked":["Skewer","Prepared"],"picked":"Crippling Poison","floor":18.0},{"not_picked":["Deflect","Slice","Bane"],"picked":"SKIP","floor":21.0},{"not_picked":["Blade Dance","Bane","Predator"],"picked":"SKIP","floor":22.0},{"not_picked":["Choke","Predator"],"picked":"Finisher+1","floor":23.0},{"not_picked":["Sucker Punch","Predator"],"picked":"Blur","floor":25.0},{"not_picked":["Predator","Slice"],"picked":"Cloak And Dagger","floor":27.0},{"not_picked":["Reflex","Masterful Stab"],"picked":"Tools of the Trade","floor":28.0},{"not_picked":["Skewer","Distraction"],"picked":"Tactician+1","floor":31.0},{"not_picked":["Tools of the Trade","Bullet Time"],"picked":"Malaise","floor":33.0},{"not_picked":["Crippling Poison","Poisoned Stab","Flechettes"],"picked":"SKIP","floor":35.0},{"not_picked":["Terror","Distraction"],"picked":"Backflip","floor":38.0},{"not_picked":["Choke","Acrobatics"],"picked":"Blade Dance+1","floor":41.0},{"not_picked":["Bane","Endless Agony","Deadly Poison"],"picked":"SKIP","floor":46.0},{"not_picked":["Riddle With Holes","Terror"],"picked":"Corpse Explosion","floor":47.0},{"not_picked":["Crippling Poison","Infinite Blades"],"picked":"Backflip","floor":48.0},{"not_picked":["Poisoned Stab","Outmaneuver"],"picked":"Dodge and Roll","floor":55.0}],"player_experience":1678021,"relics_obtained":[{"floor":9.0,"key":"Gremlin Horn"},{"floor":11.0,"key":"Smiling Mask"},{"floor":14.0,"key":"Bag of Marbles"},{"floor":23.0,"key":"Paper Crane"},{"floor":25.0,"key":"Incense Burner"},{"floor":26.0,"key":"Regal Pillow"},{"floor":30.0,"key":"Red Mask"},{"floor":38.0,"key":"The Specimen"},{"floor":41.0,"key":"Pen Nib"},{"floor":47.0,"key":"MawBank"},{"floor":55.0,"key":"Bottled Lightning"}],"event_choices":[{"damage_healed":0.0,"max_hp_gain":0.0,"max_hp_loss":0.0,"gold_gain":0.0,"event_name":"Living Wall","player_choice":"Grow","floor":2.0,"gold_loss":0.0,"damage_taken":0.0,"cards_upgraded":["Neutralize"]},{"damage_healed":0.0,"max_hp_gain":0.0,"max_hp_loss":0.0,"gold_gain":75.0,"event_name":"World of Goop","player_choice":"Gather Gold","floor":3.0,"gold_loss":0.0,"damage_taken":11.0},{"damage_healed":22.0,"max_hp_gain":0.0,"max_hp_loss":0.0,"gold_gain":0.0,"event_name":"Big Fish","player_choice":"Banana","floor":7.0,"gold_loss":0.0,"damage_taken":0.0},{"damage_healed":0.0,"max_hp_gain":0.0,"max_hp_loss":0.0,"gold_gain":0.0,"event_name":"Liars Game","player_choice":"Ignored","floor":8.0,"gold_loss":0.0,"damage_taken":0.0},{"damage_healed":0.0,"max_hp_gain":0.0,"max_hp_loss":0.0,"gold_gain":0.0,"event_name":"Match and Keep!","player_choice":"1 cards matched","floor":20.0,"gold_loss":0.0,"damage_taken":0.0,"cards_obtained":["Neutralize"]},{"damage_healed":0.0,"max_hp_gain":0.0,"max_hp_loss":0.0,"gold_gain":0.0,"event_name":"Masked Bandits","player_choice":"Fought Bandits","floor":30.0,"gold_loss":0.0,"damage_taken":0.0},{"damage_healed":0.0,"max_hp_gain":0.0,"max_hp_loss":3.0,"gold_gain":0.0,"event_name":"Winding Halls","player_choice":"Max HP","floor":36.0,"gold_loss":0.0,"damage_taken":0.0},{"damage_healed":0.0,"max_hp_gain":0.0,"max_hp_loss":0.0,"gold_gain":0.0,"event_name":"Mysterious Sphere","player_choice":"Fight","floor":38.0,"gold_loss":0.0,"damage_taken":0.0},{"cards_removed":["Strike_G"],"damage_healed":0.0,"max_hp_gain":0.0,"max_hp_loss":0.0,"gold_gain":0.0,"event_name":"Wheel of Change","player_choice":"Card Removal","floor":44.0,"gold_loss":0.0,"damage_taken":0.0}],"is_beta":true,"boss_relics":[{"not_picked":["Empty Cage","Coffee Dripper"],"picked":"Runic Pyramid"},{"not_picked":["Snecko Eye","Velvet Choker"],"picked":"Philosopher\u0027s Stone"}],"items_purged_floors":[19,37,39,54],"is_endless":false,"potions_floor_spawned":[4,11,12,16,21,23,28,31,33,35,47,48,55],"killed_by":"The Heart","ascension_level":20}