{"gold_per_floor":[111,186,261,274,299,299,329,329,329,342,5,17,17,49,49,146,146,162,162,162,172,190,217,217,248,248,248,274,199,199,21,21,125,125,136,151,426,34,46,72,72,102,102,65,75,75,94,105,105,105],"floor_reached":50,"playtime":8157,"items_purged":["Strike_B","Strike_B","Regret"],"score":1181,"play_id":"724342d0-ae65-48d4-b79f-29081180179a","local_time":"20190327095012","is_ascension_mode":true,"campfire_choices":[{"data":"Zap","floor":6.0,"key":"SMITH"},{"data":"Streamline","floor":8.0,"key":"SMITH"},{"data":"Undo","floor":15.0,"key":"SMITH"},{"data":"Ghostly","floor":24.0,"key":"SMITH"},{"data":"Ghostly","floor":27.0,"key":"SMITH"},{"data":"Hologram","floor":32.0,"key":"SMITH"},{"data":"Seek","floor":41.0,"key":"SMITH"},{"data":"Ghostly","floor":46,"key":"SMITH"},{"floor":49,"key":"RECALL"}],"neow_cost":"NONE","seed_source_timestamp":0,"circlet_count":0,"master_deck":["AscendersBane","Zap+1","Dualcast","Streamline+1","Undo+1","Rebound","Coolheaded","Conserve Battery","Hyperbeam","Cold Snap","Ghostly+1","Ghostly+1","Ghostly+1","Ghostly","Ghostly+1","White Noise+1","Self Repair","Doom and Gloom","Hologram+1","Static Discharge","Seek+1","Capacitor","Electrodynamics","FTL+1","Capacitor","Static Discharge","Meteor Strike+1","Hologram","Hello World","Capacitor","Master of Strategy","Compile Driver+1","Storm","Recycle","Parasite","Loop","Biased Cognition"],"special_seed":0,"relics":["Cracked Core","NeowsBlessing","Pen Nib","Dead Branch","Sundial","Mummified Hand","Vajra","Cursed Key","Bottled Lightning","Bag of Marbles","Molten Egg 2","Pandora\u0027s Box","Question Card","Pear"],"potions_floor_usage":[47,50],"damage_taken":[{"damage":0.0,"enemies":"Small Slimes","floor":1.0,"turns":1.0},{"damage":0.0,"enemies":"2 Louse","floor":4.0,"turns":1.0},{"damage":0.0,"enemies":"Gremlin Nob","floor":7.0,"turns":1.0},{"damage":0.0,"enemies":"Cultist","floor":10.0,"turns":3.0},{"damage":0.0,"enemies":"Exordium Thugs","floor":12.0,"turns":2.0},{"damage":11.0,"enemies":"3 Sentries","floor":14.0,"turns":7.0},{"damage":28.0,"enemies":"Hexaghost","floor":16.0,"turns":12.0},{"damage":13.0,"enemies":"Shell Parasite","floor":18.0,"turns":4.0},{"damage":0.0,"enemies":"Chosen","floor":21.0,"turns":6.0},{"damage":1.0,"enemies":"Snecko","floor":22.0,"turns":6.0},{"damage":19.0,"enemies":"Slavers","floor":23.0,"turns":6.0},{"damage":2.0,"enemies":"Book of Stabbing","floor":25.0,"turns":5.0},{"damage":0.0,"enemies":"Slavers","floor":28.0,"turns":6.0},{"damage":5.0,"enemies":"Champ","floor":33.0,"turns":13.0},{"damage":2.0,"enemies":"3 Shapes","floor":35.0,"turns":1.0},{"damage":1.0,"enemies":"3 Darklings","floor":36.0,"turns":5.0},{"damage":0.0,"enemies":"Transient","floor":39.0,"turns":5.0},{"damage":0.0,"enemies":"Giant Head","floor":40.0,"turns":6.0},{"damage":2.0,"enemies":"Reptomancer","floor":42.0,"turns":4.0},{"damage":0.0,"enemies":"Maw","floor":45.0,"turns":6.0},{"damage":7,"enemies":"Writhing Mass","floor":47,"turns":7},{"damage":39,"enemies":"Transient","floor":48,"turns":5},{"damage":35,"enemies":"Donu and Deca","floor":50,"turns":6}],"seed_played":"-8071620782958422216","potions_obtained":[{"floor":1.0,"key":"AttackPotion"},{"floor":10.0,"key":"FocusPotion"},{"floor":14.0,"key":"SkillPotion"},{"floor":16.0,"key":"Energy Potion"},{"floor":22.0,"key":"SneckoOil"},{"floor":23.0,"key":"LiquidBronze"},{"floor":40.0,"key":"PowerPotion"},{"floor":45.0,"key":"AttackPotion"},{"floor":47,"key":"FocusPotion"}],"is_trial":false,"path_per_floor":["M","?","?","M","T","R","E","R","T","M","$","M","?","E","R","B",null,"M","?","?","M","M","E","R","E","T","R","E","?","?","$","R","B",null,"M","M","?","$","M","E","R","E","T","$","M","R","M","M","R","B"],"character_chosen":"DEFECT","items_purchased":["Mummified Hand","Static Discharge","Capacitor","Master of Strategy","Storm"],"campfire_rested":0,"item_purchase_floors":[11,31,38,38,44],"current_hp_per_floor":[68,57,50,50,50,50,50,50,50,50,50,50,50,39,39,11,59,46,37,33,33,32,20,20,25,25,25,32,32,32,32,32,34,40,42,42,42,42,42,42,42,52,52,52,52,52,52,20,20,0],"gold":105,"neow_bonus":"THREE_ENEMY_KILL","is_prod":false,"is_daily":false,"chose_seed":false,"campfire_upgraded":8,"win_rate":0,"timestamp":1553694612,"path_taken":["M","?","?","?","?","R","E","R","T","M","$","M","?","E","R","BOSS","M","?","?","M","M","E","R","E","T","R","E","?","?","$","R","BOSS","M","?","?","$","M","E","R","E","T","$","?","R","M","M","R","BOSS"],"build_version":"2019-01-23","purchased_purges":3,"victory":false,"max_hp_per_floor":[75,75,75,75,75,75,75,75,75,75,75,75,75,75,75,75,75,75,37,42,42,42,42,42,42,42,42,42,42,42,42,42,42,42,42,42,42,42,42,42,42,52,52,52,52,52,52,52,52,52],"card_choices":[{"not_picked":["Sweeping Beam","Aggregate"],"picked":"Streamline","floor":1.0},{"not_picked":["Lockon","Capacitor"],"picked":"Undo","floor":7.0},{"not_picked":["Steam","Turbo"],"picked":"Rebound","floor":10.0},{"not_picked":["Rebound","Streamline"],"picked":"Coolheaded","floor":12.0},{"not_picked":["Steam","Chill"],"picked":"Conserve Battery","floor":14.0},{"not_picked":["Meteor Strike","All For One"],"picked":"Hyperbeam","floor":16.0},{"not_picked":["Coolheaded","Sweeping Beam+1"],"picked":"Cold Snap","floor":18.0},{"not_picked":["BootSequence","Steam Power"],"picked":"White Noise+1","floor":21.0},{"not_picked":["Undo","Heatsinks"],"picked":"Self Repair","floor":22.0},{"not_picked":["Barrage","Go for the Eyes","Undo"],"picked":"SKIP","floor":23.0},{"not_picked":["Barrage","Go for the Eyes","Undo"],"picked":"SKIP","floor":23.0},{"not_picked":["Blizzard","Go for the Eyes"],"picked":"Doom and Gloom","floor":25.0},{"not_picked":["Streamline","Buffer"],"picked":"Hologram","floor":28.0},{"not_picked":["Electrodynamics","Hyperbeam+1"],"picked":"Seek","floor":33.0},{"not_picked":["Leap","Streamline+1"],"picked":"Hologram","floor":35.0},{"not_picked":["Turbo","Stack"],"picked":"Hello World","floor":36.0},{"not_picked":["Coolheaded","Beam Cell+1","Fusion"],"picked":"SKIP","floor":39.0},{"not_picked":["Darkness","Rip and Tear+1"],"picked":"Compile Driver+1","floor":40.0},{"not_picked":["Conserve Battery","Gash+1","Reboot","Stack"],"picked":"SKIP","floor":42.0},{"not_picked":["Turbo","Steam","Compile Driver+1"],"picked":"Recycle","floor":45.0},{"not_picked":["Stack","White Noise","Ball Lightning+1"],"picked":"Loop","floor":47},{"not_picked":["Streamline+1","Sweeping Beam+1","Beam Cell+1"],"picked":"Biased Cognition","floor":48}],"player_experience":2017540,"relics_obtained":[{"floor":5.0,"key":"Pen Nib"},{"floor":7.0,"key":"Dead Branch"},{"floor":9.0,"key":"Sundial"},{"floor":14.0,"key":"Vajra"},{"floor":23.0,"key":"Bottled Lightning"},{"floor":25.0,"key":"Bag of Marbles"},{"floor":28.0,"key":"Molten Egg 2"},{"floor":40.0,"key":"Question Card"},{"floor":42.0,"key":"Pear"}],"event_choices":[{"damage_healed":0.0,"max_hp_gain":0.0,"max_hp_loss":0.0,"gold_gain":75.0,"event_name":"World of Goop","player_choice":"Gather Gold","floor":2.0,"gold_loss":0.0,"damage_taken":11.0},{"damage_healed":0.0,"max_hp_gain":0.0,"max_hp_loss":0.0,"gold_gain":75.0,"event_name":"FaceTrader","player_choice":"Touch","floor":3.0,"gold_loss":0.0,"damage_taken":7.0},{"damage_healed":0.0,"max_hp_gain":0.0,"max_hp_loss":0.0,"gold_gain":0.0,"event_name":"WeMeetAgain","player_choice":"Ignored","floor":13.0,"gold_loss":0.0,"damage_taken":0.0},{"damage_healed":0.0,"max_hp_gain":0.0,"max_hp_loss":38.0,"gold_gain":0.0,"event_name":"Ghosts","player_choice":"Became a Ghost","floor":19.0,"gold_loss":0.0,"damage_taken":0.0,"cards_obtained":["Ghostly","Ghostly","Ghostly","Ghostly","Ghostly"]},{"damage_healed":0.0,"max_hp_gain":5.0,"max_hp_loss":0.0,"gold_gain":0.0,"event_name":"Forgotten Altar","player_choice":"Shed Blood","floor":20.0,"gold_loss":0.0,"damage_taken":9.0},{"cards_removed":["Writhe"],"damage_healed":0.0,"max_hp_gain":0.0,"max_hp_loss":0.0,"gold_gain":0.0,"event_name":"Beggar","player_choice":"Gave Gold","floor":29.0,"gold_loss":75.0,"damage_taken":0.0},{"damage_healed":0.0,"max_hp_gain":0.0,"max_hp_loss":0.0,"gold_gain":0.0,"event_name":"Upgrade Shrine","player_choice":"Upgraded","floor":30.0,"gold_loss":0.0,"damage_taken":0.0,"cards_upgraded":["Ghostly"]},{"damage_healed":0.0,"max_hp_gain":0.0,"max_hp_loss":0.0,"gold_gain":275.0,"event_name":"Golden Shrine","player_choice":"Desecrate","floor":37.0,"gold_loss":0.0,"damage_taken":0.0,"cards_obtained":["Regret"]}],"is_beta":false,"boss_relics":[{"not_picked":["Busted Crown","Runic Dome"],"picked":"Cursed Key"},{"not_picked":["Empty Cage","Sozu"],"picked":"Pandora\u0027s Box"}],"items_purged_floors":[11,31,38],"is_endless":false,"potions_floor_spawned":[1,10,14,16,22,23,28,40,45,47,48],"killed_by":"Donu and Deca","ascension_level":12}