{"gold_per_floor":[17,29,49,12,28,57,57,57,57,69,83,144,19,49,49,152,152,171,171,184,196,20,52,52,84,133,153,153,168,197,197,197,292,292,308,324,340,340,354,354,379,379,406,56,68,93,93,107,107,107,107,107,32,64,64],"floor_reached":55,"playtime":4221,"items_purged":["Strike_B","Pain"],"score":1014,"play_id":"abe8bbf6-654a-4407-85c5-9d1802812e2d","local_time":"20190508012958","is_ascension_mode":true,"campfire_choices":[{"floor":8.0,"key":"REST"},{"data":"Rip and Tear","floor":15.0,"key":"SMITH"},{"floor":24.0,"key":"REST"},{"data":"Fission","floor":28.0,"key":"SMITH"},{"data":"Chill","floor":32.0,"key":"SMITH"},{"floor":40.0,"key":"RECALL"},{"data":"Steam Power","floor":42.0,"key":"SMITH"},{"floor":47.0,"key":"REST"},{"data":"Reboot","floor":49.0,"key":"SMITH"},{"data":"Zap","floor":52,"key":"SMITH"}],"neow_cost":"NO_GOLD","seed_source_timestamp":33714723706970,"circlet_count":0,"master_deck":["Defend_B+1","Defend_B","Defend_B","Zap+1","Dualcast","Steam Power+1","Scrape","Go for the Eyes","Steam","Rip and Tear+1","BootSequence","FTL","Steam","Hologram","Beam Cell","Fission+1","All For One","Gash","Self Repair","Chill+1","Echo Form","Chill+1","Gash","Rebound+1","Turbo+1","Defragment+1","Double Energy+1","Turbo","Reboot+1","Flash of Steel","Steam","Hologram+1","Go for the Eyes+1","Rebound","Creative AI"],"special_seed":0,"relics":["Cracked Core","Bottled Flame","Gremlin Horn","Question Card","Emotion Chip","Runic Pyramid","WarpedTongs","Boot","Cables","Regal Pillow","Empty Cage","Darkstone Periapt","Omamori","Oddly Smooth Stone","Singing Bowl","Unceasing Top"],"potions_floor_usage":[55,55,55],"damage_taken":[{"damage":4.0,"enemies":"Jaw Worm","floor":1.0,"turns":4.0},{"damage":3.0,"enemies":"Small Slimes","floor":2.0,"turns":4.0},{"damage":8.0,"enemies":"2 Louse","floor":3.0,"turns":4.0},{"damage":3.0,"enemies":"Red Slaver","floor":5.0,"turns":3.0},{"damage":27.0,"enemies":"3 Sentries","floor":6.0,"turns":7.0},{"damage":1.0,"enemies":"Looter","floor":10.0,"turns":2.0},{"damage":3.0,"enemies":"Blue Slaver","floor":11.0,"turns":2.0},{"damage":0.0,"enemies":"3 Sentries","floor":12.0,"turns":6.0},{"damage":0.0,"enemies":"Lagavulin","floor":14.0,"turns":5.0},{"damage":28.0,"enemies":"The Guardian","floor":16.0,"turns":10.0},{"damage":1.0,"enemies":"Shell Parasite","floor":18.0,"turns":4.0},{"damage":15.0,"enemies":"Spheric Guardian","floor":20.0,"turns":3.0},{"damage":18.0,"enemies":"Snake Plant","floor":21.0,"turns":4.0},{"damage":27.0,"enemies":"Slavers","floor":23.0,"turns":5.0},{"damage":0.0,"enemies":"Gremlin Leader","floor":25.0,"turns":5.0},{"damage":2.0,"enemies":"Cultist and Chosen","floor":27.0,"turns":6.0},{"damage":0.0,"enemies":"Chosen and Byrds","floor":29.0,"turns":5.0},{"damage":11.0,"enemies":"Slavers","floor":30.0,"turns":4.0},{"damage":69.0,"enemies":"Champ","floor":33.0,"turns":8.0},{"damage":0.0,"enemies":"Orb Walker","floor":35.0,"turns":3.0},{"damage":2.0,"enemies":"3 Darklings","floor":36.0,"turns":4.0},{"damage":10.0,"enemies":"Writhing Mass","floor":37.0,"turns":6.0},{"damage":3.0,"enemies":"Jaw Worm Horde","floor":39.0,"turns":4.0},{"damage":21.0,"enemies":"Reptomancer","floor":41.0,"turns":7.0},{"damage":8.0,"enemies":"4 Shapes","floor":45.0,"turns":5.0},{"damage":54.0,"enemies":"Giant Head","floor":46.0,"turns":8.0},{"damage":7.0,"enemies":"Sphere and 2 Shapes","floor":48.0,"turns":6.0},{"damage":55,"enemies":"Awakened One","floor":50,"turns":11},{"damage":62,"enemies":"Shield and Spear","floor":54,"turns":6},{"damage":72,"enemies":"The Heart","floor":55,"turns":3}],"seed_played":"790536815489459457","potions_obtained":[{"floor":2.0,"key":"Block Potion"},{"floor":6.0,"key":"Block Potion"},{"floor":12.0,"key":"Swift Potion"},{"floor":14.0,"key":"FocusPotion"},{"floor":18.0,"key":"Strength Potion"},{"floor":23.0,"key":"Fruit Juice"},{"floor":25.0,"key":"LiquidBronze"},{"floor":33.0,"key":"FocusPotion"},{"floor":36.0,"key":"Dexterity Potion"},{"floor":39.0,"key":"PowerPotion"},{"floor":45.0,"key":"Weak Potion"},{"floor":48.0,"key":"Poison Potion"}],"is_trial":false,"path_per_floor":["M","M","M","$","M","E","?","R","T","M","M","?","$","E","R","B",null,"M","?","M","M","$","E","R","E","T","M","R","M","E","?","R","B",null,"M","M","M","?","M","R","E","R","T","$","M","E","R","M","R","B",null,"R","$","E","B"],"character_chosen":"DEFECT","items_purchased":["Rip and Tear","Beam Cell","Chill","Reboot","Flash of Steel","Steam","Oddly Smooth Stone","GamblersBrew"],"campfire_rested":3,"item_purchase_floors":[4,13,22,44,44,44,44,53],"current_hp_per_floor":[71,68,60,60,57,30,15,37,37,36,33,33,33,33,33,5,75,74,74,59,48,48,33,57,64,64,69,69,76,80,80,80,18,80,80,80,77,77,77,77,63,63,63,63,69,22,60,60,60,12,77,77,77,22,0],"gold":64,"neow_bonus":"TRANSFORM_TWO_CARDS","is_prod":false,"is_daily":false,"chose_seed":false,"campfire_upgraded":6,"win_rate":0,"timestamp":1557293398,"path_taken":["M","M","M","$","M","E","?","R","T","M","M","?","$","E","R","BOSS","M","?","M","?","$","E","R","E","T","M","R","M","E","?","R","BOSS","M","M","M","?","?","R","E","R","T","$","M","E","R","M","R","BOSS","R","$","E","BOSS"],"build_version":"2019-01-23","purchased_purges":2,"victory":false,"max_hp_per_floor":[75,75,75,75,75,75,75,75,75,75,75,75,75,75,75,75,75,75,75,75,75,75,80,80,80,80,80,80,80,80,80,80,80,80,80,80,80,77,77,77,77,77,77,77,77,77,77,77,77,77,77,77,77,77,77],"card_choices":[{"not_picked":["Sweeping Beam","Compile Driver","Storm"],"picked":"SKIP","floor":1.0},{"not_picked":["Redo","Stack"],"picked":"Go for the Eyes","floor":2.0},{"not_picked":["Ball Lightning","Sweeping Beam"],"picked":"Steam","floor":3.0},{"not_picked":["Conserve Battery","Rebound"],"picked":"BootSequence","floor":5.0},{"not_picked":["Ball Lightning","Streamline"],"picked":"FTL","floor":6.0},{"not_picked":["Fusion","Biased Cognition"],"picked":"Cold Snap","floor":10.0},{"not_picked":["Sunder","Sweeping Beam"],"picked":"Steam","floor":11.0},{"not_picked":["Capacitor","Ball Lightning"],"picked":"Hologram","floor":12.0},{"not_picked":["Chaos","Leap","Coolheaded"],"picked":"Fission","floor":14.0},{"not_picked":["Fission","Electrodynamics","Core Surge"],"picked":"All For One","floor":16.0},{"not_picked":["Scrape+1","Defragment","Chill"],"picked":"Gash","floor":18.0},{"not_picked":["Redo+1","Ball Lightning+1","Coolheaded"],"picked":"Self Repair","floor":20.0},{"not_picked":["Redo","Capacitor","Cold Snap+1","Barrage"],"picked":"SKIP","floor":21.0},{"not_picked":["Chill","Conserve Battery","Barrage"],"picked":"Echo Form","floor":23.0},{"not_picked":["Darkness","Hello World","Chaos+1"],"picked":"Chill+1","floor":25.0},{"not_picked":["Hologram","Go for the Eyes","Leap"],"picked":"Gash","floor":27.0},{"not_picked":["Ball Lightning+1","Streamline","Barrage"],"picked":"Rebound+1","floor":29.0},{"not_picked":["Ball Lightning","Chaos+1","Capacitor"],"picked":"Turbo+1","floor":30.0},{"not_picked":["Sweeping Beam+1","Coolheaded+1","Streamline"],"picked":"Defragment+1","floor":35.0},{"not_picked":["Beam Cell","Storm+1","Loop+1"],"picked":"Double Energy+1","floor":36.0},{"not_picked":["Hyperbeam","Compile Driver+1","Conserve Battery+1"],"picked":"Turbo","floor":37.0},{"not_picked":["Conserve Battery","Streamline+1","Auto Shields","Go for the Eyes+1"],"picked":"SKIP","floor":39.0},{"not_picked":["Capacitor+1","Stack+1","Chaos","Hello World"],"picked":"SKIP","floor":41.0},{"not_picked":["Compile Driver+1","Conserve Battery+1","Capacitor+1"],"picked":"Hologram+1","floor":45.0},{"not_picked":["Auto Shields","White Noise","Coolheaded+1"],"picked":"Go for the Eyes+1","floor":46.0},{"not_picked":["Chaos","Barrage+1","Consume+1"],"picked":"Rebound","floor":48.0},{"not_picked":["Self Repair+1","Rip and Tear+1","Rebound"],"picked":"Creative AI","floor":54}],"player_experience":234163,"relics_obtained":[{"floor":6.0,"key":"Bottled Flame"},{"floor":9.0,"key":"Gremlin Horn"},{"floor":12.0,"key":"Question Card"},{"floor":14.0,"key":"Emotion Chip"},{"floor":23.0,"key":"Boot"},{"floor":25.0,"key":"Cables"},{"floor":30.0,"key":"Regal Pillow"},{"floor":41.0,"key":"Darkstone Periapt"},{"floor":43.0,"key":"Omamori"},{"floor":46.0,"key":"Singing Bowl"},{"floor":54,"key":"Unceasing Top"}],"event_choices":[{"damage_healed":0.0,"max_hp_gain":0.0,"max_hp_loss":0.0,"gold_gain":0.0,"event_name":"Shining Light","player_choice":"Entered Light","floor":7.0,"gold_loss":0.0,"damage_taken":15.0,"cards_upgraded":["Defend_B","Strike_B"]},{"damage_healed":0.0,"max_hp_gain":0.0,"max_hp_loss":0.0,"gold_gain":30.0,"event_name":"Dead Adventurer","player_choice":"Searched \u00273\u0027 times","floor":12.0,"gold_loss":0.0,"damage_taken":0.0},{"damage_healed":0.0,"max_hp_gain":0.0,"max_hp_loss":0.0,"gold_gain":0.0,"event_name":"Accursed Blacksmith","player_choice":"Rummage","floor":19.0,"gold_loss":0.0,"damage_taken":0.0,"relics_obtained":["WarpedTongs"],"cards_obtained":["Pain"]},{"cards_removed":["Strike_B"],"damage_healed":0.0,"max_hp_gain":0.0,"max_hp_loss":0.0,"gold_gain":0.0,"event_name":"Back to Basics","player_choice":"Elegance","floor":31.0,"gold_loss":0.0,"damage_taken":0.0},{"cards_removed":["Parasite"],"damage_healed":0.0,"max_hp_gain":0.0,"max_hp_loss":0.0,"gold_gain":0.0,"event_name":"Fountain of Cleansing","player_choice":"Removed Curses","floor":38.0,"gold_loss":0.0,"damage_taken":0.0}],"is_beta":false,"boss_relics":[{"not_picked":["Tiny House","Cursed Key"],"picked":"Runic Pyramid"},{"not_picked":["Velvet Choker","Calling Bell"],"picked":"Empty Cage"}],"items_purged_floors":[13,22],"is_endless":false,"potions_floor_spawned":[2,6,12,14,18,23,25,33,36,39,45,48],"killed_by":"The Heart","ascension_level":4}