{"gold_per_floor":[114,114,126,153,184,196,242,254,318,330,353,365,377,404,416,499,511,537,167,180,180,199,234,234,29,29,29,29,29],"floor_reached":29,"playtime":1344,"items_purged":["Strike_G"],"score":482,"play_id":"b6db2167-9432-4626-be81-37625749b170","local_time":"20190614175344","is_ascension_mode":true,"campfire_choices":[{"data":"Skewer","floor":6.0,"key":"SMITH"},{"data":"Dagger Spray","floor":8.0,"key":"SMITH"},{"data":"Neutralize","floor":10.0,"key":"SMITH"},{"data":"Footwork","floor":12.0,"key":"SMITH"},{"data":"Backflip","floor":15.0,"key":"SMITH"},{"floor":24.0,"key":"REST"},{"floor":28,"key":"REST"}],"neow_cost":"NONE","seed_source_timestamp":1320658350647,"circlet_count":0,"master_deck":["AscendersBane","Strike_G","Strike_G","Strike_G","Defend_G","Defend_G","Defend_G","Defend_G","Defend_G","Survivor","Neutralize+1","Skewer+1","Dagger Spray+1","Bouncing Flask","Deadly Poison","Footwork+1","Backflip+1","After Image","Footwork","Decay","Acrobatics+1","Footwork"],"special_seed":0,"relics":["Ring of the Snake","MawBank","Singing Bowl","Strawberry","Sozu","ClockworkSouvenir","Pen Nib","Oddly Smooth Stone","Anchor"],"potions_floor_usage":[],"damage_taken":[{"damage":0.0,"enemies":"Jaw Worm","floor":1.0,"turns":5.0},{"damage":5.0,"enemies":"2 Louse","floor":4.0,"turns":3.0},{"damage":0.0,"enemies":"Small Slimes","floor":5.0,"turns":2.0},{"damage":11.0,"enemies":"Gremlin Nob","floor":7.0,"turns":3.0},{"damage":5.0,"enemies":"Blue Slaver","floor":11.0,"turns":3.0},{"damage":0.0,"enemies":"Large Slime","floor":14.0,"turns":4.0},{"damage":34.0,"enemies":"Hexaghost","floor":16.0,"turns":11.0},{"damage":10.0,"enemies":"2 Thieves","floor":18.0,"turns":4.0},{"damage":5.0,"enemies":"Shell Parasite","floor":20.0,"turns":5.0},{"damage":9.0,"enemies":"Snake Plant","floor":22.0,"turns":7.0},{"damage":18.0,"enemies":"Gremlin Leader","floor":23.0,"turns":7.0},{"damage":9,"enemies":"Colosseum Slavers","floor":27,"turns":6},{"damage":64,"enemies":"Slavers","floor":29,"turns":6}],"seed_played":"-4565677974923886339","potions_obtained":[{"floor":5.0,"key":"EntropicBrew"},{"floor":7.0,"key":"PowerPotion"},{"floor":11.0,"key":"AttackPotion"},{"floor":16.0,"key":"Poison Potion"}],"is_trial":false,"path_per_floor":["M","?","$","M","M","R","E","R","T","R","M","R","?","M","R","B",null,"M","$","M","?","M","E","R","$","T","?","R","E"],"character_chosen":"THE_SILENT","items_purchased":["ClockworkSouvenir","Footwork","Footwork","Oddly Smooth Stone"],"campfire_rested":2,"item_purchase_floors":[19,19,25,25],"current_hp_per_floor":[59,48,48,43,43,43,34,34,41,41,36,36,36,36,36,2,57,49,49,46,46,37,21,45,45,45,36,60,0],"gold":29,"neow_bonus":"TRANSFORM_CARD","is_prod":false,"is_daily":false,"chose_seed":false,"campfire_upgraded":5,"win_rate":0,"timestamp":1560560024,"path_taken":["M","?","$","M","M","R","E","R","T","R","M","R","?","M","R","BOSS","M","$","M","?","M","E","R","$","T","?","R","E"],"build_version":"2019-06-13","purchased_purges":1,"victory":false,"max_hp_per_floor":[66,66,66,66,66,66,68,68,75,75,75,75,75,75,75,75,75,77,77,79,79,79,81,81,81,81,81,81,81],"card_choices":[{"not_picked":["Sucker Punch","Blade Dance"],"picked":"Dagger Spray","floor":1.0},{"not_picked":["Quick Slash","Prepared"],"picked":"Bouncing Flask","floor":4.0},{"not_picked":["Predator","Expertise"],"picked":"Deadly Poison","floor":5.0},{"not_picked":["Masterful Stab","All Out Attack","Acrobatics"],"picked":"Singing Bowl","floor":7.0},{"not_picked":["Blade Dance","Poisoned Stab"],"picked":"Footwork","floor":11.0},{"not_picked":["Eviscerate","Dagger Spray"],"picked":"Backflip","floor":14.0},{"not_picked":["Wraith Form v2","Doppelganger"],"picked":"After Image","floor":16.0},{"not_picked":["Slice","Dagger Throw+1","Quick Slash"],"picked":"Singing Bowl","floor":18.0},{"not_picked":["Bouncing Flask","Flying Knee","Dagger Spray"],"picked":"Singing Bowl","floor":20.0},{"not_picked":["Bouncing Flask","Dagger Throw"],"picked":"Acrobatics+1","floor":22.0},{"not_picked":["Bane","Slice","Storm of Steel"],"picked":"Singing Bowl","floor":23.0}],"player_experience":1670573,"relics_obtained":[{"floor":7.0,"key":"Singing Bowl"},{"floor":9.0,"key":"Strawberry"},{"floor":23.0,"key":"Pen Nib"},{"floor":26.0,"key":"Anchor"}],"event_choices":[{"damage_healed":0.0,"max_hp_gain":0.0,"max_hp_loss":0.0,"gold_gain":0.0,"event_name":"Scrap Ooze","player_choice":"Success","floor":2.0,"gold_loss":0.0,"damage_taken":11.0,"relics_obtained":["MawBank"]},{"damage_healed":0.0,"max_hp_gain":0.0,"max_hp_loss":0.0,"gold_gain":0.0,"event_name":"Shining Light","player_choice":"Ignored","floor":13.0,"gold_loss":0.0,"damage_taken":0.0},{"damage_healed":0.0,"max_hp_gain":0.0,"max_hp_loss":0.0,"gold_gain":0.0,"event_name":"Forgotten Altar","player_choice":"Smashed Altar","floor":21.0,"gold_loss":0.0,"damage_taken":0.0,"cards_obtained":["Decay"]},{"damage_healed":0,"gold_gain":0,"player_choice":"Fight","damage_taken":0,"max_hp_gain":0,"max_hp_loss":0,"event_name":"Colosseum","floor":27,"gold_loss":0},{"damage_healed":0,"gold_gain":0,"player_choice":"Fled From Nobs","damage_taken":0,"max_hp_gain":0,"max_hp_loss":0,"event_name":"Colosseum","floor":27,"gold_loss":0}],"is_beta":true,"boss_relics":[{"not_picked":["Ectoplasm","WristBlade"],"picked":"Sozu"}],"items_purged_floors":[19],"is_endless":false,"potions_floor_spawned":[5,7,11,16,18,22],"killed_by":"Slavers","ascension_level":20}