{"gold_per_floor":[116,116,130,147,42,72,101,101,101,176,176,206,206,4,4,107,107,120,131,145,145,165,165,194,204,204,217,252,267,267,297,297,396,396,407,419,435,31,45,73,73,101,101,101,112,0,13,45,45,45,45,45,8,43,43],"floor_reached":56,"playtime":5429,"items_purged":["Strike_R"],"score":1703,"play_id":"adc2adcf-fecb-4e0e-9722-81675856c2d4","local_time":"20190513041347","is_ascension_mode":true,"campfire_choices":[{"floor":11.0,"key":"REST"},{"data":"Corruption","floor":15.0,"key":"SMITH"},{"data":"Demon Form","floor":23.0,"key":"SMITH"},{"floor":32.0,"key":"RECALL"},{"data":"1","floor":41.0,"key":"LIFT"},{"data":"2","floor":44.0,"key":"LIFT"},{"data":"3","floor":49.0,"key":"LIFT"},{"data":"Seeing Red","floor":52.0,"key":"SMITH"}],"neow_cost":"CURSE","seed_source_timestamp":47650071977569,"circlet_count":0,"master_deck":["Strike_R","Strike_R","Defend_R","Defend_R","Defend_R","Defend_R","Bash","Purity","Flash of Steel","Havoc","Clash","Corruption+1","Dual Wield","Havoc","Warcry","Power Through","Exhume","Enlightenment","Demon Form+1","Disarm+1","Metallicize+1","Warcry","True Grit","Double Tap","Second Wind","Disarm+1","Dark Embrace","Feel No Pain","Seeing Red+1","Infernal Blade","Corruption","Havoc","Seeing Red+1","Headbutt+1","Burning Pact+1","Rage+1"],"special_seed":0,"relics":["Burning Blood","Self Forming Clay","Dead Branch","Odd Mushroom","Blue Candle","Omamori","Anchor","Astrolabe","Lantern","Letter Opener","Happy Flower","Oddly Smooth Stone","Busted Crown","Bottled Lightning","Girya","Toxic Egg 2","Red Mask","Singing Bowl","Bird Faced Urn"],"potions_floor_usage":[55],"damage_taken":[{"damage":6.0,"enemies":"2 Louse","floor":1.0,"turns":3.0},{"damage":3.0,"enemies":"Small Slimes","floor":3.0,"turns":4.0},{"damage":1.0,"enemies":"Cultist","floor":4.0,"turns":3.0},{"damage":44.0,"enemies":"3 Sentries","floor":6.0,"turns":12.0},{"damage":18.0,"enemies":"The Mushroom Lair","floor":7.0,"turns":5.0},{"damage":20.0,"enemies":"Gremlin Nob","floor":8.0,"turns":3.0},{"damage":15.0,"enemies":"Lagavulin","floor":12.0,"turns":6.0},{"damage":15.0,"enemies":"The Guardian","floor":16.0,"turns":7.0},{"damage":0.0,"enemies":"Spheric Guardian","floor":18.0,"turns":3.0},{"damage":4.0,"enemies":"Chosen","floor":19.0,"turns":7.0},{"damage":0.0,"enemies":"Snake Plant","floor":20.0,"turns":3.0},{"damage":19.0,"enemies":"Shelled Parasite and Fungi","floor":22.0,"turns":5.0},{"damage":19.0,"enemies":"Slavers","floor":24.0,"turns":4.0},{"damage":0.0,"enemies":"Cultist and Chosen","floor":25.0,"turns":4.0},{"damage":19.0,"enemies":"Sentry and Sphere","floor":27.0,"turns":6.0},{"damage":0.0,"enemies":"Gremlin Leader","floor":28.0,"turns":6.0},{"damage":7.0,"enemies":"Centurion and Healer","floor":29.0,"turns":7.0},{"damage":19.0,"enemies":"Slavers","floor":31.0,"turns":7.0},{"damage":17.0,"enemies":"Champ","floor":33.0,"turns":5.0},{"damage":17.0,"enemies":"3 Shapes","floor":35.0,"turns":6.0},{"damage":13.0,"enemies":"3 Darklings","floor":36.0,"turns":5.0},{"damage":6.0,"enemies":"Transient","floor":37.0,"turns":5.0},{"damage":0.0,"enemies":"Writhing Mass","floor":39.0,"turns":3.0},{"damage":0.0,"enemies":"Reptomancer","floor":40.0,"turns":3.0},{"damage":0.0,"enemies":"Giant Head","floor":42.0,"turns":5.0},{"damage":0.0,"enemies":"Jaw Worm Horde","floor":45.0,"turns":2.0},{"damage":16.0,"enemies":"Transient","floor":47.0,"turns":3.0},{"damage":9.0,"enemies":"Reptomancer","floor":48.0,"turns":2.0},{"damage":40.0,"enemies":"Awakened One","floor":50.0,"turns":5.0},{"damage":13.0,"enemies":"Shield and Spear","floor":54.0,"turns":3.0},{"damage":76,"enemies":"The Heart","floor":55,"turns":11}],"seed_played":"-4000858023590585226","potions_obtained":[{"floor":3.0,"key":"SmokeBomb"},{"floor":12.0,"key":"EssenceOfSteel"},{"floor":18.0,"key":"SteroidPotion"},{"floor":22.0,"key":"Poison Potion"},{"floor":27.0,"key":"SpeedPotion"},{"floor":31.0,"key":"Ancient Potion"},{"floor":37.0,"key":"FearPotion"},{"floor":40.0,"key":"Ancient Potion"},{"floor":47.0,"key":"Weak Potion"},{"floor":48.0,"key":"LiquidBronze"}],"is_trial":false,"path_per_floor":["M","?","M","M","$","E","?","E","T","?","R","E","?","$","R","B",null,"M","M","M","?","M","R","E","M","T","M","E","M","?","E","R","B",null,"M","M","M","$","M","E","R","E","T","R","M","?","M","E","R","B",null,"R","$","E","B",null],"character_chosen":"IRONCLAD","items_purchased":["Corruption","Dual Wield","Exhume","Enlightenment","AttackPotion","Bottled Lightning","Corruption","Burning Pact+1"],"campfire_rested":1,"item_purchase_floors":[5,5,14,14,14,38,38,53],"current_hp_per_floor":[80,73,76,80,80,42,30,16,16,5,29,20,20,20,20,11,61,67,69,75,75,62,62,49,55,55,42,48,47,72,59,59,48,70,59,52,52,52,58,64,64,70,70,70,76,76,66,65,65,31,67,67,67,60,18],"gold":43,"neow_bonus":"RANDOM_COLORLESS_2","is_prod":false,"is_daily":false,"chose_seed":false,"campfire_upgraded":3,"win_rate":0,"timestamp":1557735227,"path_taken":["M","?","M","M","$","E","?","E","T","?","R","E","?","$","R","BOSS","M","M","?","?","M","R","E","M","T","M","E","M","?","E","R","BOSS","M","M","M","$","M","E","R","E","T","R","M","?","M","E","R","BOSS","R","$","E","BOSS"],"build_version":"2019-01-23","purchased_purges":1,"victory":true,"max_hp_per_floor":[80,80,80,80,80,80,80,80,80,80,80,80,80,80,80,80,77,77,77,77,77,77,77,77,77,77,77,77,77,77,77,77,77,77,77,77,77,77,77,77,77,77,77,77,77,77,77,79,79,79,79,79,79,79,79],"card_choices":[{"not_picked":["Iron Wave","Body Slam"],"picked":"Havoc","floor":1.0},{"not_picked":["Thunderclap","Heavy Blade"],"picked":"Clash","floor":3.0},{"not_picked":["Clothesline","Wild Strike","Searing Blow"],"picked":"SKIP","floor":4.0},{"not_picked":["Iron Wave","Metallicize"],"picked":"Havoc","floor":6.0},{"not_picked":["Clothesline","Shockwave"],"picked":"Warcry","floor":7.0},{"not_picked":["Double Tap","Heavy Blade"],"picked":"Power Through","floor":12.0},{"not_picked":["Feed","Barricade"],"picked":"Demon Form","floor":16.0},{"not_picked":["Reckless Charge","Pommel Strike","Corruption"],"picked":"SKIP","floor":18.0},{"not_picked":["Evolve+1","Cleave+1","Heavy Blade"],"picked":"SKIP","floor":19.0},{"not_picked":["Clothesline","Body Slam"],"picked":"Warcry","floor":20.0},{"not_picked":["Heavy Blade","Hemokinesis"],"picked":"True Grit","floor":22.0},{"not_picked":["Shrug It Off","Wild Strike"],"picked":"Double Tap","floor":24.0},{"not_picked":["Headbutt","Dual Wield"],"picked":"Second Wind","floor":25.0},{"not_picked":["Flex","Pommel Strike","Armaments"],"picked":"SKIP","floor":27.0},{"not_picked":["Thunderclap+1","Whirlwind"],"picked":"Disarm+1","floor":28.0},{"not_picked":["Headbutt","Iron Wave","Immolate"],"picked":"SKIP","floor":29.0},{"not_picked":["Cleave","Sword Boomerang","Brutality"],"picked":"SKIP","floor":31.0},{"not_picked":["Limit Break","Exhume"],"picked":"Dark Embrace","floor":33.0},{"not_picked":[],"picked":"Feel No Pain","floor":35.0},{"not_picked":[],"picked":"Seeing Red","floor":36.0},{"not_picked":[],"picked":"Infernal Blade","floor":37.0},{"not_picked":[],"picked":"Havoc","floor":39.0},{"not_picked":["Reckless Charge+1"],"picked":"SKIP","floor":40.0},{"not_picked":["Clothesline"],"picked":"SKIP","floor":42.0},{"not_picked":[],"picked":"Seeing Red+1","floor":45.0},{"not_picked":[],"picked":"Headbutt+1","floor":47.0},{"not_picked":["Rupture"],"picked":"Singing Bowl","floor":48.0},{"not_picked":[],"picked":"Rage+1","floor":54.0}],"player_experience":259180,"relics_obtained":[{"floor":6.0,"key":"Dead Branch"},{"floor":7.0,"key":"Odd Mushroom"},{"floor":9.0,"key":"Blue Candle"},{"floor":12.0,"key":"Omamori"},{"floor":24.0,"key":"Lantern"},{"floor":26.0,"key":"Letter Opener"},{"floor":28.0,"key":"Happy Flower"},{"floor":31.0,"key":"Oddly Smooth Stone"},{"floor":40.0,"key":"Girya"},{"floor":42.0,"key":"Toxic Egg 2"},{"floor":48.0,"key":"Singing Bowl"},{"floor":54.0,"key":"Bird Faced Urn"}],"event_choices":[{"damage_healed":0.0,"max_hp_gain":0.0,"max_hp_loss":0.0,"gold_gain":0.0,"event_name":"Scrap Ooze","player_choice":"Success","floor":2.0,"gold_loss":0.0,"damage_taken":7.0,"relics_obtained":["Self Forming Clay"]},{"damage_healed":0.0,"max_hp_gain":0.0,"max_hp_loss":0.0,"gold_gain":0.0,"event_name":"Mushrooms","player_choice":"Fought Mushrooms","floor":7.0,"gold_loss":0.0,"damage_taken":0.0},{"damage_healed":0.0,"max_hp_gain":0.0,"max_hp_loss":0.0,"gold_gain":75.0,"event_name":"World of Goop","player_choice":"Gather Gold","floor":10.0,"gold_loss":0.0,"damage_taken":11.0},{"damage_healed":0.0,"max_hp_gain":0.0,"max_hp_loss":0.0,"gold_gain":0.0,"event_name":"WeMeetAgain","player_choice":"Gave Potion","floor":13.0,"gold_loss":0.0,"damage_taken":0.0,"relics_obtained":["Anchor"]},{"damage_healed":0.0,"max_hp_gain":0.0,"max_hp_loss":0.0,"gold_gain":0.0,"event_name":"Ghosts","player_choice":"Ignored","floor":21.0,"gold_loss":0.0,"damage_taken":0.0},{"damage_healed":25.0,"max_hp_gain":0.0,"max_hp_loss":0.0,"gold_gain":0.0,"event_name":"The Library","player_choice":"Heal","floor":30.0,"gold_loss":0.0,"damage_taken":0.0},{"damage_healed":0.0,"max_hp_gain":0.0,"max_hp_loss":0.0,"gold_gain":0.0,"event_name":"Tomb of Lord Red Mask","player_choice":"Paid","floor":46.0,"gold_loss":112.0,"damage_taken":0.0,"relics_obtained":["Red Mask"]}],"is_beta":false,"boss_relics":[{"not_picked":["Runic Dome","Calling Bell"],"picked":"Astrolabe"},{"not_picked":["White Beast Statue","Pandora\u0027s Box"],"picked":"Busted Crown"}],"items_purged_floors":[38],"is_endless":false,"potions_floor_spawned":[3,8,12,18,22,27,31,37,40,47,48],"ascension_level":5}