{"gold_per_floor":[111,128,141,161,173,198,198,213,237,256,291,291,320,333,333,436,436,456,472,488,488,503,503],"floor_reached":23,"playtime":1835,"items_purged":[],"score":219,"play_id":"e2cb1a33-4947-4ea8-b6b9-dbe2e1629459","local_time":"20181226001302","is_ascension_mode":false,"campfire_choices":[{"data":"Perfected Strike","floor":7.0,"key":"SMITH"},{"floor":12.0,"key":"REST"},{"data":"Rupture","floor":15.0,"key":"SMITH"}],"neow_cost":"NONE","seed_source_timestamp":0,"circlet_count":0,"master_deck":["Strike_R","Strike_R","Strike_R","Strike_R","Strike_R","Defend_R","Defend_R","Defend_R","Hemokinesis","Armaments","Perfected Strike+1","Wild Strike","Shrug It Off","Wild Strike","Rampage","Feed","Rupture+1","Spot Weakness","Double Tap","Perfected Strike","Perfected Strike+1","Rupture+1"],"special_seed":0,"relics":["Burning Blood","Ginger","Ancient Tea Set","Centennial Puzzle","Strawberry","Empty Cage"],"potions_floor_usage":[23,23],"damage_taken":[{"damage":3.0,"enemies":"Small Slimes","floor":1.0,"turns":3.0},{"damage":3.0,"enemies":"Cultist","floor":2.0,"turns":3.0},{"damage":11.0,"enemies":"Jaw Worm","floor":3.0,"turns":2.0},{"damage":4.0,"enemies":"2 Fungi Beasts","floor":4.0,"turns":5.0},{"damage":10.0,"enemies":"Blue Slaver","floor":5.0,"turns":3.0},{"damage":14.0,"enemies":"Lagavulin","floor":6.0,"turns":5.0},{"damage":19.0,"enemies":"Gremlin Gang","floor":8.0,"turns":4.0},{"damage":9.0,"enemies":"Exordium Wildlife","floor":10.0,"turns":3.0},{"damage":23.0,"enemies":"Gremlin Nob","floor":11.0,"turns":4.0},{"damage":21.0,"enemies":"Lagavulin","floor":13.0,"turns":5.0},{"damage":5.0,"enemies":"Large Slime","floor":14.0,"turns":4.0},{"damage":38.0,"enemies":"Hexaghost","floor":16.0,"turns":9.0},{"damage":36.0,"enemies":"2 Thieves","floor":18.0,"turns":4.0},{"damage":16.0,"enemies":"Spheric Guardian","floor":19.0,"turns":3.0},{"damage":16.0,"enemies":"Snecko","floor":20.0,"turns":5.0},{"damage":20.0,"enemies":"Sentry and Sphere","floor":22.0,"turns":4.0},{"damage":30,"enemies":"Book of Stabbing","floor":23,"turns":5}],"seed_played":"-8104478614661321875","potions_obtained":[{"floor":3.0,"key":"Fire Potion"},{"floor":4.0,"key":"Weak Potion"},{"floor":6.0,"key":"SkillPotion"},{"floor":10.0,"key":"Weak Potion"},{"floor":13.0,"key":"Ancient Potion"},{"floor":14.0,"key":"SpeedPotion"},{"floor":16.0,"key":"Weak Potion"},{"floor":20.0,"key":"SpeedPotion"},{"floor":22.0,"key":"Weak Potion"}],"is_trial":false,"path_per_floor":["M","M","M","M","M","E","R","M","T","M","E","R","E","M","R","B",null,"M","M","M","?","M","E"],"character_chosen":"IRONCLAD","items_purchased":[],"campfire_rested":1,"item_purchase_floors":[],"current_hp_per_floor":[80,80,75,77,73,65,65,52,52,49,32,56,48,52,52,20,90,60,50,40,40,29,0],"gold":503,"neow_bonus":"THREE_CARDS","is_prod":false,"is_daily":false,"chose_seed":false,"campfire_upgraded":2,"win_rate":0,"timestamp":1545801182,"path_taken":["M","M","M","M","M","E","R","M","T","M","E","R","E","M","R","BOSS","M","M","M","?","M","E"],"build_version":"2018-12-20","purchased_purges":0,"victory":false,"max_hp_per_floor":[80,80,80,80,80,80,80,80,80,80,80,80,87,90,90,90,90,90,90,90,90,93,93],"card_choices":[{"not_picked":["Cleave","Dropkick"],"picked":"Hemokinesis","floor":0.0},{"not_picked":["Disarm","Second Wind"],"picked":"Armaments","floor":1.0},{"not_picked":["Havoc","Battle Trance"],"picked":"Perfected Strike","floor":2.0},{"not_picked":["Dropkick","Anger","Intimidate"],"picked":"SKIP","floor":3.0},{"not_picked":["Evolve","Combust"],"picked":"Wild Strike","floor":4.0},{"not_picked":["Evolve","Reckless Charge"],"picked":"Shrug It Off","floor":5.0},{"not_picked":["Thunderclap","Whirlwind"],"picked":"Wild Strike","floor":6.0},{"not_picked":["Body Slam","True Grit"],"picked":"Rampage","floor":8.0},{"not_picked":["Metallicize","Thunderclap","True Grit"],"picked":"SKIP","floor":10.0},{"not_picked":["Feel No Pain","Clothesline"],"picked":"Feed","floor":11.0},{"not_picked":["Blood for Blood","Evolve"],"picked":"Rupture","floor":13.0},{"not_picked":["Clash","Havoc"],"picked":"Spot Weakness","floor":14.0},{"not_picked":["Juggernaut","Dark Embrace"],"picked":"Double Tap","floor":16.0},{"not_picked":["Iron Wave","Cleave+1","Clash"],"picked":"SKIP","floor":18.0},{"not_picked":["Body Slam","Flex"],"picked":"Perfected Strike","floor":19.0},{"not_picked":["Reaper","Cleave+1","Warcry"],"picked":"SKIP","floor":20.0},{"not_picked":["True Grit","Iron Wave"],"picked":"Rupture+1","floor":22.0}],"player_experience":124176,"relics_obtained":[{"floor":6.0,"key":"Ginger"},{"floor":9.0,"key":"Ancient Tea Set"},{"floor":11.0,"key":"Centennial Puzzle"},{"floor":13.0,"key":"Strawberry"}],"event_choices":[{"damage_healed":0.0,"max_hp_gain":0.0,"max_hp_loss":0.0,"gold_gain":0.0,"event_name":"Duplicator","player_choice":"Copied","floor":21.0,"gold_loss":0.0,"damage_taken":0.0,"cards_obtained":["Perfected Strike"]}],"is_beta":false,"boss_relics":[{"not_picked":["Sozu","Astrolabe"],"picked":"Empty Cage"}],"items_purged_floors":[],"is_endless":false,"potions_floor_spawned":[3,4,6,10,13,14,16,19,20,22],"killed_by":"Book of Stabbing","ascension_level":0}