{"gold_per_floor":[216,141,155,166,33,53,53,328,328,342,354,368,388,67,67,170,170,189,204,304,320,15,15,15,15,15,28,41,41,58,70,70,165,165,185,40,54,67,87,87,100,100,100,100,117,117,127,15,15,15],"floor_reached":51,"playtime":4639,"items_purged":["Strike_B","Strike_B"],"score":724,"play_id":"67f19710-18f7-490f-bda4-94cbd5588661","local_time":"20190518232317","is_ascension_mode":false,"campfire_choices":[{"data":"Zap","floor":7,"key":"SMITH"},{"data":"Buffer","floor":15,"key":"SMITH"},{"data":"Recycle","floor":23,"key":"SMITH"},{"data":"Dualcast","floor":25,"key":"SMITH"},{"data":"Go for the Eyes","floor":29,"key":"SMITH"},{"data":"Machine Learning","floor":32,"key":"SMITH"},{"data":"Conserve Battery","floor":40,"key":"SMITH"},{"data":"Defragment","floor":42,"key":"SMITH"},{"data":"Electrodynamics","floor":44,"key":"SMITH"},{"data":"Capacitor","floor":49,"key":"SMITH"}],"neow_cost":"NONE","seed_source_timestamp":339876564184,"circlet_count":0,"master_deck":["Defend_B","Defend_B","Defend_B","Defend_B","Zap+1","Dualcast+1","Conserve Battery+1","Rebound","Recycle+1","Go for the Eyes+1","Regret","Doom and Gloom","Buffer+1","Ball Lightning","Steam","Coolheaded+1","Hologram+1","Seek+1","Conserve Battery+1","Chaos+1","Turbo+1","Chill+1","Ball Lightning","Hologram+1","Conserve Battery+1","Rebound","Bite","Bite","Bite","Bite","Bite","Stack+1","Double Energy+1","Compile Driver","Coolheaded+1","Fusion+1","Darkness+1","Compile Driver","Machine Learning+1","Seek+1","Heatsinks+1","Capacitor+1","Electrodynamics+1","Sweeping Beam+1","Rainbow+1","Darkness+1","White Noise+1","Coolheaded+1","White Noise+1","Defragment+1","Streamline+1","White Noise+1","Loop","Rainbow+1","Capacitor+1","Stack+1","Turbo+1","Streamline"],"relics":["Cracked Core","Blue Candle","Toxic Egg 2","Eternal Feather","Prayer Wheel","Pear","Lantern","Meat on the Bone","Sozu","Singing Bowl"],"potions_floor_usage":[12,16,16,16,16,20,33,33],"damage_taken":[{"damage":8,"enemies":"2 Louse","floor":1,"turns":2},{"damage":0,"enemies":"Cultist","floor":3,"turns":3},{"damage":0,"enemies":"Small Slimes","floor":4,"turns":3},{"damage":2,"enemies":"Blue Slaver","floor":6,"turns":4},{"damage":9,"enemies":"2 Fungi Beasts","floor":10,"turns":4},{"damage":6,"enemies":"Lots of Slimes","floor":11,"turns":2},{"damage":0,"enemies":"3 Louse","floor":12,"turns":3},{"damage":7,"enemies":"Looter","floor":13,"turns":2},{"damage":25,"enemies":"Hexaghost","floor":16,"turns":11},{"damage":1,"enemies":"Spheric Guardian","floor":18,"turns":4},{"damage":0,"enemies":"2 Thieves","floor":19,"turns":5},{"damage":21,"enemies":"Colosseum Slavers","floor":20,"turns":5},{"damage":28,"enemies":"Colosseum Nobs","floor":20,"turns":5},{"damage":17,"enemies":"Centurion and Healer","floor":21,"turns":10},{"damage":0,"enemies":"Snecko","floor":27,"turns":5},{"damage":20,"enemies":"Snake Plant","floor":28,"turns":5},{"damage":1,"enemies":"3 Cultists","floor":30,"turns":5},{"damage":2,"enemies":"Centurion and Healer","floor":31,"turns":8},{"damage":47,"enemies":"Collector","floor":33,"turns":12},{"damage":14,"enemies":"Orb Walker","floor":35,"turns":4},{"damage":1,"enemies":"3 Darklings","floor":37,"turns":3},{"damage":1,"enemies":"Maw","floor":38,"turns":9},{"damage":9,"enemies":"Writhing Mass","floor":39,"turns":5},{"damage":0,"enemies":"Transient","floor":41,"turns":5},{"damage":4,"enemies":"4 Shapes","floor":45,"turns":5},{"damage":0,"enemies":"Maw","floor":47,"turns":6},{"damage":27,"enemies":"Donu and Deca","floor":50,"turns":7}],"seed_played":"-8065890638076538958","potions_obtained":[{"floor":1,"key":"SteroidPotion"},{"floor":3,"key":"FairyPotion"},{"floor":11,"key":"EntropicBrew"},{"floor":12,"key":"Strength Potion"},{"floor":16,"key":"Swift Potion"},{"floor":30,"key":"Poison Potion"},{"floor":31,"key":"Dexterity Potion"}],"is_trial":false,"path_per_floor":["M","$","M","M","$","M","R","?","T","M","M","M","M","$","R","B",null,"M","M","?","M","$","R","?","R","T","M","M","R","M","M","R","B",null,"M","$","M","M","M","R","M","R","T","R","M","?","M","$","R","B",null],"character_chosen":"DEFECT","items_purchased":["Recycle","Toxic Egg 2","Coolheaded+1","Hologram+1","Hologram+1","Conserve Battery+1","Lantern","Rebound","Electrodynamics","Stack+1","Turbo+1","Streamline"],"campfire_rested":0,"item_purchase_floors":[5,14,14,14,22,22,22,22,36,48,48,48],"current_hp_per_floor":[67,67,67,67,67,65,65,65,65,56,50,50,43,43,43,18,75,74,74,35,18,18,33,33,51,51,59,42,59,59,59,59,32,59,49,49,50,59,59,59,59,59,59,59,59,59,59,59,59,35],"gold":15,"neow_bonus":"HUNDRED_GOLD","is_prod":false,"is_daily":false,"chose_seed":false,"campfire_upgraded":10,"win_rate":0,"timestamp":1558243397,"path_taken":["M","$","M","M","$","M","R","?","T","M","?","M","M","$","R","BOSS","M","M","?","M","$","R","?","R","T","M","M","R","M","M","R","BOSS","M","$","M","M","M","R","M","R","T","R","M","?","M","$","R","BOSS"],"build_version":"2019-01-23","purchased_purges":2,"victory":true,"max_hp_per_floor":[75,75,75,75,75,75,75,75,75,75,75,75,75,75,75,75,75,75,75,85,85,85,85,59,59,59,59,59,59,59,59,59,59,59,59,59,59,59,59,59,59,59,59,59,59,59,59,59,59,59],"card_choices":[{"not_picked":["Undo","Barrage","Sweeping Beam"],"picked":"SKIP","floor":1},{"not_picked":["Beam Cell","Hologram"],"picked":"Conserve Battery","floor":3},{"not_picked":["Streamline","Genetic Algorithm"],"picked":"Rebound","floor":4},{"not_picked":["Storm","Force Field"],"picked":"Go for the Eyes","floor":6},{"not_picked":["Leap","Streamline"],"picked":"Doom and Gloom","floor":10},{"not_picked":["Turbo","Barrage"],"picked":"Buffer","floor":11},{"not_picked":["Turbo","Melter"],"picked":"Ball Lightning","floor":12},{"not_picked":["Sunder","Force Field"],"picked":"Steam","floor":13},{"not_picked":["Machine Learning","Amplify+1"],"picked":"Seek+1","floor":16},{"not_picked":["Steam+1","Leap+1"],"picked":"Conserve Battery+1","floor":18},{"not_picked":["Compile Driver","Skim+1"],"picked":"Chaos+1","floor":19},{"not_picked":["Genetic Algorithm+1","Barrage"],"picked":"Turbo+1","floor":20},{"not_picked":["Beam Cell","Barrage"],"picked":"Chill+1","floor":21},{"not_picked":["Creative AI","Consume+1"],"picked":"Ball Lightning","floor":21},{"not_picked":["Redo+1","Beam Cell"],"picked":"Stack+1","floor":27},{"not_picked":["Heatsinks","Steam+1"],"picked":"Double Energy+1","floor":27},{"not_picked":["Stack+1","Doom and Gloom"],"picked":"Compile Driver","floor":28},{"not_picked":["Double Energy+1","Conserve Battery+1"],"picked":"Coolheaded+1","floor":28},{"not_picked":["Blizzard","Stack+1"],"picked":"Fusion+1","floor":30},{"not_picked":["Streamline","Doom and Gloom"],"picked":"Darkness+1","floor":30},{"not_picked":["Turbo+1","Go for the Eyes"],"picked":"Compile Driver","floor":31},{"not_picked":["Stack+1","Force Field+1"],"picked":"Machine Learning","floor":31},{"not_picked":["Hyperbeam","Machine Learning"],"picked":"Seek+1","floor":33},{"not_picked":["Gash+1","Sweeping Beam"],"picked":"Heatsinks+1","floor":35},{"not_picked":["Redo+1","Gash"],"picked":"Capacitor+1","floor":35},{"not_picked":["Conserve Battery+1","Hologram+1"],"picked":"Sweeping Beam+1","floor":37},{"not_picked":["Skim+1","Sweeping Beam"],"picked":"Rainbow+1","floor":37},{"not_picked":["Recycle+1","Turbo+1"],"picked":"Darkness+1","floor":38},{"not_picked":["Heatsinks","Self Repair"],"picked":"White Noise+1","floor":38},{"not_picked":["Undo+1","Streamline"],"picked":"Coolheaded+1","floor":39},{"not_picked":["Redo+1","Leap+1"],"picked":"White Noise+1","floor":39},{"not_picked":["Sweeping Beam+1","Cold Snap+1"],"picked":"Defragment","floor":41},{"not_picked":["Go for the Eyes","Gash+1"],"picked":"Streamline+1","floor":41},{"not_picked":["Rip and Tear+1","Redo+1"],"picked":"White Noise+1","floor":45},{"not_picked":["Sweeping Beam","Turbo+1"],"picked":"Loop","floor":45},{"not_picked":["Streamline","Rebound+1"],"picked":"Rainbow+1","floor":47},{"not_picked":["Stack+1","Barrage+1"],"picked":"Capacitor","floor":47}],"player_experience":1435933,"relics_obtained":[{"floor":9,"key":"Blue Candle"},{"floor":20,"key":"Prayer Wheel"},{"floor":20,"key":"Pear"},{"floor":26,"key":"Meat on the Bone"},{"floor":43,"key":"Singing Bowl"}],"event_choices":[{"damage_healed":0,"gold_gain":275,"player_choice":"Desecrate","damage_taken":0,"max_hp_gain":0,"max_hp_loss":0,"event_name":"Golden Shrine","floor":8,"gold_loss":0,"cards_obtained":["Regret"]},{"damage_healed":0,"gold_gain":0,"player_choice":"Fight","damage_taken":0,"max_hp_gain":0,"max_hp_loss":0,"event_name":"Colosseum","floor":20,"gold_loss":0},{"damage_healed":0,"gold_gain":0,"player_choice":"Fought Nobs","damage_taken":0,"max_hp_gain":0,"max_hp_loss":0,"event_name":"Colosseum","floor":20,"gold_loss":0},{"damage_healed":0,"gold_gain":0,"player_choice":"Became a vampire","damage_taken":0,"max_hp_gain":0,"max_hp_loss":26,"event_name":"Vampires","floor":24,"gold_loss":0,"cards_obtained":["Bite","Bite","Bite","Bite","Bite"]},{"damage_healed":0,"gold_gain":0,"player_choice":"Ignored","damage_taken":0,"max_hp_gain":0,"max_hp_loss":0,"event_name":"Tomb of Lord Red Mask","floor":46,"gold_loss":0}],"is_beta":false,"boss_relics":[{"not_picked":["Snecko Eye","Black Star"],"picked":"Eternal Feather"},{"not_picked":["Astrolabe","Philosopher\u0027s Stone"],"picked":"Sozu"}],"items_purged_floors":[2,5],"is_endless":false,"potions_floor_spawned":[1,3,11,12,16,20,30,31,38,39,45],"ascension_level":0}