{"gold_per_floor":[116,41,53,66,76,76,102,102,102,130,146,146,156,188,188,188],"floor_reached":16,"playtime":1059,"items_purged":["Strike_R"],"score":187,"play_id":"d7c4e107-ce7b-41dc-b6bc-d08b5cdc9722","local_time":"20190331182057","is_ascension_mode":true,"campfire_choices":[{"data":"Hemokinesis","floor":6.0,"key":"SMITH"},{"data":"Dramatic Entrance","floor":8.0,"key":"SMITH"},{"data":"Infernal Blade","floor":15.0,"key":"SMITH"}],"neow_cost":"NONE","seed_source_timestamp":22083974626913,"circlet_count":0,"master_deck":["Strike_R","Strike_R","Strike_R","Strike_R","Defend_R","Defend_R","Defend_R","Defend_R","Bash","Dramatic Entrance+1","Anger","Headbutt","Hemokinesis+1","Flex","Anger+1","Infernal Blade+1"],"special_seed":0,"relics":["Burning Blood","Singing Bowl","Pear","Molten Egg 2","Omamori"],"potions_floor_usage":[16],"damage_taken":[{"damage":1.0,"enemies":"Cultist","floor":1.0,"turns":4.0},{"damage":0.0,"enemies":"Small Slimes","floor":3.0,"turns":2.0},{"damage":0.0,"enemies":"2 Louse","floor":4.0,"turns":2.0},{"damage":19.0,"enemies":"Blue Slaver","floor":5.0,"turns":3.0},{"damage":23.0,"enemies":"Lagavulin","floor":7.0,"turns":5.0},{"damage":3.0,"enemies":"Gremlin Nob","floor":10.0,"turns":2.0},{"damage":2.0,"enemies":"Exordium Wildlife","floor":11.0,"turns":2.0},{"damage":10.0,"enemies":"Lots of Slimes","floor":13.0,"turns":2.0},{"damage":21.0,"enemies":"Lagavulin","floor":14.0,"turns":5.0},{"damage":72,"enemies":"The Guardian","floor":16,"turns":8}],"seed_played":"8481296657236162900","potions_obtained":[{"floor":1.0,"key":"FairyPotion"},{"floor":4.0,"key":"Energy Potion"},{"floor":5.0,"key":"Fire Potion"},{"floor":7.0,"key":"PowerPotion"},{"floor":11.0,"key":"Fruit Juice"},{"floor":12.0,"key":"Energy Potion"},{"floor":12.0,"key":"Energy Potion"}],"is_trial":false,"path_per_floor":["M","$","M","M","M","R","E","R","T","E","M","?","M","E","R","B"],"character_chosen":"IRONCLAD","items_purchased":[],"campfire_rested":0,"item_purchase_floors":[],"current_hp_per_floor":[80,80,80,80,67,67,52,52,62,67,76,76,74,59,59,0],"gold":188,"neow_bonus":"RANDOM_COLORLESS","is_prod":false,"is_daily":false,"chose_seed":false,"campfire_upgraded":3,"win_rate":0,"timestamp":1554070857,"path_taken":["M","$","M","M","?","R","E","R","T","E","M","?","M","E","R","BOSS"],"build_version":"2019-01-23","purchased_purges":1,"victory":false,"max_hp_per_floor":[80,80,80,80,80,80,82,82,92,94,99,99,101,101,101,101],"card_choices":[{"not_picked":["Clothesline","Dropkick"],"picked":"Anger","floor":1.0},{"not_picked":["Heavy Blade","Havoc"],"picked":"Headbutt","floor":3.0},{"not_picked":["True Grit","Sentinel"],"picked":"Hemokinesis","floor":4.0},{"not_picked":["Heavy Blade","True Grit"],"picked":"Flex","floor":5.0},{"not_picked":["Brutality","True Grit","Flame Barrier"],"picked":"Singing Bowl","floor":7.0},{"not_picked":["Disarm","Wild Strike","Shockwave"],"picked":"Singing Bowl","floor":10.0},{"not_picked":["True Grit","Power Through"],"picked":"Anger+1","floor":11.0},{"not_picked":["Clothesline+1","Havoc","Infernal Blade"],"picked":"Singing Bowl","floor":13.0},{"not_picked":["Seeing Red","Carnage+1"],"picked":"Infernal Blade","floor":14.0}],"player_experience":157302,"relics_obtained":[{"floor":7.0,"key":"Singing Bowl"},{"floor":9.0,"key":"Pear"},{"floor":10.0,"key":"Molten Egg 2"},{"floor":14.0,"key":"Omamori"}],"event_choices":[{"damage_healed":0.0,"max_hp_gain":0.0,"max_hp_loss":0.0,"gold_gain":0.0,"event_name":"Lab","player_choice":"Got Potions","floor":12.0,"gold_loss":0.0,"damage_taken":0.0}],"is_beta":false,"boss_relics":[],"items_purged_floors":[2],"is_endless":false,"potions_floor_spawned":[1,4,5,7,11],"killed_by":"The Guardian","ascension_level":2}