{"gold_per_floor":[110,110,126,126,145,145,158,183,210,210,210,210,292,322,322,424,424,443,332,352,58,69,69,89,123,123,123,38,38,38,38,38,139,139,150,25,25,43,43,43,69,69,69,86,86,116,135,0,0,0],"floor_reached":51,"playtime":2426,"items_purged":["Strike_B","Strike_B","Defend_B"],"score":763,"play_id":"cb166502-8483-4260-9ab8-b0fc668ebcdf","local_time":"20190619200401","is_ascension_mode":true,"campfire_choices":[{"data":"Darkness","floor":6.0,"key":"SMITH"},{"data":"Static Discharge","floor":10.0,"key":"SMITH"},{"floor":12.0,"key":"REST"},{"data":"Creative AI","floor":15.0,"key":"SMITH"},{"floor":23.0,"key":"REST"},{"floor":27.0,"key":"REST"},{"data":"Multi-Cast","floor":32.0,"key":"SMITH"},{"data":"Biased Cognition","floor":40.0,"key":"SMITH"},{"floor":42.0,"key":"REST"},{"floor":49,"key":"REST"}],"neow_cost":"NONE","seed_source_timestamp":5598989875694241,"circlet_count":0,"master_deck":["Defend_B","Defend_B","Zap","Dualcast","Ball Lightning","Auto Shields","Darkness+1","Steam","Static Discharge+1","Creative AI+1","Multi-Cast+1","Rebound+1","Storm","Hologram","Biased Cognition+1","Double Energy+1","Double Energy+1","Multi-Cast+1","Recycle+1","Lockon+1","Reinforced Body+1","Tempest+1","Conserve Battery+1","Tempest+1"],"special_seed":0,"relics":["Cracked Core","NeowsBlessing","Bag of Marbles","Centennial Puzzle","Letter Opener","Regal Pillow","Inserter","Chemical X","Toxic Egg 2","Bottled Flame","Gambling Chip","Sozu","Potion Belt","Anchor","Blue Candle","Red Mask"],"potions_floor_usage":[50],"damage_taken":[{"damage":0.0,"enemies":"Small Slimes","floor":1.0,"turns":1.0},{"damage":0.0,"enemies":"Jaw Worm","floor":3.0,"turns":1.0},{"damage":0.0,"enemies":"Cultist","floor":5.0,"turns":1.0},{"damage":9.0,"enemies":"3 Louse","floor":7.0,"turns":3.0},{"damage":36.0,"enemies":"3 Sentries","floor":8.0,"turns":7.0},{"damage":12.0,"enemies":"Gremlin Nob","floor":14.0,"turns":4.0},{"damage":39.0,"enemies":"Slime Boss","floor":16.0,"turns":8.0},{"damage":19.0,"enemies":"2 Thieves","floor":18.0,"turns":3.0},{"damage":0.0,"enemies":"Chosen","floor":20.0,"turns":3.0},{"damage":22.0,"enemies":"Sentry and Sphere","floor":22.0,"turns":4.0},{"damage":21.0,"enemies":"Shelled Parasite and Fungi","floor":24.0,"turns":3.0},{"damage":29.0,"enemies":"Book of Stabbing","floor":25.0,"turns":4.0},{"damage":17.0,"enemies":"Automaton","floor":33.0,"turns":4.0},{"damage":0.0,"enemies":"3 Shapes","floor":35.0,"turns":2.0},{"damage":11.0,"enemies":"3 Darklings","floor":38.0,"turns":4.0},{"damage":14.0,"enemies":"Nemesis","floor":41.0,"turns":3.0},{"damage":0.0,"enemies":"Spire Growth","floor":44.0,"turns":2.0},{"damage":16.0,"enemies":"Giant Head","floor":46.0,"turns":6.0},{"damage":0,"enemies":"4 Shapes","floor":47,"turns":3},{"damage":66,"enemies":"Time Eater","floor":50,"turns":5}],"seed_played":"5514564403977158577","potions_obtained":[{"floor":1.0,"key":"Swift Potion"},{"floor":3.0,"key":"Regen Potion"},{"floor":5.0,"key":"Explosive Potion"}],"is_trial":false,"path_per_floor":["M","?","M","?","M","R","M","E","T","R","?","R","T","E","R","B",null,"M","$","M","$","M","R","M","E","T","R","?","?","?","$","R","B",null,"M","$","?","M","?","R","E","R","T","M","?","E","M","?","R","B",null],"character_chosen":"DEFECT","items_purchased":["Storm","Chemical X"],"campfire_rested":5,"item_purchase_floors":[19,21],"current_hp_per_floor":[75,75,75,75,75,75,66,30,30,30,30,52,52,40,40,1,75,56,56,56,56,34,71,50,21,21,58,58,58,58,58,58,41,75,75,75,71,60,60,60,46,71,71,71,71,55,55,55,71,10],"gold":0,"neow_bonus":"THREE_ENEMY_KILL","is_prod":false,"is_daily":false,"chose_seed":false,"campfire_upgraded":5,"win_rate":0,"timestamp":1560992641,"path_taken":["M","?","M","?","?","R","M","E","T","R","?","R","?","E","R","BOSS","M","$","M","$","M","R","M","E","T","R","?","?","?","?","R","BOSS","M","$","?","M","?","R","E","R","T","M","?","E","M","?","R","BOSS"],"build_version":"2019-01-23","purchased_purges":3,"victory":true,"max_hp_per_floor":[75,75,75,75,75,75,75,75,75,75,75,75,75,75,75,75,75,75,75,75,75,75,75,75,75,75,75,75,75,75,75,75,75,75,75,75,71,71,71,71,71,71,71,71,71,71,71,71,71,71],"card_choices":[{"not_picked":["Rip and Tear","Gash"],"picked":"Ball Lightning","floor":1.0},{"not_picked":["Stack","Heatsinks"],"picked":"Auto Shields","floor":3.0},{"not_picked":["Redo","Compile Driver"],"picked":"Darkness","floor":5.0},{"not_picked":["Ball Lightning","Steam Power"],"picked":"Steam","floor":7.0},{"not_picked":["Steam Power","Compile Driver"],"picked":"Static Discharge","floor":8.0},{"not_picked":["Coolheaded","Leap"],"picked":"Creative AI","floor":14.0},{"not_picked":["Buffer","Machine Learning"],"picked":"Multi-Cast","floor":16.0},{"not_picked":["Melter","Streamline"],"picked":"Rebound+1","floor":18.0},{"not_picked":["Sweeping Beam","Coolheaded","Go for the Eyes"],"picked":"SKIP","floor":20.0},{"not_picked":["Steam Power+1","Sweeping Beam"],"picked":"Hologram","floor":22.0},{"not_picked":["Stack","Rebound"],"picked":"Biased Cognition","floor":24.0},{"not_picked":["Reboot","Conserve Battery+1"],"picked":"Double Energy","floor":25.0},{"not_picked":["Machine Learning","Echo Form"],"picked":"Multi-Cast+1","floor":33.0},{"not_picked":["Doom and Gloom","Reprogram+1"],"picked":"Recycle+1","floor":35.0},{"not_picked":["Go for the Eyes","Conserve Battery+1"],"picked":"Lockon+1","floor":38.0},{"not_picked":["Barrage+1","Go for the Eyes"],"picked":"Reinforced Body+1","floor":41.0},{"not_picked":["Capacitor","Scrape+1"],"picked":"Tempest+1","floor":44.0},{"not_picked":["Ball Lightning","Chaos+1"],"picked":"Conserve Battery+1","floor":46.0},{"not_picked":["Gash","Compile Driver+1"],"picked":"Tempest+1","floor":47}],"player_experience":132481,"relics_obtained":[{"floor":8.0,"key":"Bag of Marbles"},{"floor":9.0,"key":"Centennial Puzzle"},{"floor":13.0,"key":"Letter Opener"},{"floor":14.0,"key":"Regal Pillow"},{"floor":25.0,"key":"Toxic Egg 2"},{"floor":26.0,"key":"Bottled Flame"},{"floor":41.0,"key":"Potion Belt"},{"floor":43.0,"key":"Anchor"},{"floor":46.0,"key":"Blue Candle"}],"event_choices":[{"cards_removed":["Strike_B"],"damage_healed":0.0,"max_hp_gain":0.0,"max_hp_loss":0.0,"gold_gain":0.0,"event_name":"Living Wall","player_choice":"Forget","floor":2.0,"gold_loss":0.0,"damage_taken":0.0},{"cards_removed":["Defend_B"],"damage_healed":0.0,"max_hp_gain":0.0,"max_hp_loss":0.0,"gold_gain":0.0,"event_name":"Bonfire Elementals","player_choice":"Offered Basic","floor":4.0,"gold_loss":0.0,"damage_taken":0.0},{"damage_healed":0.0,"max_hp_gain":0.0,"max_hp_loss":0.0,"gold_gain":0.0,"event_name":"Liars Game","player_choice":"Ignored","floor":11.0,"gold_loss":0.0,"damage_taken":0.0},{"damage_healed":0.0,"max_hp_gain":0.0,"max_hp_loss":0.0,"gold_gain":0.0,"event_name":"Addict","player_choice":"Obtained Relic","floor":28.0,"gold_loss":85.0,"damage_taken":0.0,"relics_obtained":["Gambling Chip"]},{"damage_healed":0.0,"max_hp_gain":0.0,"max_hp_loss":0.0,"gold_gain":0.0,"event_name":"The Library","player_choice":"Read","floor":29.0,"gold_loss":0.0,"damage_taken":0.0,"cards_obtained":["Double Energy"]},{"damage_healed":0.0,"max_hp_gain":0.0,"max_hp_loss":0.0,"gold_gain":0.0,"event_name":"Ghosts","player_choice":"Ignored","floor":30.0,"gold_loss":0.0,"damage_taken":0.0},{"damage_healed":0.0,"max_hp_gain":0.0,"max_hp_loss":4.0,"gold_gain":0.0,"event_name":"Winding Halls","player_choice":"Max HP","floor":37.0,"gold_loss":0.0,"damage_taken":0.0},{"damage_healed":0.0,"max_hp_gain":0.0,"max_hp_loss":0.0,"gold_gain":0.0,"event_name":"Mysterious Sphere","player_choice":"Ignored","floor":39.0,"gold_loss":0.0,"damage_taken":0.0},{"cards_removed":["Strike_B"],"damage_healed":0.0,"max_hp_gain":0.0,"max_hp_loss":0.0,"gold_gain":0.0,"event_name":"Falling","player_choice":"Removed Attack","floor":45.0,"gold_loss":0.0,"damage_taken":0.0},{"damage_healed":0,"gold_gain":0,"player_choice":"Paid","damage_taken":0,"relics_obtained":["Red Mask"],"max_hp_gain":0,"max_hp_loss":0,"event_name":"Tomb of Lord Red Mask","floor":48,"gold_loss":135}],"is_beta":false,"boss_relics":[{"not_picked":["FrozenCore","Runic Pyramid"],"picked":"Inserter"},{"not_picked":["Lizard Tail","Busted Crown"],"picked":"Sozu"}],"items_purged_floors":[19,21,36],"is_endless":false,"potions_floor_spawned":[1,3,5,14,18,20,24,35,44],"ascension_level":1}