{"gold_per_floor":[115,126,10,10,10,10,44,63,88,88,123,123,133,133,133,228,228,247,247,266,58,58,58,58],"floor_reached":24,"playtime":3569,"items_purged":[],"score":323,"play_id":"df31eb66-ddc0-4f72-9a3e-8ddf4c25ad8a","local_time":"20190315175032","is_ascension_mode":true,"campfire_choices":[{"data":"Neutralize","floor":6.0,"key":"SMITH"},{"data":"Well Laid Plans","floor":10.0,"key":"SMITH"},{"data":"Night Terror","floor":15,"key":"SMITH"},{"floor":23,"key":"REST"}],"neow_cost":"NONE","seed_source_timestamp":0,"circlet_count":0,"master_deck":["AscendersBane","Defend_G","Defend_G","Defend_G","Defend_G","Defend_G","Strike_G","Strike_G","Strike_G","Survivor","Neutralize+1","Predator","Calculated Gamble","Well Laid Plans+1","Endless Agony","Die Die Die","Backflip","PiercingWail","Night Terror+1","Doppelganger","Backstab","Flying Knee","Tactician","Well Laid Plans","Leg Sweep","Bullet Time","Infinite Blades","Finisher","Decay"],"special_seed":0,"relics":["Ring of the Snake","Smiling Mask","Ancient Tea Set","The Courier","Orrery","Chemical X"],"potions_floor_usage":[16,24,24],"damage_taken":[{"damage":0.0,"enemies":"Cultist","floor":1.0,"turns":5.0},{"damage":0.0,"enemies":"Jaw Worm","floor":2.0,"turns":5.0},{"damage":12.0,"enemies":"Gremlin Nob","floor":7.0,"turns":3.0},{"damage":0.0,"enemies":"2 Louse","floor":8.0,"turns":1.0},{"damage":28,"enemies":"Lagavulin","floor":11,"turns":6},{"damage":0,"enemies":"Large Slime","floor":13,"turns":4},{"damage":19,"enemies":"Hexaghost","floor":16,"turns":14},{"damage":1,"enemies":"Spheric Guardian","floor":18,"turns":3},{"damage":26,"enemies":"2 Thieves","floor":20,"turns":4},{"damage":64,"enemies":"Gremlin Leader","floor":24,"turns":10}],"seed_played":"4279212126378211275","potions_obtained":[{"floor":0.0,"key":"LiquidBronze"},{"floor":0.0,"key":"Weak Potion"},{"floor":1.0,"key":"Fire Potion"},{"floor":11,"key":"Ancient Potion"},{"floor":16,"key":"Fire Potion"},{"floor":20,"key":"Explosive Potion"}],"is_trial":false,"path_per_floor":["M","M","$","?","?","R","E","M","T","R","E","?","M","?","R","B",null,"M","?","M","$","?","R","E"],"character_chosen":"THE_SILENT","items_purchased":["Well Laid Plans","Endless Agony","Chemical X","Finisher"],"campfire_rested":1,"item_purchase_floors":[3,3,21,21],"current_hp_per_floor":[63,63,63,63,63,63,51,51,51,51,23,28,28,28,28,9,59,58,58,32,32,32,54,0],"gold":58,"neow_bonus":"THREE_SMALL_POTIONS","is_prod":false,"is_daily":false,"chose_seed":false,"campfire_upgraded":3,"win_rate":0,"timestamp":1552686632,"path_taken":["M","?","$","?","?","R","E","M","T","R","E","?","M","?","R","BOSS","M","?","M","$","?","R","E"],"build_version":"2019-01-23","purchased_purges":0,"victory":false,"max_hp_per_floor":[70,70,70,70,70,70,70,70,70,70,70,75,75,75,75,75,75,75,75,75,75,75,75,75],"card_choices":[{"not_picked":["Prepared","Blade Dance"],"picked":"Predator","floor":1.0},{"not_picked":["Outmaneuver","Tactician"],"picked":"Calculated Gamble","floor":2.0},{"not_picked":["Outmaneuver","Dagger Spray"],"picked":"Die Die Die","floor":7.0},{"not_picked":["Well Laid Plans","Dagger Throw","Masterful Stab"],"picked":"SKIP","floor":8.0},{"not_picked":["Sucker Punch","Acrobatics"],"picked":"Backflip","floor":11},{"not_picked":["Crippling Poison","Eviscerate"],"picked":"PiercingWail","floor":13},{"not_picked":["Burst","Envenom"],"picked":"Doppelganger","floor":16},{"not_picked":["Concentrate","Prepared"],"picked":"Backstab","floor":17},{"not_picked":["Bane","Deadly Poison"],"picked":"Flying Knee","floor":17},{"not_picked":["Flying Knee","Underhanded Strike"],"picked":"Tactician","floor":17},{"not_picked":["Sucker Punch","Masterful Stab"],"picked":"Well Laid Plans","floor":17},{"not_picked":["Bane","Flechettes","Dagger Throw"],"picked":"SKIP","floor":18},{"not_picked":["Catalyst","Setup"],"picked":"Infinite Blades","floor":20}],"player_experience":1893166,"relics_obtained":[{"floor":7.0,"key":"Smiling Mask"},{"floor":9.0,"key":"Ancient Tea Set"},{"floor":11,"key":"The Courier"}],"event_choices":[{"damage_healed":0.0,"max_hp_gain":0.0,"max_hp_loss":0.0,"gold_gain":0.0,"event_name":"Liars Game","player_choice":"Ignored","floor":4.0,"gold_loss":0.0,"damage_taken":0.0},{"damage_healed":0.0,"max_hp_gain":0.0,"max_hp_loss":0.0,"gold_gain":0.0,"event_name":"The Cleric","player_choice":"Leave","floor":5.0,"gold_loss":0.0,"damage_taken":0.0},{"damage_healed":0,"gold_gain":0,"player_choice":"Donut","damage_taken":0,"max_hp_gain":5,"max_hp_loss":0,"event_name":"Big Fish","floor":12,"gold_loss":0},{"damage_healed":0,"gold_gain":0,"player_choice":"1 cards matched","damage_taken":0,"max_hp_gain":0,"max_hp_loss":0,"event_name":"Match and Keep!","floor":14,"gold_loss":0,"cards_obtained":["Night Terror"]},{"damage_healed":0,"gold_gain":0,"cards_transformed":["Strike_G","Strike_G"],"player_choice":"Became Test Subject","damage_taken":0,"max_hp_gain":0,"max_hp_loss":0,"event_name":"Drug Dealer","floor":19,"gold_loss":0,"cards_obtained":["Leg Sweep","Bullet Time"]},{"damage_healed":0,"gold_gain":0,"player_choice":"Smashed Altar","damage_taken":0,"max_hp_gain":0,"max_hp_loss":0,"event_name":"Forgotten Altar","floor":22,"gold_loss":0,"cards_obtained":["Decay"]}],"is_beta":false,"boss_relics":[{"not_picked":["White Beast Statue","Lizard Tail"],"picked":"Orrery"}],"items_purged_floors":[],"is_endless":false,"potions_floor_spawned":[1,11,16,18,20],"killed_by":"Gremlin Leader","ascension_level":12}