{"gold_per_floor":[109,109,109,122,133,133,158,60,60,60,60,118,131,157,157,256,256,268,279,314,33,33,59,79,79],"floor_reached":25,"playtime":9253,"items_purged":["Decay"],"score":336,"play_id":"47efa265-b582-476d-b086-d2f0626e4a33","local_time":"20190621164910","is_ascension_mode":true,"campfire_choices":[{"data":"Neutralize","floor":6,"key":"SMITH"},{"floor":10,"key":"REST"},{"floor":15,"key":"REST"}],"neow_cost":"NONE","seed_source_timestamp":187906156232800,"circlet_count":0,"master_deck":["Defend_G","Defend_G","Defend_G","Defend_G","Defend_G","Strike_G","Strike_G","Strike_G+1","Strike_G","Survivor","Neutralize+1","Flying Knee","Slice","Sucker Punch","Poisoned Stab+1","Deadly Poison","Infinite Blades","Parasite","Sucker Punch+1","Die Die Die+1","Backflip","Deadly Poison+1","Deadly Poison"],"relics":["Ring of the Snake","Blood Vial","Molten Egg 2","Pear","Potion Belt","Busted Crown","Red Mask","Lee\u0027s Waffle","Whetstone"],"potions_floor_usage":[12,12],"damage_taken":[{"damage":15,"enemies":"Jaw Worm","floor":1,"turns":7},{"damage":1,"enemies":"2 Louse","floor":4,"turns":5},{"damage":2,"enemies":"Cultist","floor":5,"turns":4},{"damage":39,"enemies":"Gremlin Nob","floor":7,"turns":6},{"damage":14,"enemies":"Gremlin Nob","floor":12,"turns":5},{"damage":2,"enemies":"3 Louse","floor":13,"turns":3},{"damage":26,"enemies":"3 Sentries","floor":14,"turns":5},{"damage":44,"enemies":"Hexaghost","floor":16,"turns":11},{"damage":17,"enemies":"Chosen","floor":18,"turns":5},{"damage":27,"enemies":"Shell Parasite","floor":19,"turns":6},{"damage":25,"enemies":"Masked Bandits","floor":20,"turns":4},{"damage":50,"enemies":"Book of Stabbing","floor":23,"turns":6},{"damage":23,"enemies":"Snake Plant","floor":24,"turns":5},{"damage":44,"enemies":"Slavers","floor":25,"turns":3}],"seed_played":"8099532279742443564","potions_obtained":[{"floor":4,"key":"Ancient Potion"},{"floor":7,"key":"Block Potion"},{"floor":24,"key":"SpeedPotion"}],"is_trial":false,"path_per_floor":["M","?","?","M","M","R","E","$","T","R","?","?","M","E","R","B",null,"M","M","?","$","?","E","M","E"],"character_chosen":"THE_SILENT","items_purchased":["Deadly Poison","Infinite Blades","Lee\u0027s Waffle"],"campfire_rested":2,"item_purchase_floors":[8,8,21],"current_hp_per_floor":[62,55,55,54,52,52,13,13,13,36,55,53,53,29,55,13,69,54,29,6,94,104,54,33,0],"gold":79,"neow_bonus":"TEN_PERCENT_HP_BONUS","is_prod":false,"is_daily":false,"chose_seed":false,"campfire_upgraded":1,"win_rate":0,"timestamp":1561153750,"path_taken":["M","?","?","M","?","R","E","$","T","R","?","?","M","E","R","BOSS","M","M","?","$","?","E","?","E"],"build_version":"2019-01-23","purchased_purges":1,"victory":false,"max_hp_per_floor":[77,77,77,77,77,77,77,77,77,77,77,87,87,87,87,87,87,87,87,87,94,104,104,104,104],"card_choices":[{"not_picked":["Dagger Spray","Quick Slash"],"picked":"Flying Knee","floor":1},{"not_picked":["Prepared","Calculated Gamble"],"picked":"Slice","floor":4},{"not_picked":["Predator","Outmaneuver"],"picked":"Sucker Punch","floor":5},{"not_picked":["Choke","Dagger Spray"],"picked":"Poisoned Stab","floor":7},{"not_picked":["Slice+1","Distraction"],"picked":"Sucker Punch+1","floor":12},{"not_picked":["Predator+1","Terror"],"picked":"Die Die Die+1","floor":13},{"not_picked":["Unload+1","Acrobatics"],"picked":"Backflip","floor":14},{"not_picked":["Phantasmal Killer","Adrenaline"],"picked":"Envenom","floor":16},{"not_picked":[],"picked":"Deadly Poison+1","floor":18},{"not_picked":["Leg Sweep"],"picked":"SKIP","floor":19},{"not_picked":["Dodge and Roll"],"picked":"SKIP","floor":23},{"not_picked":[],"picked":"Deadly Poison","floor":24}],"player_experience":480300,"relics_obtained":[{"floor":7,"key":"Blood Vial"},{"floor":9,"key":"Molten Egg 2"},{"floor":12,"key":"Pear"},{"floor":14,"key":"Potion Belt"},{"floor":20,"key":"Red Mask"},{"floor":23,"key":"Whetstone"}],"event_choices":[{"cards_removed":["Strike_G"],"damage_healed":0,"gold_gain":0,"player_choice":"Card Removal","damage_taken":7,"max_hp_gain":0,"max_hp_loss":0,"event_name":"Golden Wing","floor":2,"gold_loss":0},{"damage_healed":0,"gold_gain":0,"player_choice":"Cursed","damage_taken":0,"max_hp_gain":0,"max_hp_loss":0,"event_name":"Wheel of Change","floor":3,"gold_loss":0,"cards_obtained":["Decay"]},{"damage_healed":19,"gold_gain":0,"player_choice":"Healed and dodged fight","damage_taken":0,"max_hp_gain":0,"max_hp_loss":0,"event_name":"Mushrooms","floor":11,"gold_loss":0,"cards_obtained":["Parasite"]},{"damage_healed":0,"gold_gain":30,"player_choice":"Searched \u00272\u0027 times","damage_taken":0,"max_hp_gain":0,"max_hp_loss":0,"event_name":"Dead Adventurer","floor":12,"gold_loss":0},{"damage_healed":0,"gold_gain":0,"player_choice":"Fought Bandits","damage_taken":0,"max_hp_gain":0,"max_hp_loss":0,"event_name":"Masked Bandits","floor":20,"gold_loss":0},{"cards_removed":["Envenom"],"damage_healed":0,"gold_gain":0,"player_choice":"Offered Rare","damage_taken":0,"max_hp_gain":10,"max_hp_loss":0,"event_name":"Bonfire Elementals","floor":22,"gold_loss":0}],"is_beta":false,"boss_relics":[{"not_picked":["Velvet Choker","Runic Dome"],"picked":"Busted Crown"}],"items_purged_floors":[21],"is_endless":false,"potions_floor_spawned":[4,7,24],"killed_by":"Slavers","ascension_level":5}