{"gold_per_floor":[114,114,41,41,41,84,104,104,151,151,151,194,229,260,272,373,385,413,350,380,392,422,434,490,502,561,591,603],"floor_reached":28,"playtime":2992,"items_purged":[],"score":474,"play_id":"b4cf585f-10c4-451f-a3c6-99ad4b06153d","local_time":"20190509111517","is_ascension_mode":true,"campfire_choices":[{"data":"Footwork","floor":8,"key":"SMITH"},{"floor":11,"key":"REST"},{"data":"Neutralize","floor":15,"key":"SMITH"},{"data":"Malaise","floor":23,"key":"SMITH"},{"data":"Bouncing Flask","floor":25,"key":"SMITH"}],"neow_cost":"NONE","seed_source_timestamp":176390429322450,"circlet_count":0,"master_deck":["AscendersBane","Defend_G+1","Defend_G+1","Defend_G+1","Defend_G+1","Defend_G+1","Strike_G+1","Strike_G+1","Strike_G+1","Survivor","Neutralize+1","Flechettes","Footwork+1","Deadly Poison","Flying Knee","Sucker Punch","PiercingWail","Calculated Gamble","Bouncing Flask+1","Malaise+1","Bouncing Flask","Footwork","Cloak And Dagger","Caltrops","Doubt","Backflip"],"relics":["Ring of the Snake","NeowsBlessing","Pear","Golden Idol","Orichalcum","Dream Catcher","MawBank","Cursed Key","Centennial Puzzle","Omamori"],"potions_floor_usage":[14,24,28,28],"damage_taken":[{"damage":0,"enemies":"Jaw Worm","floor":1,"turns":1},{"damage":0,"enemies":"3 Sentries","floor":6,"turns":1},{"damage":0,"enemies":"2 Louse","floor":7,"turns":1},{"damage":16,"enemies":"Gremlin Nob","floor":12,"turns":5},{"damage":1,"enemies":"Small Slimes","floor":13,"turns":2},{"damage":5,"enemies":"3 Louse","floor":14,"turns":4},{"damage":3,"enemies":"Hexaghost","floor":16,"turns":9},{"damage":0,"enemies":"Shell Parasite","floor":18,"turns":5},{"damage":9,"enemies":"3 Byrds","floor":20,"turns":7},{"damage":5,"enemies":"Centurion and Healer","floor":22,"turns":11},{"damage":12,"enemies":"Book of Stabbing","floor":24,"turns":9},{"damage":22,"enemies":"3 Cultists","floor":27,"turns":8},{"damage":8,"enemies":"Slavers","floor":28,"turns":3}],"seed_played":"-4568179500807676519","potions_obtained":[{"floor":12,"key":"SteroidPotion"},{"floor":13,"key":"GamblersBrew"},{"floor":20,"key":"Strength Potion"},{"floor":27,"key":"Explosive Potion"}],"is_trial":false,"path_per_floor":["M","?","$","?","?","E","M","R","T","?","R","E","M","M","R","B",null,"M","?","M","?","M","R","E","R","T","M","E"],"character_chosen":"THE_SILENT","items_purchased":["Footwork"],"campfire_rested":1,"item_purchase_floors":[3],"current_hp_per_floor":[59,51,51,28,28,28,28,28,28,21,41,25,24,19,19,16,56,56,56,47,47,42,42,30,30,30,8,0],"gold":603,"neow_bonus":"THREE_ENEMY_KILL","is_prod":false,"is_daily":false,"chose_seed":false,"campfire_upgraded":4,"win_rate":0,"timestamp":1557414917,"path_taken":["M","?","$","?","?","E","M","R","T","?","R","E","?","M","R","BOSS","M","?","M","?","M","R","E","R","T","M","E"],"build_version":"2019-01-23","purchased_purges":0,"victory":false,"max_hp_per_floor":[66,76,76,76,69,69,69,69,69,69,69,69,69,69,69,69,69,69,69,69,69,69,69,69,69,69,69,69],"card_choices":[{"not_picked":["Acrobatics","Calculated Gamble"],"picked":"Flechettes","floor":1},{"not_picked":["Backflip","Riddle With Holes"],"picked":"Deadly Poison","floor":6},{"not_picked":["Setup","Dodge and Roll"],"picked":"Flying Knee","floor":7},{"not_picked":["Phantasmal Killer","Dagger Spray"],"picked":"Sucker Punch","floor":11},{"not_picked":["Poisoned Stab","Flying Knee"],"picked":"PiercingWail","floor":12},{"not_picked":["Skewer","Concentrate"],"picked":"Calculated Gamble","floor":13},{"not_picked":["Backstab","Blur"],"picked":"Bouncing Flask","floor":14},{"not_picked":["Envenom","Glass Knife"],"picked":"Malaise","floor":16},{"not_picked":["Prepared","Slice+1"],"picked":"Bouncing Flask","floor":18},{"not_picked":["Expertise","Infinite Blades"],"picked":"Footwork","floor":20},{"not_picked":["Leg Sweep","Flying Knee"],"picked":"Cloak And Dagger","floor":22},{"not_picked":["Flying Knee","Backstab"],"picked":"Caltrops","floor":24},{"not_picked":["Cloak And Dagger","Eviscerate"],"picked":"Backflip","floor":27}],"player_experience":2143394,"relics_obtained":[{"floor":6,"key":"Orichalcum"},{"floor":9,"key":"Dream Catcher"},{"floor":12,"key":"MawBank"},{"floor":24,"key":"Centennial Puzzle"},{"floor":26,"key":"Omamori"}],"event_choices":[{"damage_healed":0,"gold_gain":0,"player_choice":"Success","damage_taken":18,"relics_obtained":["Pear"],"max_hp_gain":0,"max_hp_loss":0,"event_name":"Scrap Ooze","floor":2,"gold_loss":0},{"damage_healed":0,"gold_gain":0,"player_choice":"Entered Light","damage_taken":23,"max_hp_gain":0,"max_hp_loss":0,"event_name":"Shining Light","floor":4,"gold_loss":0,"cards_upgraded":["Strike_G","Strike_G"]},{"damage_healed":0,"gold_gain":0,"player_choice":"Lose Max HP","damage_taken":0,"relics_obtained":["Golden Idol"],"max_hp_gain":0,"max_hp_loss":7,"event_name":"Golden Idol","floor":5,"gold_loss":0},{"cards_removed":["Strike_G"],"damage_healed":0,"gold_gain":0,"player_choice":"Card Removal","damage_taken":7,"max_hp_gain":0,"max_hp_loss":0,"event_name":"Golden Wing","floor":10,"gold_loss":0},{"cards_removed":["Strike_G"],"damage_healed":0,"gold_gain":0,"player_choice":"Gave Gold","damage_taken":0,"max_hp_gain":0,"max_hp_loss":0,"event_name":"Beggar","floor":19,"gold_loss":75},{"damage_healed":0,"gold_gain":0,"player_choice":"Simplicity","damage_taken":0,"max_hp_gain":0,"max_hp_loss":0,"event_name":"Back to Basics","floor":21,"gold_loss":0,"cards_upgraded":["Defend_G","Defend_G","Defend_G","Defend_G","Defend_G","Strike_G"]}],"is_beta":false,"boss_relics":[{"not_picked":["Pandora\u0027s Box","White Beast Statue"],"picked":"Cursed Key"}],"items_purged_floors":[],"is_endless":false,"potions_floor_spawned":[12,13,20,22,27],"killed_by":"Slavers","ascension_level":15}