{"gold_per_floor":[116,133,151,151,101,101,127,127,127,127,161,42,61,92,92,170,170,183,199,211,211,281,281,314,314,314,314,413,413,26,126,126,126],"floor_reached":33,"playtime":2173,"items_purged":[],"score":474,"play_id":"b0e15a61-3939-41c6-a3d6-aed6e1cbf526","local_time":"20190408175459","is_ascension_mode":true,"campfire_choices":[{"data":"Neutralize","floor":6,"key":"SMITH"},{"data":"Skewer","floor":8,"key":"SMITH"},{"floor":10,"key":"REST"},{"floor":15,"key":"REST"},{"floor":23,"key":"REST"},{"floor":25,"key":"REST"},{"data":"Noxious Fumes","floor":27,"key":"SMITH"},{"data":"Noxious Fumes","floor":32,"key":"SMITH"}],"neow_cost":"NONE","seed_source_timestamp":590723774734877,"circlet_count":0,"master_deck":["AscendersBane","Defend_G","Defend_G","Defend_G","Defend_G","Defend_G","Strike_G","Strike_G","Survivor","Neutralize+1","PiercingWail","Predator","Skewer+1","Dash","Noxious Fumes+1","Deflect","Catalyst","Catalyst","After Image","Noxious Fumes+1","Backflip","Writhe","All Out Attack","Footwork"],"relics":["Ring of the Snake","Blue Candle","Gremlin Horn","Pen Nib","Ice Cream","Empty Cage","Juzu Bracelet","Dodecahedron","Question Card","Dead Branch"],"potions_floor_usage":[7,14,14,24,33],"damage_taken":[{"damage":1,"enemies":"2 Louse","floor":1,"turns":4},{"damage":2,"enemies":"Jaw Worm","floor":2,"turns":4},{"damage":5,"enemies":"Cultist","floor":3,"turns":5},{"damage":29,"enemies":"3 Sentries","floor":7,"turns":14},{"damage":17,"enemies":"Gremlin Nob","floor":11,"turns":4},{"damage":0,"enemies":"Blue Slaver","floor":13,"turns":4},{"damage":4,"enemies":"Lagavulin","floor":14,"turns":6},{"damage":21,"enemies":"Slime Boss","floor":16,"turns":12},{"damage":0,"enemies":"Spheric Guardian","floor":18,"turns":2},{"damage":18,"enemies":"Shell Parasite","floor":19,"turns":7},{"damage":15,"enemies":"Cultist and Chosen","floor":20,"turns":7},{"damage":40,"enemies":"Book of Stabbing","floor":24,"turns":8},{"damage":53,"enemies":"Champ","floor":33,"turns":12}],"seed_played":"-402926194163319704","potions_obtained":[{"floor":1,"key":"SkillPotion"},{"floor":2,"key":"Poison Potion"},{"floor":11,"key":"AttackPotion"},{"floor":18,"key":"Strength Potion"},{"floor":19,"key":"EssenceOfSteel"},{"floor":20,"key":"Block Potion"}],"is_trial":false,"path_per_floor":["M","M","M","?","?","R","E","R","T","R","E","$","M","E","R","B",null,"M","M","M","?","T","R","E","R","T","R","?","?","$","?","R","B"],"character_chosen":"THE_SILENT","items_purchased":["Noxious Fumes","Deflect","Footwork","Dead Branch"],"campfire_rested":4,"item_purchase_floors":[12,12,30,30],"current_hp_per_floor":[64,62,57,57,57,57,28,28,28,49,32,32,32,28,49,28,61,61,43,28,28,28,49,9,30,30,30,30,30,30,30,30,0],"gold":126,"neow_bonus":"TEN_PERCENT_HP_BONUS","is_prod":false,"is_daily":false,"chose_seed":false,"campfire_upgraded":4,"win_rate":0,"timestamp":1554760499,"path_taken":["M","M","M","?","?","R","E","R","T","R","E","$","M","E","R","BOSS","M","M","M","?","?","R","E","R","T","R","?","?","$","?","R","BOSS"],"build_version":"2019-01-23","purchased_purges":0,"victory":false,"max_hp_per_floor":[72,72,72,72,72,72,72,72,72,72,72,72,72,72,72,72,72,72,72,72,72,72,72,72,72,72,72,72,72,72,72,72,72],"card_choices":[{"not_picked":["Blur","Deflect"],"picked":"PiercingWail","floor":1},{"not_picked":["Dagger Throw","Setup"],"picked":"Predator","floor":2},{"not_picked":["Acrobatics","Bane"],"picked":"Skewer","floor":3},{"not_picked":["Prepared","Phantasmal Killer"],"picked":"Dash","floor":7},{"not_picked":["Quick Slash","Sucker Punch","Dodge and Roll"],"picked":"SKIP","floor":11},{"not_picked":["Flechettes","Heel Hook"],"picked":"Catalyst","floor":13},{"not_picked":["Backstab","Concentrate"],"picked":"Catalyst","floor":14},{"not_picked":["Phantasmal Killer","Venomology"],"picked":"After Image","floor":16},{"not_picked":["Sucker Punch","Acrobatics"],"picked":"Noxious Fumes","floor":18},{"not_picked":["Tactician","Dagger Spray","Bane+1"],"picked":"SKIP","floor":19},{"not_picked":["Concentrate","Flying Knee"],"picked":"Backflip","floor":20},{"not_picked":["Predator","Prepared","Dagger Spray"],"picked":"SKIP","floor":24}],"player_experience":2097719,"relics_obtained":[{"floor":7,"key":"Blue Candle"},{"floor":9,"key":"Gremlin Horn"},{"floor":11,"key":"Pen Nib"},{"floor":14,"key":"Ice Cream"},{"floor":22,"key":"Dodecahedron"},{"floor":24,"key":"Question Card"}],"event_choices":[{"damage_healed":0,"gold_gain":0,"player_choice":"Ignored","damage_taken":0,"max_hp_gain":0,"max_hp_loss":0,"event_name":"Liars Game","floor":4,"gold_loss":0},{"cards_removed":["Strike_G"],"damage_healed":0,"gold_gain":0,"player_choice":"Card Removal","damage_taken":0,"max_hp_gain":0,"max_hp_loss":0,"event_name":"The Cleric","floor":5,"gold_loss":50},{"damage_healed":0,"gold_gain":0,"player_choice":"Opened","damage_taken":0,"relics_obtained":["Juzu Bracelet"],"max_hp_gain":0,"max_hp_loss":0,"event_name":"The Mausoleum","floor":21,"gold_loss":0,"cards_obtained":["Writhe"]},{"damage_healed":0,"gold_gain":99,"player_choice":"Stole From Cult","damage_taken":0,"max_hp_gain":0,"max_hp_loss":0,"event_name":"Nest","floor":28,"gold_loss":0},{"damage_healed":0,"gold_gain":0,"player_choice":"Read","damage_taken":0,"max_hp_gain":0,"max_hp_loss":0,"event_name":"The Library","floor":29,"gold_loss":0,"cards_obtained":["All Out Attack"]},{"damage_healed":0,"gold_gain":100,"player_choice":"Pray","damage_taken":0,"max_hp_gain":0,"max_hp_loss":0,"event_name":"Golden Shrine","floor":31,"gold_loss":0}],"is_beta":false,"boss_relics":[{"not_picked":["Black Star","Orrery"],"picked":"Empty Cage"}],"items_purged_floors":[],"is_endless":false,"potions_floor_spawned":[1,2,11,18,19,20],"killed_by":"Champ","ascension_level":14}