{"gold_per_floor":[99,99,19,19,19,19,19,19,19,19,19,19,19,19,19,19,19,19,19,19,19,19,19,19,19,19,19,19,0,0,0,0,0,0,0,0,0,0,0,0,0,0,0,0,0,0,0,0,0,0],"floor_reached":51,"playtime":2384,"items_purged":[],"score":756,"play_id":"242b76ad-0401-489a-a221-008568d6b5f7","local_time":"20190520053505","is_ascension_mode":false,"campfire_choices":[{"data":"Zap","floor":6.0,"key":"SMITH"},{"data":"Hello World","floor":8.0,"key":"SMITH"},{"data":"Dualcast","floor":10.0,"key":"SMITH"},{"data":"Fusion","floor":15.0,"key":"SMITH"},{"floor":28.0,"key":"REST"},{"floor":32.0,"key":"REST"},{"data":"Rainbow","floor":41,"key":"SMITH"},{"data":"Seek","floor":45,"key":"SMITH"},{"data":"Thunder Strike","floor":47,"key":"SMITH"},{"floor":49,"key":"REST"}],"neow_cost":"NONE","seed_source_timestamp":44206725549485,"circlet_count":0,"master_deck":["Strike_B+1","Strike_B+1","Strike_B+1","Strike_B+1","Defend_B+1","Defend_B+1","Defend_B+1","Defend_B+1","Zap+1","Dualcast+1","Rebound","Creative AI","Hello World+1","Reinforced Body","Fusion+1","Cold Snap","Rainbow+1","Coolheaded","Hello World+1","Rainbow+1","Cold Snap+1","All For One","Capacitor+1","Self Repair","Thunder Strike+1","Compile Driver","Steam+1","Recycle+1","Seek+1","Coolheaded","Skim","Conserve Battery+1","Ball Lightning+1"],"special_seed":0,"relics":["Ectoplasm","Omamori","PreservedInsect","Emotion Chip","Black Star","War Paint","Ice Cream","Kunai","Art of War","Lantern","Ginger","Old Coin","Gambling Chip","Philosopher\u0027s Stone","Red Mask","Nunchaku","Incense Burner","Strawberry","Meat on the Bone","Mango"],"potions_floor_usage":[50,50],"damage_taken":[{"damage":0.0,"enemies":"Jaw Worm","floor":1.0,"turns":3.0},{"damage":0.0,"enemies":"Small Slimes","floor":5.0,"turns":4.0},{"damage":20.0,"enemies":"Gremlin Nob","floor":7.0,"turns":4.0},{"damage":1.0,"enemies":"Cultist","floor":11.0,"turns":3.0},{"damage":4.0,"enemies":"3 Sentries","floor":13.0,"turns":4.0},{"damage":0.0,"enemies":"2 Fungi Beasts","floor":14.0,"turns":3.0},{"damage":12.0,"enemies":"Slime Boss","floor":16.0,"turns":8.0},{"damage":4.0,"enemies":"Chosen","floor":18.0,"turns":6.0},{"damage":4.0,"enemies":"3 Byrds","floor":21.0,"turns":5.0},{"damage":32.0,"enemies":"Slavers","floor":23.0,"turns":5.0},{"damage":6.0,"enemies":"Snake Plant","floor":24.0,"turns":5.0},{"damage":16.0,"enemies":"Book of Stabbing","floor":25.0,"turns":5.0},{"damage":2.0,"enemies":"3 Cultists","floor":30.0,"turns":5.0},{"damage":18.0,"enemies":"Gremlin Leader","floor":31.0,"turns":6.0},{"damage":26.0,"enemies":"Collector","floor":33.0,"turns":12.0},{"damage":15.0,"enemies":"3 Darklings","floor":35.0,"turns":7.0},{"damage":0.0,"enemies":"3 Shapes","floor":37.0,"turns":4.0},{"damage":15.0,"enemies":"2 Orb Walkers","floor":38.0,"turns":5.0},{"damage":2,"enemies":"Writhing Mass","floor":39,"turns":6},{"damage":15,"enemies":"Giant Head","floor":40,"turns":8},{"damage":16,"enemies":"Sphere and 2 Shapes","floor":42,"turns":5},{"damage":18,"enemies":"Maw","floor":46,"turns":9},{"damage":23,"enemies":"Mind Bloom Boss Battle","floor":48,"turns":7},{"damage":47,"enemies":"Awakened One","floor":50,"turns":11}],"seed_played":"1391638000015881922","potions_obtained":[{"floor":5.0,"key":"EntropicBrew"},{"floor":7.0,"key":"Explosive Potion"},{"floor":18.0,"key":"GamblersBrew"},{"floor":24.0,"key":"EssenceOfSteel"},{"floor":30.0,"key":"FearPotion"},{"floor":42,"key":"Explosive Potion"},{"floor":46,"key":"SpeedPotion"}],"is_trial":false,"path_per_floor":["M","?","$","?","M","R","E","R","T","R","M","?","?","M","R","B",null,"M","$","?","M","?","E","M","E","T","?","R","?","M","E","R","B",null,"M","?","M","?","M","E","R","M","T","?","R","M","R","?","R","B",null],"character_chosen":"DEFECT","items_purchased":["Creative AI"],"campfire_rested":3,"item_purchase_floors":[3],"current_hp_per_floor":[75,75,75,75,75,75,55,55,55,55,54,54,50,50,50,38,75,71,71,71,67,67,35,29,13,13,13,35,35,33,15,37,18,75,67,67,74,66,71,63,63,54,54,75,75,64,64,74,96,56],"gold":0,"neow_bonus":"BOSS_RELIC","is_prod":false,"is_daily":false,"chose_seed":false,"campfire_upgraded":7,"win_rate":0,"timestamp":1558352105,"path_taken":["M","?","$","?","M","R","E","R","T","R","M","?","?","M","R","BOSS","M","$","?","M","?","E","?","E","T","?","R","?","M","E","R","BOSS","M","?","M","?","M","E","R","?","T","?","R","M","R","?","R","BOSS"],"build_version":"2019-01-23","purchased_purges":0,"victory":true,"max_hp_per_floor":[75,75,75,75,75,75,75,75,75,75,75,75,75,75,75,75,75,75,75,75,75,75,75,75,75,75,75,75,75,75,75,75,75,75,75,75,75,75,75,82,82,82,82,82,82,82,82,96,96,96],"card_choices":[{"not_picked":["Turbo","Barrage"],"picked":"Rebound","floor":1.0},{"not_picked":["Hologram","Auto Shields"],"picked":"Hello World","floor":5.0},{"not_picked":["Turbo","Compile Driver"],"picked":"Reinforced Body","floor":7.0},{"not_picked":["Redo","Coolheaded"],"picked":"Fusion","floor":11.0},{"not_picked":["Redo","Biased Cognition"],"picked":"Cold Snap","floor":13.0},{"not_picked":["Turbo","Scrape","Heatsinks"],"picked":"SKIP","floor":14.0},{"not_picked":["Reboot","Seek"],"picked":"Rainbow","floor":16.0},{"not_picked":["Cold Snap","Stack"],"picked":"Coolheaded","floor":18.0},{"not_picked":["Steam","Stack"],"picked":"Hello World+1","floor":21.0},{"not_picked":["Fusion","Stack"],"picked":"Rainbow","floor":23.0},{"not_picked":["Leap","Conserve Battery"],"picked":"Cold Snap+1","floor":24.0},{"not_picked":["Lockon","Barrage"],"picked":"All For One","floor":25.0},{"not_picked":["Compile Driver","Ball Lightning"],"picked":"Capacitor+1","floor":30.0},{"not_picked":["Stack","Leap"],"picked":"Self Repair","floor":31.0},{"not_picked":["Buffer","Fission"],"picked":"Thunder Strike","floor":33.0},{"not_picked":["Gash+1","Cold Snap+1"],"picked":"Compile Driver","floor":35.0},{"not_picked":["Turbo+1","Chill"],"picked":"Steam+1","floor":37.0},{"not_picked":["Go for the Eyes","Conserve Battery"],"picked":"Recycle+1","floor":38.0},{"not_picked":["Steam+1","Turbo+1"],"picked":"Seek","floor":39},{"not_picked":["Hologram","Storm"],"picked":"Coolheaded","floor":40},{"not_picked":["Melter+1","Barrage"],"picked":"Skim","floor":42},{"not_picked":["Rebound","Leap"],"picked":"Conserve Battery+1","floor":46},{"not_picked":["Scrape","Stack"],"picked":"Ball Lightning+1","floor":48}],"player_experience":1448484,"relics_obtained":[{"floor":7.0,"key":"Omamori"},{"floor":9.0,"key":"PreservedInsect"},{"floor":13.0,"key":"Emotion Chip"},{"floor":23.0,"key":"Ice Cream"},{"floor":23.0,"key":"Kunai"},{"floor":25.0,"key":"Art of War"},{"floor":25.0,"key":"Lantern"},{"floor":26.0,"key":"Ginger"},{"floor":31.0,"key":"Old Coin"},{"floor":31.0,"key":"Gambling Chip"},{"floor":38.0,"key":"Nunchaku"},{"floor":40,"key":"Incense Burner"},{"floor":40,"key":"Strawberry"},{"floor":43,"key":"Meat on the Bone"},{"floor":48,"key":"Mango"}],"event_choices":[{"damage_healed":0.0,"max_hp_gain":0.0,"max_hp_loss":0.0,"gold_gain":0.0,"event_name":"Liars Game","player_choice":"Ignored","floor":2.0,"gold_loss":0.0,"damage_taken":0.0},{"damage_healed":0.0,"max_hp_gain":0.0,"max_hp_loss":0.0,"gold_gain":0.0,"event_name":"The Cleric","player_choice":"Leave","floor":4.0,"gold_loss":0.0,"damage_taken":0.0},{"damage_healed":0.0,"max_hp_gain":0.0,"max_hp_loss":0.0,"gold_gain":0.0,"event_name":"Golden Idol","player_choice":"Ignored","floor":12.0,"gold_loss":0.0,"damage_taken":0.0},{"damage_healed":0.0,"max_hp_gain":0.0,"max_hp_loss":0.0,"gold_gain":0.0,"event_name":"Dead Adventurer","player_choice":"Searched \u00271\u0027 times","floor":13.0,"gold_loss":0.0,"damage_taken":0.0},{"damage_healed":0.0,"max_hp_gain":0.0,"max_hp_loss":0.0,"gold_gain":0.0,"event_name":"The Mausoleum","player_choice":"Opened","floor":20.0,"gold_loss":0.0,"damage_taken":0.0,"relics_obtained":["War Paint"]},{"damage_healed":0.0,"max_hp_gain":0.0,"max_hp_loss":0.0,"gold_gain":0.0,"event_name":"FaceTrader","player_choice":"Leave","floor":22.0,"gold_loss":0.0,"damage_taken":0.0},{"damage_healed":0.0,"max_hp_gain":0.0,"max_hp_loss":0.0,"gold_gain":0.0,"event_name":"Back to Basics","player_choice":"Simplicity","floor":27.0,"gold_loss":0.0,"damage_taken":0.0,"cards_upgraded":["Strike_B","Strike_B","Strike_B","Strike_B","Defend_B","Defend_B","Defend_B"]},{"damage_healed":0.0,"max_hp_gain":0.0,"max_hp_loss":0.0,"gold_gain":0.0,"event_name":"Masked Bandits","player_choice":"Paid Fearfully","floor":29.0,"gold_loss":19.0,"damage_taken":0.0},{"damage_healed":0.0,"max_hp_gain":0.0,"max_hp_loss":0.0,"gold_gain":0.0,"event_name":"Tomb of Lord Red Mask","player_choice":"Paid","floor":36.0,"gold_loss":0.0,"damage_taken":0.0,"relics_obtained":["Red Mask"]},{"damage_healed":0.0,"max_hp_gain":0.0,"max_hp_loss":0.0,"gold_gain":0.0,"event_name":"Mysterious Sphere","player_choice":"Fight","floor":38.0,"gold_loss":0.0,"damage_taken":0.0},{"damage_healed":21,"gold_gain":0,"player_choice":"Writhe","damage_taken":0,"max_hp_gain":0,"max_hp_loss":0,"event_name":"Winding Halls","floor":44,"gold_loss":0,"cards_obtained":["Writhe"]},{"damage_healed":0,"gold_gain":0,"player_choice":"Fight","damage_taken":0,"max_hp_gain":0,"max_hp_loss":0,"event_name":"MindBloom","floor":48,"gold_loss":0}],"is_beta":false,"boss_relics":[{"not_picked":["Astrolabe","Lizard Tail"],"picked":"Black Star"},{"not_picked":["Velvet Choker","Orrery"],"picked":"Philosopher\u0027s Stone"}],"items_purged_floors":[],"is_endless":false,"potions_floor_spawned":[5,7,18,24,30,42,46],"ascension_level":0}