{"gold_per_floor":[116,116,129,100,150,178,178,228,283,315,333,352,378,88,88,191,191,207,182,232,249,268,293,293,305,305,322,334,334],"floor_reached":29,"playtime":1340,"items_purged":[],"score":348,"play_id":"06084f23-8185-4adc-8feb-ec11082c637f","local_time":"20190507041925","is_ascension_mode":true,"campfire_choices":[{"data":"Static Discharge","floor":7.0,"key":"SMITH"},{"data":"Genetic Algorithm","floor":15.0,"key":"SMITH"},{"data":"White Noise","floor":24.0,"key":"SMITH"}],"neow_cost":"NONE","seed_source_timestamp":55133905453046,"circlet_count":0,"master_deck":["Strike_B","Defend_B","Defend_B","Defend_B","Defend_B","Zap","Dualcast","Storm","Reinforced Body","Static Discharge+1","Steam Power","White Noise","Tempest","White Noise+1","Leap","Genetic Algorithm+1","Capacitor","Auto Shields","Echo Form","Double Energy","Reinforced Body+1","Static Discharge","Lockon"],"special_seed":0,"relics":["Cracked Core","NeowsBlessing","SsserpentHead","Anchor","Boot","Oddly Smooth Stone","Art of War","Black Star","PreservedInsect","Lantern","Pantograph"],"potions_floor_usage":[],"damage_taken":[{"damage":0.0,"enemies":"Cultist","floor":1.0,"turns":1.0},{"damage":0.0,"enemies":"Small Slimes","floor":3.0,"turns":1.0},{"damage":0.0,"enemies":"Gremlin Nob","floor":6.0,"turns":1.0},{"damage":5.0,"enemies":"Lagavulin","floor":10.0,"turns":7.0},{"damage":2.0,"enemies":"Jaw Worm","floor":11.0,"turns":3.0},{"damage":7.0,"enemies":"3 Louse","floor":12.0,"turns":2.0},{"damage":20.0,"enemies":"3 Sentries","floor":13.0,"turns":3.0},{"damage":18.0,"enemies":"Slime Boss","floor":16.0,"turns":8.0},{"damage":11.0,"enemies":"2 Thieves","floor":18.0,"turns":4.0},{"damage":9.0,"enemies":"Colosseum Slavers","floor":20.0,"turns":3.0},{"damage":16.0,"enemies":"Shell Parasite","floor":21.0,"turns":7.0},{"damage":6.0,"enemies":"Snake Plant","floor":22.0,"turns":4.0},{"damage":7.0,"enemies":"Book of Stabbing","floor":23.0,"turns":5.0},{"damage":8.0,"enemies":"Cultist and Chosen","floor":25.0,"turns":5.0},{"damage":0.0,"enemies":"Snecko","floor":27.0,"turns":6.0},{"damage":0.0,"enemies":"3 Cultists","floor":28.0,"turns":7.0},{"damage":33,"enemies":"Gremlin Leader","floor":29,"turns":3}],"seed_played":"3743329746609221719","potions_obtained":[{"floor":1.0,"key":"Regen Potion"},{"floor":10.0,"key":"GamblersBrew"},{"floor":11.0,"key":"SteroidPotion"},{"floor":22.0,"key":"PowerPotion"},{"floor":25.0,"key":"Energy Potion"}],"is_trial":false,"path_per_floor":["M","?","M","$","?","E","R","?","T","E","M","M","E","$","R","B",null,"M","?","?","M","M","E","R","M","T","M","M","E"],"character_chosen":"DEFECT","items_purchased":["Static Discharge","Capacitor","Auto Shields","Art of War"],"campfire_rested":0,"item_purchase_floors":[4,14,14,14],"current_hp_per_floor":[75,75,75,75,75,75,75,68,68,63,61,54,34,34,34,16,75,64,64,55,53,47,40,40,32,32,32,32,0],"gold":334,"neow_bonus":"THREE_ENEMY_KILL","is_prod":false,"is_daily":false,"chose_seed":false,"campfire_upgraded":3,"win_rate":0,"timestamp":1557217165,"path_taken":["M","?","M","?","?","E","R","?","T","E","M","M","E","$","R","BOSS","M","?","?","M","M","E","R","M","T","M","M","E"],"build_version":"2019-01-23","purchased_purges":0,"victory":false,"max_hp_per_floor":[75,75,75,75,75,75,75,75,75,75,75,75,75,75,75,75,75,75,75,75,75,75,75,75,75,75,75,75,75],"card_choices":[{"not_picked":["FTL","Force Field"],"picked":"Storm","floor":1.0},{"not_picked":["Conserve Battery","Compile Driver"],"picked":"Reinforced Body","floor":3.0},{"not_picked":["Streamline","Barrage"],"picked":"White Noise","floor":6.0},{"not_picked":["Undo","Rebound"],"picked":"Tempest","floor":10.0},{"not_picked":["Streamline","Conserve Battery"],"picked":"White Noise","floor":11.0},{"not_picked":["Stack","Sunder"],"picked":"Leap","floor":12.0},{"not_picked":["Chill","Glacier"],"picked":"Genetic Algorithm","floor":13.0},{"not_picked":["Reboot","Meteor Strike"],"picked":"Echo Form","floor":16.0},{"not_picked":["Compile Driver","Streamline"],"picked":"Double Energy","floor":18.0},{"not_picked":["Rebound","Streamline"],"picked":"Reinforced Body+1","floor":21.0},{"not_picked":["Go for the Eyes","Streamline","Beam Cell"],"picked":"SKIP","floor":22.0},{"not_picked":["White Noise","Cold Snap"],"picked":"Static Discharge","floor":23.0},{"not_picked":["Streamline+1","Aggregate","Barrage"],"picked":"SKIP","floor":25.0},{"not_picked":["Steam+1","Beam Cell","Gash"],"picked":"SKIP","floor":27.0},{"not_picked":["Machine Learning","Ball Lightning"],"picked":"Lockon","floor":28.0}],"player_experience":229367,"relics_obtained":[{"floor":9.0,"key":"Anchor"},{"floor":10.0,"key":"Boot"},{"floor":13.0,"key":"Oddly Smooth Stone"},{"floor":23.0,"key":"PreservedInsect"},{"floor":23.0,"key":"Lantern"},{"floor":26.0,"key":"Pantograph"}],"event_choices":[{"damage_healed":0.0,"max_hp_gain":0.0,"max_hp_loss":0.0,"gold_gain":0.0,"event_name":"FaceTrader","player_choice":"Trade","floor":2.0,"gold_loss":0.0,"damage_taken":0.0,"relics_obtained":["SsserpentHead"]},{"damage_healed":0.0,"max_hp_gain":0.0,"max_hp_loss":0.0,"gold_gain":0.0,"cards_transformed":["Strike_B"],"event_name":"Living Wall","player_choice":"Change","floor":5.0,"gold_loss":0.0,"damage_taken":0.0,"cards_obtained":["Steam Power"]},{"cards_removed":["Strike_B"],"damage_healed":0.0,"max_hp_gain":0.0,"max_hp_loss":0.0,"gold_gain":0.0,"event_name":"Golden Wing","player_choice":"Card Removal","floor":8.0,"gold_loss":0.0,"damage_taken":7.0},{"cards_removed":["Strike_B"],"damage_healed":0.0,"max_hp_gain":0.0,"max_hp_loss":0.0,"gold_gain":0.0,"event_name":"Beggar","player_choice":"Gave Gold","floor":19.0,"gold_loss":75.0,"damage_taken":0.0},{"damage_healed":0.0,"max_hp_gain":0.0,"max_hp_loss":0.0,"gold_gain":0.0,"event_name":"Colosseum","player_choice":"Fight","floor":20.0,"gold_loss":0.0,"damage_taken":0.0},{"damage_healed":0.0,"max_hp_gain":0.0,"max_hp_loss":0.0,"gold_gain":0.0,"event_name":"Colosseum","player_choice":"Fled From Nobs","floor":20.0,"gold_loss":0.0,"damage_taken":0.0}],"is_beta":false,"boss_relics":[{"not_picked":["White Beast Statue","Busted Crown"],"picked":"Black Star"}],"items_purged_floors":[],"is_endless":false,"potions_floor_spawned":[1,10,11,12,22,25],"killed_by":"Gremlin Leader","ascension_level":4}