{"gold_per_floor":[117,129,148,24,24,24,38,103,103,103,132,132,151,181,181,277,277,296,296,309,123,143,143,18,18,42,42,57,71,71,90,90,187,187,206,63,82,82,96,96,115,134,159,159,178,178,188,203,203,203],"floor_reached":51,"playtime":4231,"items_purged":["Defend_B","Strike_B","Strike_B"],"score":638,"play_id":"be7a9f1c-37da-4c00-ab0e-c9459b0b7e00","local_time":"20190426091223","is_ascension_mode":false,"campfire_choices":[{"data":"Zap","floor":6.0,"key":"SMITH"},{"data":"Hello World","floor":10.0,"key":"SMITH"},{"data":"Dualcast","floor":12.0,"key":"SMITH"},{"data":"Tempest","floor":15.0,"key":"SMITH"},{"data":"Multi-Cast","floor":23.0,"key":"SMITH"},{"data":"Seek","floor":25.0,"key":"SMITH"},{"data":"Blizzard","floor":27.0,"key":"SMITH"},{"data":"Hello World","floor":30.0,"key":"SMITH"},{"data":"Coolheaded","floor":32.0,"key":"SMITH"},{"data":"Coolheaded","floor":40.0,"key":"SMITH"},{"data":"Blizzard","floor":46,"key":"SMITH"},{"floor":49,"key":"REST"}],"neow_cost":"NONE","seed_source_timestamp":12520964810760,"circlet_count":0,"master_deck":["Strike_B","Defend_B","Defend_B","Defend_B","Zap+1","Dualcast+1","Coolheaded+1","Coolheaded+1","Tempest+1","Steam","Blizzard+1","Seek+1","Reinforced Body","Blizzard+1","Multi-Cast+1","Ball Lightning","Tempest+1","Hello World+1","Ball Lightning","Coolheaded","Echo Form","Turbo+1","Ball Lightning","Hello World","Steam","Leap+1","Skim","White Noise+1","Cold Snap+1","Coolheaded+1","Turbo+1","Electrodynamics"],"special_seed":0,"relics":["Cracked Core","NeowsBlessing","Meat on the Bone","Bag of Preparation","Nunchaku","Omamori","Runic Dome","Orichalcum","Cursed Key","Vajra"],"potions_floor_usage":[47,48,50,50],"damage_taken":[{"damage":0.0,"enemies":"Cultist","floor":1.0,"turns":1.0},{"damage":0.0,"enemies":"Jaw Worm","floor":2.0,"turns":1.0},{"damage":0.0,"enemies":"Small Slimes","floor":3.0,"turns":1.0},{"damage":3.0,"enemies":"Looter","floor":7.0,"turns":3.0},{"damage":16.0,"enemies":"Gremlin Nob","floor":8.0,"turns":4.0},{"damage":19.0,"enemies":"Gremlin Nob","floor":11.0,"turns":4.0},{"damage":3.0,"enemies":"Lots of Slimes","floor":13.0,"turns":2.0},{"damage":6.0,"enemies":"3 Sentries","floor":14.0,"turns":8.0},{"damage":5.0,"enemies":"The Guardian","floor":16.0,"turns":13.0},{"damage":5.0,"enemies":"Chosen","floor":18.0,"turns":4.0},{"damage":0.0,"enemies":"Spheric Guardian","floor":20.0,"turns":3.0},{"damage":17.0,"enemies":"Snake Plant","floor":22.0,"turns":4.0},{"damage":8.0,"enemies":"3 Cultists","floor":28.0,"turns":4.0},{"damage":8.0,"enemies":"Shelled Parasite and Fungi","floor":29.0,"turns":6.0},{"damage":12.0,"enemies":"Centurion and Healer","floor":31.0,"turns":6.0},{"damage":47.0,"enemies":"Collector","floor":33.0,"turns":11.0},{"damage":4.0,"enemies":"Orb Walker","floor":35.0,"turns":2.0},{"damage":22.0,"enemies":"3 Darklings","floor":37.0,"turns":5.0},{"damage":31.0,"enemies":"Maw","floor":39.0,"turns":5.0},{"damage":20.0,"enemies":"Spire Growth","floor":41.0,"turns":5.0},{"damage":0.0,"enemies":"Sphere and 2 Shapes","floor":42.0,"turns":3.0},{"damage":0,"enemies":"Maw","floor":45,"turns":6},{"damage":0,"enemies":"Writhing Mass","floor":47,"turns":4},{"damage":12,"enemies":"Spire Growth","floor":48,"turns":4},{"damage":8,"enemies":"Donu and Deca","floor":50,"turns":9}],"seed_played":"-9118373239835063546","potions_obtained":[{"floor":1.0,"key":"LiquidBronze"},{"floor":7.0,"key":"Weak Potion"},{"floor":8.0,"key":"EntropicBrew"},{"floor":14.0,"key":"Swift Potion"},{"floor":16.0,"key":"Block Potion"},{"floor":20.0,"key":"SteroidPotion"},{"floor":22.0,"key":"Swift Potion"},{"floor":31.0,"key":"EssenceOfSteel"},{"floor":35.0,"key":"Dexterity Potion"},{"floor":39.0,"key":"Dexterity Potion"},{"floor":41.0,"key":"Weak Potion"},{"floor":47,"key":"SkillPotion"}],"is_trial":false,"path_per_floor":["M","M","M","$","?","R","M","?","T","R","E","R","M","E","R","B",null,"M","?","M","$","M","R","$","R","T","R","M","M","R","M","R","B",null,"M","$","M","?","M","R","M","M","T","?","M","R","M","M","R","B",null],"character_chosen":"DEFECT","items_purchased":["Steam","Hello World","Ball Lightning","Ball Lightning","Hello World","Steam"],"campfire_rested":1,"item_purchase_floors":[4,21,21,36,36,36],"current_hp_per_floor":[75,75,75,75,75,75,72,56,56,56,49,49,46,40,40,47,75,70,70,70,70,53,53,53,53,53,53,45,49,49,49,49,14,75,71,71,49,49,30,30,22,34,34,34,46,46,46,46,68,60],"gold":203,"neow_bonus":"THREE_ENEMY_KILL","is_prod":false,"is_daily":false,"chose_seed":false,"campfire_upgraded":11,"win_rate":0,"timestamp":1556291543,"path_taken":["M","M","M","?","?","R","M","?","T","R","E","R","M","E","R","BOSS","M","?","M","$","?","R","?","R","T","R","M","?","R","M","R","BOSS","M","$","M","?","?","R","M","M","T","?","M","R","M","M","R","BOSS"],"build_version":"2019-01-23","purchased_purges":3,"victory":true,"max_hp_per_floor":[75,75,75,75,75,75,75,75,75,75,75,75,75,75,75,75,75,75,75,75,75,75,75,75,75,75,75,75,75,75,75,75,75,75,75,75,75,75,75,75,75,75,75,75,75,75,75,75,75,75],"card_choices":[{"not_picked":["Auto Shields","Turbo"],"picked":"Coolheaded","floor":1.0},{"not_picked":["Static Discharge","Barrage"],"picked":"Coolheaded","floor":2.0},{"not_picked":["Loop","Coolheaded"],"picked":"Tempest","floor":3.0},{"not_picked":["Coolheaded","Chill"],"picked":"Hello World","floor":7.0},{"not_picked":["Leap","Rip and Tear"],"picked":"Blizzard","floor":8.0},{"not_picked":["Go for the Eyes","Loop"],"picked":"Seek","floor":11.0},{"not_picked":["Conserve Battery","Barrage"],"picked":"Reinforced Body","floor":13.0},{"not_picked":["Leap","Fission"],"picked":"Blizzard","floor":14.0},{"not_picked":["Meteor Strike","All For One"],"picked":"Multi-Cast","floor":16.0},{"not_picked":["Undo","Go for the Eyes"],"picked":"Ball Lightning","floor":18.0},{"not_picked":["Redo","Streamline+1","Compile Driver"],"picked":"SKIP","floor":20.0},{"not_picked":["Consume","Go for the Eyes+1","Streamline"],"picked":"SKIP","floor":22.0},{"not_picked":["Barrage","Compile Driver","Auto Shields"],"picked":"SKIP","floor":28.0},{"not_picked":["Aggregate+1","Lockon","Redo"],"picked":"SKIP","floor":29.0},{"not_picked":["Chaos","Reprogram+1"],"picked":"Coolheaded","floor":31.0},{"not_picked":["Reboot","Fission"],"picked":"Echo Form","floor":33.0},{"not_picked":["Undo","Cold Snap"],"picked":"Turbo+1","floor":35.0},{"not_picked":["Storm","Turbo+1"],"picked":"Leap+1","floor":37.0},{"not_picked":["Darkness","Gash+1"],"picked":"White Noise+1","floor":39.0},{"not_picked":["Beam Cell","Chill"],"picked":"Cold Snap+1","floor":41.0},{"not_picked":["Compile Driver+1","Stack"],"picked":"Coolheaded+1","floor":42.0},{"not_picked":["Sweeping Beam","Doom and Gloom","Gash"],"picked":"SKIP","floor":45},{"not_picked":["Go for the Eyes+1","Darkness+1"],"picked":"Turbo+1","floor":47},{"not_picked":["Compile Driver+1","Beam Cell+1"],"picked":"Electrodynamics","floor":48}],"player_experience":1314219,"relics_obtained":[{"floor":8.0,"key":"Meat on the Bone"},{"floor":9.0,"key":"Bag of Preparation"},{"floor":11.0,"key":"Nunchaku"},{"floor":14.0,"key":"Omamori"},{"floor":26.0,"key":"Orichalcum"},{"floor":43.0,"key":"Vajra"}],"event_choices":[{"damage_healed":0.0,"max_hp_gain":0.0,"max_hp_loss":0.0,"gold_gain":0.0,"event_name":"The Cleric","player_choice":"Leave","floor":5.0,"gold_loss":0.0,"damage_taken":0.0},{"damage_healed":0.0,"max_hp_gain":0.0,"max_hp_loss":0.0,"gold_gain":30.0,"event_name":"Dead Adventurer","player_choice":"Searched \u00272\u0027 times","floor":8.0,"gold_loss":0.0,"damage_taken":0.0},{"damage_healed":0.0,"max_hp_gain":0.0,"max_hp_loss":0.0,"gold_gain":0.0,"event_name":"Duplicator","player_choice":"Copied","floor":19.0,"gold_loss":0.0,"damage_taken":0.0,"cards_obtained":["Tempest"]},{"damage_healed":0.0,"max_hp_gain":0.0,"max_hp_loss":0.0,"gold_gain":0.0,"cards_transformed":["Strike_B"],"event_name":"Transmorgrifier","player_choice":"Transformed","floor":38.0,"gold_loss":0.0,"damage_taken":0.0,"cards_obtained":["Skim"]},{"cards_removed":["Hello World"],"damage_healed":0.0,"max_hp_gain":0.0,"max_hp_loss":0.0,"gold_gain":0.0,"event_name":"Falling","player_choice":"Removed Power","floor":44.0,"gold_loss":0.0,"damage_taken":0.0}],"is_beta":false,"boss_relics":[{"not_picked":["Runic Pyramid","Fusion Hammer"],"picked":"Runic Dome"},{"not_picked":["Velvet Choker","Orrery"],"picked":"Cursed Key"}],"items_purged_floors":[4,21,24],"is_endless":false,"potions_floor_spawned":[1,7,8,14,16,20,22,31,35,39,41,45,47],"ascension_level":0}