{"gold_per_floor":[119,134,146,163,238,238,41,58,58,58,58,58,71,103,103,206,206,220,232,258,269,13,13,13,13,95,125,125,141,141,28,28,130,130,143,143,162,1161,616,616,644,48,48,48,48,48,66,93,93,93],"floor_reached":50,"playtime":1189,"items_purged":["Pain","Normality","Normality"],"score":586,"play_id":"dd44f9fa-26e0-4eab-bc51-d693a14348ad","local_time":"20190625095209","is_ascension_mode":false,"campfire_choices":[{"data":"Zap","floor":10.0,"key":"SMITH"},{"data":"Sunder","floor":12.0,"key":"SMITH"},{"data":"Hologram","floor":15.0,"key":"SMITH"},{"data":"Dualcast","floor":23.0,"key":"SMITH"},{"data":"Panache","floor":25.0,"key":"SMITH"},{"floor":28.0,"key":"REST"},{"data":"Demon Form","floor":30.0,"key":"SMITH"},{"floor":32.0,"key":"REST"},{"data":"Rainbow","floor":40,"key":"SMITH"},{"data":"1","floor":44,"key":"LIFT"},{"data":"2","floor":46,"key":"LIFT"},{"data":"3","floor":49,"key":"LIFT"}],"neow_cost":"NONE","seed_source_timestamp":13573158461133,"circlet_count":0,"master_deck":["Strike_B","Strike_B","Defend_B","Defend_B+1","Defend_B+1","Zap+1","Dualcast+1","Sunder+1","Rebound","Fusion","Ball Lightning","Thunderclap","Hologram+1","Panache+1","Demon Form+1","Lockon+1","Ball Lightning+1","Reboot+1","Flash of Steel","Backstab","Dark Shackles+1","Calculated Gamble+1","Dagger Spray+1","Hello World","Envenom","Mind Blast+1","Zap","Rainbow+1","Enlightenment","Heatsinks","Choke","Thunder Strike","Catalyst+1","Sadistic Nature"],"special_seed":0,"relics":["Philosopher\u0027s Stone","PrismaticShard","Cables","Mercury Hourglass","Lantern","Astrolabe","Red Mask","Question Card","WarpedTongs","Sundial","Nunchaku","Busted Crown","Pear","Singing Bowl","Girya","Frozen Egg 2","War Paint"],"potions_floor_usage":[50,50,50],"damage_taken":[{"damage":0.0,"enemies":"Cultist","floor":1.0,"turns":4.0},{"damage":0.0,"enemies":"2 Louse","floor":2.0,"turns":2.0},{"damage":0.0,"enemies":"Jaw Worm","floor":3.0,"turns":3.0},{"damage":11.0,"enemies":"Blue Slaver","floor":4.0,"turns":3.0},{"damage":0.0,"enemies":"3 Louse","floor":8.0,"turns":2.0},{"damage":0.0,"enemies":"Exordium Thugs","floor":13.0,"turns":2.0},{"damage":9.0,"enemies":"Gremlin Nob","floor":14.0,"turns":3.0},{"damage":0.0,"enemies":"Slime Boss","floor":16.0,"turns":5.0},{"damage":0.0,"enemies":"2 Thieves","floor":18.0,"turns":2.0},{"damage":20.0,"enemies":"3 Byrds","floor":19.0,"turns":3.0},{"damage":13.0,"enemies":"Masked Bandits","floor":20.0,"turns":3.0},{"damage":0.0,"enemies":"Centurion and Healer","floor":21.0,"turns":3.0},{"damage":6.0,"enemies":"Gremlin Leader","floor":27.0,"turns":4.0},{"damage":12.0,"enemies":"Sentry and Sphere","floor":29.0,"turns":3.0},{"damage":39.0,"enemies":"Collector","floor":33.0,"turns":4.0},{"damage":10.0,"enemies":"3 Shapes","floor":35.0,"turns":5.0},{"damage":7,"enemies":"3 Darklings","floor":37,"turns":4},{"damage":4,"enemies":"Giant Head","floor":41,"turns":5},{"damage":4,"enemies":"4 Shapes","floor":47,"turns":3},{"damage":64,"enemies":"Time Eater","floor":50,"turns":7}],"seed_played":"-454417948397148064","potions_obtained":[{"floor":1.0,"key":"Block Potion"},{"floor":4.0,"key":"SneckoOil"},{"floor":6.0,"key":"PowerPotion"},{"floor":6.0,"key":"FocusPotion"},{"floor":14.0,"key":"PowerPotion"},{"floor":20.0,"key":"Swift Potion"},{"floor":21.0,"key":"EssenceOfSteel"},{"floor":47,"key":"SteroidPotion"}],"is_trial":false,"path_per_floor":["M","M","M","M","?","?","$","M","T","R","T","R","M","E","R","B",null,"M","M","?","M","$","R","?","R","T","E","R","M","R","$","R","B",null,"M","?","M","?","$","R","E","$","T","R","?","R","M","T","R","B"],"character_chosen":"DEFECT","items_purchased":["PrismaticShard","Question Card","Hello World","Pear","Strength Potion","Thunder Strike","Girya","Sadistic Nature"],"campfire_rested":2,"item_purchase_floors":[7,22,31,39,39,39,42,42],"current_hp_per_floor":[75,75,75,64,53,53,53,53,53,53,53,53,53,44,44,44,75,75,55,42,42,42,42,42,42,42,36,58,46,46,46,68,29,75,65,65,58,58,68,68,64,64,64,64,64,64,62,62,62,0],"gold":93,"neow_bonus":"BOSS_RELIC","is_prod":false,"is_daily":false,"chose_seed":false,"campfire_upgraded":7,"win_rate":0,"timestamp":1561477929,"path_taken":["M","M","?","M","?","?","$","?","T","R","?","R","M","E","R","BOSS","M","M","?","M","$","R","?","R","T","E","R","?","R","$","R","BOSS","M","?","?","?","$","R","E","?","T","R","?","R","M","?","R","BOSS"],"build_version":"2019-01-23","purchased_purges":3,"victory":false,"max_hp_per_floor":[75,75,75,75,75,75,75,75,75,75,75,75,75,75,75,75,75,75,75,75,75,75,75,75,75,75,75,75,75,75,75,75,75,75,75,75,75,75,85,85,85,85,85,85,85,85,87,87,87,87],"card_choices":[{"not_picked":["Darkness","Streamline"],"picked":"Sunder","floor":1.0},{"not_picked":["Skim","Redo"],"picked":"Rebound","floor":2.0},{"not_picked":["Steam","Conserve Battery"],"picked":"Fusion","floor":3.0},{"not_picked":["Turbo","Double Energy"],"picked":"Ball Lightning","floor":4.0},{"not_picked":["True Grit","Iron Wave"],"picked":"Thunderclap","floor":8.0},{"not_picked":["Gash","Barrage"],"picked":"Hologram","floor":13.0},{"not_picked":["Blade Dance","Underhanded Strike"],"picked":"Panache","floor":14.0},{"not_picked":["Sadistic Nature","Reaper"],"picked":"Demon Form","floor":16.0},{"not_picked":["Endless Agony","Flex"],"picked":"Flash of Steel","floor":18.0},{"not_picked":["Armaments","Predator"],"picked":"Backstab","floor":19.0},{"not_picked":["Setup","Evolve"],"picked":"Dark Shackles+1","floor":20.0},{"not_picked":["Anger","Outmaneuver"],"picked":"Calculated Gamble+1","floor":21.0},{"not_picked":["Slice","Bane+1","Amplify"],"picked":"Dagger Spray+1","floor":27.0},{"not_picked":["Steam","Perfected Strike","Clash","Clothesline"],"picked":"SKIP","floor":29.0},{"not_picked":["Creative AI","Panache","Exhume"],"picked":"Envenom","floor":33.0},{"not_picked":["Skim+1"],"picked":"Mind Blast+1","floor":35.0},{"not_picked":["Scrape"],"picked":"Choke","floor":37},{"not_picked":["Cleave"],"picked":"Catalyst+1","floor":41},{"not_picked":["Body Slam+1","Quick Slash+1"],"picked":"Singing Bowl","floor":47}],"player_experience":1496578,"relics_obtained":[{"floor":9.0,"key":"Cables"},{"floor":11.0,"key":"Mercury Hourglass"},{"floor":14.0,"key":"Lantern"},{"floor":20.0,"key":"Red Mask"},{"floor":26.0,"key":"Sundial"},{"floor":27.0,"key":"Nunchaku"},{"floor":41,"key":"Singing Bowl"},{"floor":43,"key":"Frozen Egg 2"},{"floor":48,"key":"War Paint"}],"event_choices":[{"damage_healed":0.0,"max_hp_gain":0.0,"max_hp_loss":0.0,"gold_gain":75.0,"event_name":"World of Goop","player_choice":"Gather Gold","floor":5.0,"gold_loss":0.0,"damage_taken":11.0},{"damage_healed":0.0,"max_hp_gain":0.0,"max_hp_loss":0.0,"gold_gain":0.0,"event_name":"Lab","player_choice":"Got Potions","floor":6.0,"gold_loss":0.0,"damage_taken":0.0},{"damage_healed":0.0,"max_hp_gain":0.0,"max_hp_loss":0.0,"gold_gain":0.0,"event_name":"Masked Bandits","player_choice":"Fought Bandits","floor":20.0,"gold_loss":0.0,"damage_taken":0.0},{"damage_healed":0.0,"max_hp_gain":0.0,"max_hp_loss":0.0,"gold_gain":0.0,"event_name":"Accursed Blacksmith","player_choice":"Rummage","floor":24.0,"gold_loss":0.0,"damage_taken":0.0,"relics_obtained":["WarpedTongs"],"cards_obtained":["Pain"]},{"damage_healed":0,"gold_gain":0,"player_choice":"4 cards matched","damage_taken":0,"max_hp_gain":0,"max_hp_loss":0,"event_name":"Match and Keep!","floor":36,"gold_loss":0,"cards_obtained":["Zap","Rainbow","Enlightenment","Heatsinks"]},{"damage_healed":0,"gold_gain":999,"player_choice":"Gold","damage_taken":0,"max_hp_gain":0,"max_hp_loss":0,"event_name":"MindBloom","floor":38,"gold_loss":0,"cards_obtained":["Normality","Normality"]},{"damage_healed":0,"gold_gain":0,"player_choice":"Ignored","damage_taken":0,"max_hp_gain":0,"max_hp_loss":0,"event_name":"Mysterious Sphere","floor":45,"gold_loss":0}],"is_beta":false,"boss_relics":[{"not_picked":["Runic Pyramid","Black Star"],"picked":"Astrolabe"},{"not_picked":["Velvet Choker","Inserter"],"picked":"Busted Crown"}],"items_purged_floors":[31,39,42],"is_endless":false,"potions_floor_spawned":[1,4,14,20,21,47],"killed_by":"Time Eater","ascension_level":0}