{"gold_per_floor":[118,118,118,132,9,9,44,9,9,34,50,67,67,79,79,183,183,200,219,309,16,33,33,33,97,123,140,140,164,164,197,197,300,300,312,312,327,327,123,123,157,157,157,157,184,184,198,298,298,298,298,298,35,62,62],"floor_reached":56,"playtime":40792,"items_purged":["Strike_G","Strike_G","Strike_G","Strike_G"],"score":1674,"play_id":"633dd545-b0c0-4c6c-bc75-86d46108a128","local_time":"20190310223310","is_ascension_mode":true,"campfire_choices":[{"floor":6,"key":"REST"},{"floor":13,"key":"REST"},{"data":"Dash","floor":15,"key":"SMITH"},{"data":"Well Laid Plans","floor":23,"key":"SMITH"},{"data":"Finisher","floor":30,"key":"SMITH"},{"data":"Calculated Gamble","floor":32,"key":"SMITH"},{"data":"Deadly Poison","floor":40,"key":"SMITH"},{"data":"Deadly Poison","floor":42,"key":"SMITH"},{"data":"Adrenaline","floor":46,"key":"SMITH"},{"floor":49,"key":"RECALL"},{"data":"Die Die Die","floor":52,"key":"SMITH"}],"neow_cost":"NONE","seed_source_timestamp":750836824248073,"circlet_count":0,"master_deck":["AscendersBane","Defend_G","Defend_G","Defend_G","Defend_G","Defend_G","Strike_G","Survivor","Neutralize+1","Poisoned Stab+1","Finisher+1","Backflip","Calculated Gamble+1","Dash+1","Leg Sweep","Caltrops","Die Die Die+1","PiercingWail","Well Laid Plans+1","Tactician","Necronomicurse","Predator+1","Adrenaline+1","Infinite Blades+1","Deadly Poison+1","Deadly Poison+1","Dagger Spray","Corpse Explosion","Acrobatics+1","Predator+1","Footwork","Concentrate","Footwork"],"relics":["Ring of the Snake","Paper Crane","Pen Nib","Torii","Bird Faced Urn","Coffee Dripper","Oddly Smooth Stone","Tiny Chest","Art of War","Necronomicon","Bag of Preparation","Strawberry","Eternal Feather","PreservedInsect","Singing Bowl","Anchor","Pocketwatch","Orichalcum"],"potions_floor_usage":[7,18,25,25,27,31,41,55,55],"damage_taken":[{"damage":0,"enemies":"Small Slimes","floor":1,"turns":4},{"damage":0,"enemies":"2 Louse","floor":4,"turns":3},{"damage":12,"enemies":"Gremlin Nob","floor":7,"turns":5},{"damage":16,"enemies":"3 Sentries","floor":10,"turns":13},{"damage":0,"enemies":"Jaw Worm","floor":11,"turns":3},{"damage":2,"enemies":"Exordium Wildlife","floor":12,"turns":7},{"damage":1,"enemies":"Red Slaver","floor":14,"turns":5},{"damage":9,"enemies":"Hexaghost","floor":16,"turns":11},{"damage":3,"enemies":"Shell Parasite","floor":18,"turns":3},{"damage":6,"enemies":"2 Thieves","floor":19,"turns":4},{"damage":1,"enemies":"Shelled Parasite and Fungi","floor":22,"turns":8},{"damage":2,"enemies":"Colosseum Slavers","floor":24,"turns":5},{"damage":13,"enemies":"Gremlin Leader","floor":25,"turns":9},{"damage":0,"enemies":"Snecko","floor":27,"turns":6},{"damage":1,"enemies":"Slavers","floor":31,"turns":5},{"damage":36,"enemies":"Collector","floor":33,"turns":11},{"damage":1,"enemies":"3 Shapes","floor":35,"turns":3},{"damage":0,"enemies":"3 Darklings","floor":37,"turns":3},{"damage":18,"enemies":"Reptomancer","floor":41,"turns":5},{"damage":3,"enemies":"Nemesis","floor":45,"turns":5},{"damage":22,"enemies":"Transient","floor":47,"turns":5},{"damage":0,"enemies":"Mind Bloom Boss Battle","floor":48,"turns":3},{"damage":51,"enemies":"Donu and Deca","floor":50,"turns":6},{"damage":33,"enemies":"Shield and Spear","floor":54,"turns":4},{"damage":49,"enemies":"The Heart","floor":55,"turns":13}],"seed_played":"-3575508164527646641","potions_obtained":[{"floor":1,"key":"GamblersBrew"},{"floor":7,"key":"SteroidPotion"},{"floor":14,"key":"PowerPotion"},{"floor":16,"key":"SkillPotion"},{"floor":19,"key":"Weak Potion"},{"floor":22,"key":"Explosive Potion"},{"floor":27,"key":"Poison Potion"},{"floor":33,"key":"AttackPotion"},{"floor":41,"key":"Strength Potion"},{"floor":47,"key":"Ancient Potion"}],"is_trial":false,"path_per_floor":["M","?","?","M","$","R","E","$","T","E","M","M","R","M","R","B",null,"M","M","?","$","M","R","?","E","T","M","?","T","R","E","R","B",null,"M","?","M","?","$","R","E","R","T","T","E","R","M","?","R","B",null,"R","$","E","B",null],"character_chosen":"THE_SILENT","items_purchased":["Backflip","Calculated Gamble","Oddly Smooth Stone","Well Laid Plans","Deadly Poison","Dagger Spray","Footwork","Concentrate"],"campfire_rested":2,"item_purchase_floors":[5,8,21,21,39,39,53,53],"current_hp_per_floor":[70,28,13,13,13,36,24,24,24,8,8,6,29,28,28,21,63,62,56,42,42,45,45,47,40,40,44,28,28,28,38,38,6,65,66,66,70,70,70,80,62,77,77,77,79,80,60,66,82,31,69,82,82,49,10],"gold":62,"neow_bonus":"TEN_PERCENT_HP_BONUS","is_prod":false,"is_daily":false,"chose_seed":false,"campfire_upgraded":8,"win_rate":0,"timestamp":1552271590,"path_taken":["M","?","?","M","$","R","E","?","T","E","M","M","R","M","R","BOSS","M","M","?","$","?","R","?","E","T","M","?","?","R","E","R","BOSS","M","?","M","?","$","R","E","R","T","?","E","R","M","?","R","BOSS","R","$","E","BOSS"],"build_version":"2019-01-23","purchased_purges":4,"victory":true,"max_hp_per_floor":[77,77,77,77,77,77,77,77,77,77,77,77,77,77,77,77,77,77,77,77,77,77,77,77,77,77,77,77,77,77,84,84,84,84,84,84,84,80,80,80,80,80,80,80,80,80,80,82,82,82,82,82,82,82,82],"card_choices":[{"not_picked":["Flechettes","Dagger Spray"],"picked":"Poisoned Stab","floor":1},{"not_picked":["Reflex","Riddle With Holes"],"picked":"Finisher","floor":4},{"not_picked":["Accuracy","Dodge and Roll","Venomology"],"picked":"SKIP","floor":7},{"not_picked":["Escape Plan","Concentrate"],"picked":"Dash","floor":10},{"not_picked":["Skewer","Outmaneuver"],"picked":"Leg Sweep","floor":11},{"not_picked":["Choke","Finisher","Dagger Throw"],"picked":"SKIP","floor":12},{"not_picked":["Flying Knee","Bane"],"picked":"Caltrops","floor":14},{"not_picked":["Corpse Explosion","Doppelganger"],"picked":"Die Die Die","floor":16},{"not_picked":["Dash","Dagger Throw","Acrobatics+1"],"picked":"SKIP","floor":18},{"not_picked":["Dagger Spray","Dodge and Roll"],"picked":"PiercingWail","floor":19},{"not_picked":["Envenom","Quick Slash+1","Deflect"],"picked":"SKIP","floor":22},{"not_picked":["Well Laid Plans","Distraction"],"picked":"Tactician","floor":25},{"not_picked":["Dagger Throw","Quick Slash","Prepared+1"],"picked":"SKIP","floor":27},{"not_picked":["Flying Knee+1","Dodge and Roll"],"picked":"Predator+1","floor":31},{"not_picked":["Night Terror","Bullet Time"],"picked":"Adrenaline","floor":33},{"not_picked":["Setup+1","PiercingWail"],"picked":"Infinite Blades+1","floor":35},{"not_picked":["Quick Slash+1","Riddle With Holes"],"picked":"Deadly Poison","floor":37},{"not_picked":["Masterful Stab+1","Quick Slash+1"],"picked":"Corpse Explosion","floor":41},{"not_picked":["PiercingWail+1","Deadly Poison"],"picked":"Acrobatics+1","floor":45},{"not_picked":["Dagger Spray","All Out Attack"],"picked":"Predator+1","floor":47},{"not_picked":["Deflect","Bane+1","Prepared"],"picked":"Singing Bowl","floor":48},{"not_picked":["Slice+1","Prepared"],"picked":"Footwork","floor":54}],"player_experience":1763223,"relics_obtained":[{"floor":7,"key":"Pen Nib"},{"floor":9,"key":"Torii"},{"floor":10,"key":"Bird Faced Urn"},{"floor":25,"key":"Tiny Chest"},{"floor":26,"key":"Art of War"},{"floor":28,"key":"Necronomicon"},{"floor":29,"key":"Bag of Preparation"},{"floor":31,"key":"Strawberry"},{"floor":41,"key":"PreservedInsect"},{"floor":44,"key":"Singing Bowl"},{"floor":45,"key":"Anchor"},{"floor":48,"key":"Pocketwatch"},{"floor":54,"key":"Orichalcum"}],"event_choices":[{"damage_healed":0,"gold_gain":0,"player_choice":"Success","damage_taken":42,"relics_obtained":["Paper Crane"],"max_hp_gain":0,"max_hp_loss":0,"event_name":"Scrap Ooze","floor":2,"gold_loss":0},{"damage_healed":0,"gold_gain":0,"player_choice":"Entered Light","damage_taken":15,"max_hp_gain":0,"max_hp_loss":0,"event_name":"Shining Light","floor":3,"gold_loss":0,"cards_upgraded":["Neutralize","Poisoned Stab"]},{"damage_healed":0,"gold_gain":90,"player_choice":"GOLD ","damage_taken":14,"max_hp_gain":0,"max_hp_loss":0,"event_name":"Knowing Skull","floor":20,"potions_obtained":[],"gold_loss":0,"cards_obtained":[]},{"damage_healed":0,"gold_gain":0,"player_choice":"Fight","damage_taken":0,"max_hp_gain":0,"max_hp_loss":0,"event_name":"Colosseum","floor":24,"gold_loss":0},{"damage_healed":0,"gold_gain":0,"player_choice":"Fled From Nobs","damage_taken":0,"max_hp_gain":0,"max_hp_loss":0,"event_name":"Colosseum","floor":24,"gold_loss":0},{"damage_healed":0,"gold_gain":0,"player_choice":"Obtained Book","damage_taken":16,"max_hp_gain":0,"max_hp_loss":0,"event_name":"Cursed Tome","floor":28,"gold_loss":0},{"damage_healed":0,"gold_gain":0,"player_choice":"Ignored","damage_taken":0,"max_hp_gain":0,"max_hp_loss":0,"event_name":"Mysterious Sphere","floor":36,"gold_loss":0},{"damage_healed":0,"gold_gain":0,"player_choice":"Max HP","damage_taken":0,"max_hp_gain":0,"max_hp_loss":4,"event_name":"Winding Halls","floor":38,"gold_loss":0},{"damage_healed":0,"gold_gain":0,"player_choice":"Fight","damage_taken":0,"max_hp_gain":0,"max_hp_loss":0,"event_name":"MindBloom","floor":48,"gold_loss":0}],"is_beta":false,"boss_relics":[{"not_picked":["Empty Cage","Orrery"],"picked":"Coffee Dripper"},{"not_picked":["Tiny House","WristBlade"],"picked":"Eternal Feather"}],"items_purged_floors":[5,21,39,53],"is_endless":false,"potions_floor_spawned":[1,7,14,16,19,22,24,27,33,41,47],"ascension_level":10}