{"gold_per_floor":[116,116,116,291,309,309,345,357,393,405,150,150,12,27,27,158,158,176,101,101,51,76,76,109,109,109,109,59,83,98,116,116,240,240,254,204,204,224,224,267,283,283,283,52,75,23,23,36,36,36],"floor_reached":51,"playtime":9465,"items_purged":["Doubt","Defend_B","Strike_B","Defend_B","Melter","Sweeping Beam+1","Go for the Eyes+1"],"score":641,"play_id":"2b00ac3e-ee47-4ed9-adbe-1fda1a9494f7","local_time":"20190517151911","is_ascension_mode":false,"campfire_choices":[{"data":"Zap","floor":6,"key":"SMITH"},{"data":"Dualcast","floor":8,"key":"SMITH"},{"data":"Hello World","floor":10,"key":"SMITH"},{"data":"Rebound","floor":12,"key":"SMITH"},{"data":"Go for the Eyes","floor":15,"key":"SMITH"},{"data":"Rainbow","floor":23,"key":"SMITH"},{"data":"Self Repair","floor":25,"key":"SMITH"},{"data":"Conserve Battery","floor":32,"key":"SMITH"},{"data":"Master of Strategy","floor":42,"key":"SMITH"},{"data":"Defragment","floor":47,"key":"SMITH"},{"data":"Buffer","floor":49,"key":"SMITH"}],"neow_cost":"NONE","seed_source_timestamp":0,"circlet_count":0,"master_deck":["Zap+1","Dualcast+1","Hello World+1","Cold Snap","Ball Lightning","Rebound+1","Conserve Battery","Self Repair+1","Go for the Eyes+1","Rainbow+1","Leap+1","Ball Lightning","Hologram+1","Conserve Battery+1","Steam Power","Electrodynamics+1","Master of Strategy+1","Hologram+1","Reinforced Body","Tempest","Defragment+1","Conserve Battery","Buffer+1"],"special_seed":0,"relics":["Empty Cage","Golden Idol","Strawberry","MawBank","Smiling Mask","Medical Kit","Coffee Dripper","Blood Vial","Bottled Lightning","Busted Crown","Darkstone Periapt","Orichalcum"],"potions_floor_usage":[24,24,33,38,50],"damage_taken":[{"damage":0.0,"enemies":"Small Slimes","floor":1.0,"turns":3.0},{"damage":18.0,"enemies":"Jaw Worm","floor":5.0,"turns":7.0},{"damage":9,"enemies":"3 Sentries","floor":7,"turns":9},{"damage":1,"enemies":"2 Louse","floor":14,"turns":2},{"damage":28,"enemies":"The Guardian","floor":16,"turns":13},{"damage":0,"enemies":"Spheric Guardian","floor":18,"turns":3},{"damage":0,"enemies":"Shell Parasite","floor":22,"turns":4},{"damage":22,"enemies":"Slavers","floor":24,"turns":5},{"damage":0,"enemies":"Centurion and Healer","floor":29,"turns":6},{"damage":12,"enemies":"Snake Plant","floor":30,"turns":3},{"damage":1,"enemies":"Sentry and Sphere","floor":31,"turns":4},{"damage":69,"enemies":"Champ","floor":33,"turns":12},{"damage":0,"enemies":"Orb Walker","floor":35,"turns":4},{"damage":0,"enemies":"3 Darklings","floor":38,"turns":3},{"damage":34,"enemies":"Nemesis","floor":40,"turns":7},{"damage":17,"enemies":"Jaw Worm Horde","floor":41,"turns":3},{"damage":0,"enemies":"Transient","floor":45,"turns":5},{"damage":1,"enemies":"Sphere and 2 Shapes","floor":48,"turns":4},{"damage":51,"enemies":"Donu and Deca","floor":50,"turns":10}],"seed_played":"491367407633819411","potions_obtained":[{"floor":14,"key":"Dexterity Potion"},{"floor":16,"key":"SteroidPotion"},{"floor":18,"key":"EssenceOfSteel"},{"floor":33,"key":"Ancient Potion"},{"floor":35,"key":"Fire Potion"},{"floor":41,"key":"Explosive Potion"}],"is_trial":false,"path_per_floor":["M","?","?","?","M","R","E","R","T","R","$","R","$","M","R","B",null,"M","$","?","$","M","R","E","R","T","?","$","M","M","M","R","B",null,"M","$","?","M","?","E","M","R","T","$","M","$","R","M","R","B",null],"character_chosen":"DEFECT","items_purchased":["Rebound","Medical Kit","Conserve Battery","Self Repair","Ball Lightning","Reinforced Body","Tempest","Defragment","Conserve Battery"],"campfire_rested":0,"item_purchase_floors":[11,11,13,13,19,44,44,44,46],"current_hp_per_floor":[75,69,69,69,51,51,42,42,42,42,42,42,42,41,41,20,76,76,76,76,76,76,76,61,61,61,61,61,73,73,74,74,17,76,76,76,66,76,76,52,47,47,47,47,59,59,59,70,70,31],"gold":36,"neow_bonus":"BOSS_RELIC","is_prod":false,"is_daily":false,"chose_seed":false,"campfire_upgraded":11,"win_rate":0,"timestamp":1558127951,"path_taken":["M","?","?","?","M","R","E","R","T","R","$","R","?","M","R","BOSS","M","$","?","?","?","R","E","R","T","?","$","M","M","M","R","BOSS","M","$","?","M","?","E","?","R","T","$","M","$","R","M","R","BOSS"],"build_version":"2019-01-23","purchased_purges":7,"victory":true,"max_hp_per_floor":[75,69,76,76,76,76,76,76,76,76,76,76,76,76,76,76,76,76,76,76,76,76,76,76,76,76,76,76,76,76,76,76,76,76,76,76,76,76,76,76,76,76,76,76,76,76,76,76,76,76],"card_choices":[{"not_picked":["Turbo","Streamline"],"picked":"Hello World","floor":1.0},{"not_picked":["Steam Power","Leap"],"picked":"Cold Snap","floor":5.0},{"not_picked":["Leap","White Noise"],"picked":"Ball Lightning","floor":7},{"not_picked":["Steam","Lockon"],"picked":"Go for the Eyes","floor":14},{"not_picked":["Hyperbeam","Amplify"],"picked":"Rainbow","floor":16},{"not_picked":["Melter","Aggregate"],"picked":"Leap+1","floor":18},{"not_picked":["BootSequence+1","Gash"],"picked":"Hologram+1","floor":22},{"not_picked":["Barrage","Genetic Algorithm"],"picked":"Conserve Battery","floor":24},{"not_picked":["Sweeping Beam","BootSequence+1","Leap"],"picked":"SKIP","floor":29},{"not_picked":["Gash","Rebound"],"picked":"Sweeping Beam+1","floor":30},{"not_picked":["Go for the Eyes","Barrage","Steam"],"picked":"SKIP","floor":31},{"not_picked":["Hyperbeam","Reboot"],"picked":"Electrodynamics","floor":33},{"not_picked":["Genetic Algorithm"],"picked":"SKIP","floor":35},{"not_picked":[],"picked":"Master of Strategy","floor":37},{"not_picked":[],"picked":"Hologram+1","floor":38},{"not_picked":[],"picked":"Go for the Eyes+1","floor":40},{"not_picked":["Barrage+1"],"picked":"SKIP","floor":41},{"not_picked":["Barrage+1"],"picked":"SKIP","floor":45},{"not_picked":[],"picked":"Buffer","floor":48}],"player_experience":1425381,"relics_obtained":[{"floor":7,"key":"MawBank"},{"floor":9,"key":"Smiling Mask"},{"floor":24,"key":"Blood Vial"},{"floor":26,"key":"Bottled Lightning"},{"floor":40,"key":"Darkstone Periapt"},{"floor":43,"key":"Orichalcum"}],"event_choices":[{"damage_healed":0.0,"max_hp_gain":0.0,"max_hp_loss":6.0,"gold_gain":0.0,"event_name":"Golden Idol","player_choice":"Lose Max HP","floor":2.0,"gold_loss":0.0,"damage_taken":0.0,"relics_obtained":["Golden Idol"]},{"damage_healed":0.0,"max_hp_gain":0.0,"max_hp_loss":0.0,"gold_gain":0.0,"event_name":"Scrap Ooze","player_choice":"Success","floor":3.0,"gold_loss":0.0,"damage_taken":7.0,"relics_obtained":["Strawberry"]},{"damage_healed":0.0,"max_hp_gain":0.0,"max_hp_loss":0.0,"gold_gain":175.0,"event_name":"Liars Game","player_choice":"AGREE","floor":4.0,"gold_loss":0.0,"damage_taken":0.0,"cards_obtained":["Doubt"]},{"cards_removed":["Strike_B"],"damage_healed":0,"gold_gain":0,"player_choice":"Offered Basic","damage_taken":0,"max_hp_gain":0,"max_hp_loss":0,"event_name":"Bonfire Elementals","floor":20,"gold_loss":0},{"damage_healed":0,"gold_gain":0,"cards_transformed":["Strike_B","Defend_B"],"player_choice":"Became Test Subject","damage_taken":0,"max_hp_gain":0,"max_hp_loss":0,"event_name":"Drug Dealer","floor":27,"gold_loss":0,"cards_obtained":["Melter","Steam Power"]},{"damage_healed":0,"gold_gain":0,"player_choice":"Memory 3","damage_taken":10,"max_hp_gain":0,"max_hp_loss":0,"event_name":"SensoryStone","floor":37,"gold_loss":0},{"damage_healed":0,"gold_gain":0,"player_choice":"Upgraded","damage_taken":0,"max_hp_gain":0,"max_hp_loss":0,"event_name":"Upgrade Shrine","floor":39,"gold_loss":0,"cards_upgraded":["Electrodynamics"]}],"is_beta":false,"boss_relics":[{"not_picked":["Orrery","Lizard Tail"],"picked":"Coffee Dripper"},{"not_picked":["Velvet Choker","Sozu"],"picked":"Busted Crown"}],"items_purged_floors":[11,13,19,21,28,36,44],"is_endless":false,"potions_floor_spawned":[14,16,18,22,33,35,41],"ascension_level":0}