{"gold_per_floor":[119,135,153,167,187,200,525,525,525,550,566,566,94,109,109,209,209,225,65,81,81,98,123,123,151,220,245,261,279,279,0,0,104,104,118,132,143,159,169,201,301,301,301,311,311,336,336,355,355,355],"floor_reached":51,"playtime":3838,"items_purged":[],"score":810,"play_id":"ee775953-9ac4-437f-9252-0246bb2a19f4","local_time":"20181116034011","is_ascension_mode":false,"campfire_choices":[{"data":"Armaments","floor":12,"key":"SMITH"},{"data":"1","floor":15,"key":"LIFT"},{"data":"2","floor":24,"key":"LIFT"},{"floor":30,"key":"REST"},{"floor":32,"key":"REST"},{"floor":42,"key":"REST"},{"data":"3","floor":45,"key":"LIFT"},{"floor":49,"key":"REST"}],"neow_cost":"NONE","seed_source_timestamp":40568075602644,"circlet_count":0,"master_deck":["Strike_R","Strike_R","Strike_R","Strike_R","Strike_R","Defend_R","Defend_R","Defend_R","Defend_R","Bash","Armaments+1","Sword Boomerang","Dropkick","Twin Strike","Ghostly Armor","Flame Barrier","Rage","Pommel Strike+1","Armaments","Demon Form+1","Perfected Strike+1","Limit Break","Spot Weakness","Limit Break","Iron Wave+1","Cleave+1","Twin Strike+1","Perfected Strike+1","Dropkick+1","Cleave+1","Uppercut+1","Thunderclap+1","Impervious","Heavy Blade+1","Warcry+1","Cleave+1","Seeing Red+1","Parasite","Clothesline+1","Pommel Strike+1","Perfected Strike+1","Seeing Red"],"relics":["Burning Blood","NeowsBlessing","Old Coin","Molten Egg 2","Strawberry","Girya","Fusion Hammer","Centennial Puzzle","WingedGreaves","Darkstone Periapt","Bronze Scales","Sozu","Pocketwatch","Champion Belt","Pear","Regal Pillow"],"potions_floor_usage":[7,7,16,22,25,25,27,33,40],"damage_taken":[{"damage":0,"enemies":"2 Louse","floor":1,"turns":1},{"damage":0,"enemies":"Cultist","floor":2,"turns":1},{"damage":0,"enemies":"Jaw Worm","floor":3,"turns":1},{"damage":24,"enemies":"Exordium Thugs","floor":4,"turns":6},{"damage":13,"enemies":"3 Louse","floor":5,"turns":3},{"damage":11,"enemies":"Red Slaver","floor":6,"turns":3},{"damage":38,"enemies":"Lagavulin","floor":7,"turns":8},{"damage":19,"enemies":"Gremlin Nob","floor":10,"turns":5},{"damage":10,"enemies":"Gremlin Gang","floor":11,"turns":9},{"damage":11,"enemies":"3 Louse","floor":14,"turns":3},{"damage":25,"enemies":"Slime Boss","floor":16,"turns":8},{"damage":7,"enemies":"3 Byrds","floor":18,"turns":5},{"damage":5,"enemies":"Shell Parasite","floor":20,"turns":4},{"damage":10,"enemies":"Chosen and Byrds","floor":22,"turns":3},{"damage":43,"enemies":"Gremlin Leader","floor":23,"turns":6},{"damage":8,"enemies":"Book of Stabbing","floor":25,"turns":3},{"damage":39,"enemies":"Slavers","floor":27,"turns":5},{"damage":1,"enemies":"Centurion and Healer","floor":28,"turns":4},{"damage":14,"enemies":"Snake Plant","floor":29,"turns":3},{"damage":27,"enemies":"Collector","floor":33,"turns":4},{"damage":16,"enemies":"3 Shapes","floor":35,"turns":4},{"damage":5,"enemies":"Orb Walker","floor":36,"turns":2},{"damage":14,"enemies":"3 Darklings","floor":37,"turns":3},{"damage":3,"enemies":"4 Shapes","floor":38,"turns":6},{"damage":29,"enemies":"Writhing Mass","floor":39,"turns":3},{"damage":40,"enemies":"Nemesis","floor":40,"turns":7},{"damage":6,"enemies":"Mind Bloom Boss Battle","floor":41,"turns":4},{"damage":13,"enemies":"Jaw Worm Horde","floor":44,"turns":3},{"damage":4,"enemies":"Giant Head","floor":46,"turns":6},{"damage":11,"enemies":"3 Darklings","floor":48,"turns":2},{"damage":56,"enemies":"Donu and Deca","floor":50,"turns":7}],"seed_played":"5166795797501332201","potions_obtained":[{"floor":4,"key":"Dexterity Potion"},{"floor":5,"key":"LiquidBronze"},{"floor":6,"key":"PowerPotion"},{"floor":10,"key":"Block Potion"},{"floor":14,"key":"Weak Potion"},{"floor":20,"key":"Strength Potion"},{"floor":23,"key":"EssenceOfSteel"},{"floor":25,"key":"Poison Potion"},{"floor":28,"key":"FairyPotion"},{"floor":33,"key":"BloodPotion"}],"is_trial":false,"path_per_floor":["M","M","M","M","M","M","E","?","T","E","M","R","$","M","R","B",null,"M","$","M","?","M","E","R","E","T","E","M","M","R","?","R","B",null,"M","M","M","M","M","E","?","R","T","M","R","E","?","M","R","B",null],"character_chosen":"IRONCLAD","items_purchased":["Armaments","Demon Form","Girya","Limit Break","Iron Wave+1"],"campfire_rested":4,"item_purchase_floors":[13,13,13,19,19],"current_hp_per_floor":[80,80,80,62,55,50,18,80,80,74,70,70,70,65,65,46,87,86,86,87,87,83,46,46,44,44,11,16,8,34,34,60,39,87,77,78,70,73,56,31,31,58,68,61,61,63,63,58,103,53],"gold":355,"neow_bonus":"THREE_ENEMY_KILL","is_prod":false,"is_daily":false,"chose_seed":false,"campfire_upgraded":1,"win_rate":0.0,"timestamp":1542357611,"path_taken":["M","M","M","M","M","M","E","?","T","E","M","R","$","M","R","BOSS","M","$","M","?","M","E","R","E","T","E","M","M","R","?","R","BOSS","M","M","M","M","M","E","?","R","T","M","R","E","?","?","R","BOSS"],"build_version":"2018-11-15","purchased_purges":0,"victory":true,"max_hp_per_floor":[80,80,80,80,80,80,80,80,80,87,87,87,87,87,87,87,87,87,87,87,87,87,87,87,87,87,87,87,87,87,87,87,87,87,87,87,87,87,93,93,93,93,103,103,103,103,103,103,103,103],"card_choices":[{"not_picked":["Headbutt","True Grit"],"picked":"Armaments","floor":1},{"not_picked":["Second Wind","Power Through"],"picked":"Fire Breathing","floor":2},{"not_picked":["Feel No Pain","Armaments"],"picked":"Sword Boomerang","floor":3},{"not_picked":["Pommel Strike","Sword Boomerang"],"picked":"Dropkick","floor":4},{"not_picked":["Headbutt","Intimidate"],"picked":"Twin Strike","floor":5},{"not_picked":["Cleave","Headbutt"],"picked":"Ghostly Armor","floor":6},{"not_picked":["Twin Strike","Berserk"],"picked":"Flame Barrier","floor":7},{"not_picked":["Carnage+1","Fire Breathing"],"picked":"Rage","floor":10},{"not_picked":["Anger+1","Dropkick+1"],"picked":"Pommel Strike+1","floor":11},{"not_picked":["Flex","Metallicize"],"picked":"Perfected Strike+1","floor":14},{"not_picked":["Offering","Double Tap"],"picked":"Limit Break","floor":16},{"not_picked":["Whirlwind+1","True Grit"],"picked":"Spot Weakness","floor":18},{"not_picked":["Body Slam+1","Armaments"],"picked":"Cleave+1","floor":20},{"not_picked":["Warcry","Power Through+1"],"picked":"Twin Strike+1","floor":22},{"not_picked":["Whirlwind+1","Pommel Strike+1"],"picked":"Perfected Strike+1","floor":23},{"not_picked":["True Grit+1","Dark Embrace"],"picked":"Dropkick+1","floor":25},{"not_picked":["Armaments","Clash+1"],"picked":"Cleave+1","floor":27},{"not_picked":["Clash+1","Corruption"],"picked":"Uppercut+1","floor":28},{"not_picked":["Headbutt+1","Cleave+1"],"picked":"Thunderclap+1","floor":29},{"not_picked":["Feed+1","Brutality"],"picked":"Impervious","floor":33},{"not_picked":["Sword Boomerang+1","Headbutt+1"],"picked":"Heavy Blade+1","floor":35},{"not_picked":["Anger+1","True Grit"],"picked":"Warcry+1","floor":36},{"not_picked":["Anger+1","Body Slam+1"],"picked":"Cleave+1","floor":37},{"not_picked":["Pommel Strike+1","Rampage+1"],"picked":"Seeing Red+1","floor":38},{"not_picked":["Warcry","Intimidate"],"picked":"Clothesline+1","floor":39},{"not_picked":["Intimidate+1","Warcry+1"],"picked":"Pommel Strike+1","floor":40},{"not_picked":["Seeing Red+1","Sword Boomerang+1"],"picked":"Perfected Strike+1","floor":41},{"not_picked":["Juggernaut","True Grit","Sever Soul+1"],"picked":"SKIP","floor":44},{"not_picked":["Dual Wield","Twin Strike+1"],"picked":"Seeing Red","floor":46},{"not_picked":["Body Slam+1","Rupture+1","Clash+1"],"picked":"SKIP","floor":48}],"player_experience":12307,"relics_obtained":[{"floor":7,"key":"Old Coin"},{"floor":9,"key":"Molten Egg 2"},{"floor":10,"key":"Strawberry"},{"floor":23,"key":"Centennial Puzzle"},{"floor":25,"key":"WingedGreaves"},{"floor":26,"key":"Darkstone Periapt"},{"floor":27,"key":"Bronze Scales"},{"floor":40,"key":"Pocketwatch"},{"floor":41,"key":"Champion Belt"},{"floor":43,"key":"Pear"},{"floor":46,"key":"Regal Pillow"}],"event_choices":[{"cards_removed":["Fire Breathing"],"damage_healed":62,"gold_gain":0,"player_choice":"Offered Uncommon","damage_taken":0,"max_hp_gain":0,"max_hp_loss":0,"event_name":"Bonfire Elementals","floor":8,"gold_loss":0},{"damage_healed":0,"gold_gain":0,"player_choice":"Ignored","damage_taken":0,"max_hp_gain":0,"max_hp_loss":0,"event_name":"Beggar","floor":21,"gold_loss":0},{"damage_healed":0,"gold_gain":0,"player_choice":"Paid Fearfully","damage_taken":0,"max_hp_gain":0,"max_hp_loss":0,"event_name":"Masked Bandits","floor":31,"gold_loss":279},{"damage_healed":0,"gold_gain":0,"player_choice":"Fight","damage_taken":0,"max_hp_gain":0,"max_hp_loss":0,"event_name":"MindBloom","floor":41,"gold_loss":0},{"damage_healed":0,"gold_gain":0,"player_choice":"Forge","damage_taken":0,"max_hp_gain":0,"max_hp_loss":0,"event_name":"Accursed Blacksmith","floor":47,"gold_loss":0,"cards_upgraded":["Demon Form"]}],"is_beta":false,"boss_relics":[{"not_picked":["Busted Crown","Astrolabe"],"picked":"Fusion Hammer"},{"not_picked":["Runic Dome","Snecko Eye"],"picked":"Sozu"}],"items_purged_floors":[],"is_endless":false,"potions_floor_spawned":[4,5,6,10,14,20,23,25,28,33,37,38,40,46,48],"ascension_level":0}