{"gold_per_floor":[113,113,288,305,305,341,47,47,47,47,47,61,75,100,100,224,287,300,335,335,335,154,154],"floor_reached":23,"playtime":2704,"items_purged":["Doubt","Injury"],"score":212,"play_id":"ddb18a94-12c4-479e-83c2-a7e855b18e06","local_time":"20190125142601","is_ascension_mode":false,"campfire_choices":[{"floor":8,"key":"REST"},{"data":"Slimebound:SelfFormingGoo","floor":10,"key":"SMITH"},{"data":"Slimebound:DuplicatedForm","floor":15,"key":"PURGE"}],"neow_cost":"NONE","seed_source_timestamp":5455346704600,"circlet_count":0,"master_deck":["Slimebound:Defend_Slimebound+1","Slimebound:Defend_Slimebound","Slimebound:Defend_Slimebound","Slimebound:Defend_Slimebound","Slimebound:Split","Slimebound:CorrosiveSpit","Slimebound:TendrilStrike+1","Slimebound:PoisonLick","Slimebound:LevelUp","Slimebound:SelfFormingGoo+1","Slimebound:LeadByExample","Slimebound:SplitLeeching+1","Slimebound:Teamwork","Slimebound:SlimeBarrage","Slimebound:DivideAndConquer","Slimebound:Lick+1","Bite","Bite","Bite","Bite","Bite","Slimebound:DisruptingSlam"],"relics":["Slimebound:AbsorbEndCombat","Golden Idol","Ice Cream","Lantern","Slimebound:ScrapOozeRelic","Tiny House","Red Mask","MutagenicStrength"],"potions_floor_usage":[14,16,16,23,23],"damage_taken":[{"damage":7,"enemies":"Cultist","floor":1,"turns":4},{"damage":16,"enemies":"Small Slimes","floor":4,"turns":4},{"damage":33,"enemies":"3 Sentries","floor":6,"turns":12},{"damage":8,"enemies":"2 Louse","floor":12,"turns":3},{"damage":22,"enemies":"Blue Slaver","floor":13,"turns":3},{"damage":20,"enemies":"Large Slime","floor":14,"turns":4},{"damage":25,"enemies":"Hexaghost","floor":16,"turns":8},{"damage":31,"enemies":"Shell Parasite","floor":18,"turns":5},{"damage":65,"enemies":"Masked Bandits","floor":19,"turns":5},{"damage":22,"enemies":"Slavers","floor":23,"turns":2}],"seed_played":"1345225368068730054","potions_obtained":[{"floor":4,"key":"LiquidBronze"},{"floor":12,"key":"Regen Potion"},{"floor":13,"key":"Weak Potion"},{"floor":14,"key":"EssenceOfSteel"},{"floor":16,"key":"FearPotion"},{"floor":17,"key":"Slimebound:SlimyTonguePotion"},{"floor":19,"key":"EssenceOfSteel"}],"is_trial":false,"path_per_floor":["M","?","?","M","?","E","$","R","T","R","?","M","M","M","R","B",null,"M","?","?","?","$","E"],"character_chosen":"SLIMEBOUND","items_purchased":["Lantern","Slimebound:SelfFormingGoo","Slimebound:DisruptingSlam"],"campfire_rested":1,"item_purchase_floors":[7,7,22],"current_hp_per_floor":[76,61,61,55,55,33,33,56,56,56,56,56,42,47,47,39,82,68,13,13,13,13,0],"gold":154,"neow_bonus":"TEN_PERCENT_HP_BONUS","is_prod":false,"is_daily":false,"chose_seed":false,"campfire_upgraded":1,"win_rate":0.0,"timestamp":1548444361,"path_taken":["M","?","?","M","?","E","$","R","T","R","?","M","M","?","R","BOSS","M","?","?","?","$","E"],"build_version":"2019-01-23","purchased_purges":2,"victory":false,"max_hp_per_floor":[77,77,77,77,77,77,77,77,77,77,77,77,77,77,77,77,82,82,82,82,57,57,57],"card_choices":[{"not_picked":["Slimebound:VenomTackle","Slimebound:GoopTackle"],"picked":"Slimebound:TendrilStrike","floor":1},{"not_picked":["Slimebound:SamplingLick","Slimebound:LeechingTouch"],"picked":"Slimebound:PoisonLick","floor":4},{"not_picked":["Slimebound:TendrilStrike","Slimebound:ItLooksTasty"],"picked":"Slimebound:LevelUp","floor":6},{"not_picked":["Slimebound:ComboTackle","Slimebound:SelfFormingGoo"],"picked":"Slimebound:LeadByExample","floor":12},{"not_picked":["Slimebound:GoopSpray","Slimebound:AcidGelatin"],"picked":"Slimebound:SplitLeeching","floor":13},{"not_picked":["Slimebound:SplitBruiser","Slimebound:TongueLash"],"picked":"Slimebound:DuplicatedForm","floor":14},{"not_picked":["Slimebound:DuplicatedForm","Slimebound:Overexert"],"picked":"Slimebound:Teamwork","floor":16},{"not_picked":["Slimebound:SlimeTap","Slimebound:Equalize"],"picked":"Slimebound:SlimeBarrage","floor":17},{"not_picked":["Slimebound:SpikyOuterGoop","Slimebound:DisruptingSlam"],"picked":"Slimebound:DivideAndConquer","floor":18},{"not_picked":["Slimebound:DivideAndConquer","Slimebound:AcidGelatin"],"picked":"Slimebound:Lick+1","floor":19}],"player_experience":476772,"relics_obtained":[{"floor":6,"key":"Ice Cream"},{"floor":19,"key":"Red Mask"}],"event_choices":[{"damage_healed":0,"gold_gain":0,"player_choice":"Entered Light","damage_taken":15,"max_hp_gain":0,"max_hp_loss":0,"event_name":"Shining Light","floor":2,"gold_loss":0,"cards_upgraded":["Slimebound:Defend_Slimebound","Slimebound:TendrilStrike"]},{"damage_healed":0,"gold_gain":175,"player_choice":"AGREE","damage_taken":0,"max_hp_gain":0,"max_hp_loss":0,"event_name":"Liars Game","floor":3,"gold_loss":0,"cards_obtained":["Doubt"]},{"damage_healed":0,"gold_gain":0,"player_choice":"Take Wound","damage_taken":0,"relics_obtained":["Golden Idol"],"max_hp_gain":0,"max_hp_loss":0,"event_name":"Golden Idol","floor":5,"gold_loss":0,"cards_obtained":["Injury"]},{"damage_healed":0,"gold_gain":0,"player_choice":"Fought Bandits","damage_taken":0,"max_hp_gain":0,"max_hp_loss":0,"event_name":"Masked Bandits","floor":19,"gold_loss":0},{"damage_healed":0,"gold_gain":0,"player_choice":"Inject Mutagens","damage_taken":0,"relics_obtained":["MutagenicStrength"],"max_hp_gain":0,"max_hp_loss":0,"event_name":"Drug Dealer","floor":20,"gold_loss":0},{"damage_healed":0,"gold_gain":0,"player_choice":"Became a vampire","damage_taken":0,"max_hp_gain":0,"max_hp_loss":25,"event_name":"Vampires","floor":21,"gold_loss":0,"cards_obtained":["Bite","Bite","Bite","Bite","Bite"]}],"is_beta":false,"boss_relics":[{"not_picked":["Eternal Feather","White Beast Statue"],"picked":"Tiny House"}],"items_purged_floors":[7,22],"is_endless":false,"potions_floor_spawned":[4,12,13,14,16,19],"killed_by":"Slavers","ascension_level":0}