{"gold_per_floor":[118,136,116,136,136,162,180,205,205,205,239,239,272,291,291,394,394,409,419,39,39,57,57,57],"floor_reached":24,"playtime":2137,"items_purged":["Strike_B"],"score":259,"play_id":"2e17ee36-61da-4054-aa6c-821403c236ce","local_time":"20190505032345","is_ascension_mode":true,"campfire_choices":[{"floor":10.0,"key":"REST"},{"data":"Seek","floor":12.0,"key":"SMITH"},{"floor":15,"key":"REST"},{"floor":23,"key":"REST"}],"neow_cost":"NONE","seed_source_timestamp":48091858039482,"circlet_count":0,"master_deck":["Strike_B","Defend_B","Defend_B","Defend_B","Defend_B","Zap","Dualcast+1","Conserve Battery","Loop","Coolheaded+1","Hello World","Amplify","Cold Snap","Cold Snap","Cold Snap","Doom and Gloom","Seek+1","Capacitor","Loop","Buffer","Redo","Hologram","Blizzard","Hyperbeam"],"special_seed":0,"relics":["Orrery","Mercury Hourglass","Odd Mushroom","Kunai","Orichalcum","PreservedInsect","Empty Cage","Toy Ornithopter"],"potions_floor_usage":[14,14,16,22,22,24],"damage_taken":[{"damage":7.0,"enemies":"Jaw Worm","floor":1.0,"turns":4.0},{"damage":0.0,"enemies":"Cultist","floor":2.0,"turns":6.0},{"damage":9.0,"enemies":"Small Slimes","floor":4.0,"turns":4.0},{"damage":10.0,"enemies":"Lagavulin","floor":6.0,"turns":9.0},{"damage":2.0,"enemies":"2 Fungi Beasts","floor":7.0,"turns":4.0},{"damage":11.0,"enemies":"The Mushroom Lair","floor":8.0,"turns":4.0},{"damage":16.0,"enemies":"3 Sentries","floor":11.0,"turns":8.0},{"damage":6,"enemies":"Gremlin Nob","floor":13,"turns":3},{"damage":6,"enemies":"Exordium Thugs","floor":14,"turns":2},{"damage":25,"enemies":"Slime Boss","floor":16,"turns":12},{"damage":33,"enemies":"2 Thieves","floor":18,"turns":4},{"damage":35,"enemies":"3 Byrds","floor":19,"turns":6},{"damage":25,"enemies":"Snake Plant","floor":22,"turns":4},{"damage":34,"enemies":"Snecko","floor":24,"turns":5}],"seed_played":"-4008295635743872475","potions_obtained":[{"floor":2.0,"key":"Dexterity Potion"},{"floor":3.0,"key":"Swift Potion"},{"floor":4.0,"key":"FearPotion"},{"floor":11.0,"key":"SteroidPotion"},{"floor":13,"key":"SpeedPotion"},{"floor":19,"key":"Fire Potion"},{"floor":22,"key":"SkillPotion"}],"is_trial":false,"path_per_floor":["M","M","?","M","?","E","M","?","T","R","E","R","E","M","R","B",null,"M","M","$","?","M","R","M"],"character_chosen":"DEFECT","items_purchased":["Blizzard","Regen Potion","Toy Ornithopter"],"campfire_rested":3,"item_purchase_floors":[20,20,20],"current_hp_per_floor":[68,68,68,59,44,34,32,21,21,43,27,27,21,15,37,12,75,42,7,7,7,4,26,0],"gold":57,"neow_bonus":"BOSS_RELIC","is_prod":false,"is_daily":false,"chose_seed":false,"campfire_upgraded":1,"win_rate":0,"timestamp":1557041025,"path_taken":["M","M","?","?","?","E","M","?","T","R","E","R","E","M","R","BOSS","M","M","$","?","M","R","M"],"build_version":"2019-01-23","purchased_purges":1,"victory":false,"max_hp_per_floor":[75,75,75,75,75,75,75,75,75,75,75,75,75,75,75,75,75,75,75,75,75,75,75,75],"card_choices":[{"not_picked":["Gash","Reprogram"],"picked":"Conserve Battery","floor":0.0},{"not_picked":["Beam Cell","Rebound"],"picked":"Loop","floor":0.0},{"not_picked":["Rip and Tear","Beam Cell"],"picked":"Coolheaded","floor":0.0},{"not_picked":["Aggregate","Turbo"],"picked":"Hello World","floor":0.0},{"not_picked":["Steam Power","Go for the Eyes"],"picked":"Amplify","floor":0.0},{"not_picked":["Force Field","Gash"],"picked":"Cold Snap","floor":1.0},{"not_picked":["Redo","Coolheaded"],"picked":"Cold Snap","floor":2.0},{"not_picked":["Reprogram","Beam Cell"],"picked":"Cold Snap","floor":4.0},{"not_picked":["Chill","Force Field"],"picked":"Doom and Gloom","floor":6.0},{"not_picked":["Recycle","Cold Snap"],"picked":"Seek","floor":7.0},{"not_picked":["Barrage","Go for the Eyes"],"picked":"Capacitor","floor":8.0},{"not_picked":["Rebound","Storm","Thunder Strike"],"picked":"SKIP","floor":11.0},{"not_picked":["Ball Lightning","Steam"],"picked":"Loop","floor":13},{"not_picked":["Stack","Compile Driver","All For One"],"picked":"SKIP","floor":14},{"not_picked":["Biased Cognition","Fission"],"picked":"Buffer","floor":16},{"not_picked":["Barrage","Force Field"],"picked":"Redo","floor":18},{"not_picked":["Rebound","Redo"],"picked":"Hologram","floor":19},{"not_picked":["Skim","Cold Snap"],"picked":"Hyperbeam","floor":22}],"player_experience":219706,"relics_obtained":[{"floor":6.0,"key":"Mercury Hourglass"},{"floor":8.0,"key":"Odd Mushroom"},{"floor":9.0,"key":"Kunai"},{"floor":11.0,"key":"Orichalcum"},{"floor":13,"key":"PreservedInsect"}],"event_choices":[{"damage_healed":0.0,"max_hp_gain":0.0,"max_hp_loss":0.0,"gold_gain":0.0,"event_name":"The Woman in Blue","player_choice":"Bought 1 Potion","floor":3.0,"gold_loss":0.0,"damage_taken":0.0},{"damage_healed":0.0,"max_hp_gain":0.0,"max_hp_loss":0.0,"gold_gain":0.0,"event_name":"Shining Light","player_choice":"Entered Light","floor":5.0,"gold_loss":0.0,"damage_taken":15.0,"cards_upgraded":["Dualcast","Coolheaded"]},{"damage_healed":0.0,"max_hp_gain":0.0,"max_hp_loss":0.0,"gold_gain":0.0,"event_name":"Mushrooms","player_choice":"Fought Mushrooms","floor":8.0,"gold_loss":0.0,"damage_taken":0.0},{"damage_healed":0,"gold_gain":0,"player_choice":"Ignored","damage_taken":0,"max_hp_gain":0,"max_hp_loss":0,"event_name":"Ghosts","floor":21,"gold_loss":0}],"is_beta":false,"boss_relics":[{"not_picked":["Busted Crown","Eternal Feather"],"picked":"Empty Cage"}],"items_purged_floors":[20],"is_endless":false,"potions_floor_spawned":[2,4,6,11,13,19,22],"killed_by":"Snecko","ascension_level":4}