{"gold_per_floor":[119,138,313,48,58,84,84,110,110,137,151,151,220,239,239,337,337,357,369,56,70,70,70],"floor_reached":23,"playtime":9209,"items_purged":["Normality"],"score":420,"play_id":"6adbb208-4cb5-438b-b072-90b1faa96ba1","local_time":"20190519185248","is_ascension_mode":true,"campfire_choices":[{"floor":7.0,"key":"REST"},{"data":"Immolate","floor":12.0,"key":"SMITH"},{"floor":15.0,"key":"REST"}],"neow_cost":"CURSE","seed_source_timestamp":12536949679901,"circlet_count":0,"master_deck":["Strike_R","Strike_R","Strike_R","Strike_R","Strike_R","Defend_R","Defend_R","Defend_R","Defend_R","Bash","Panache","Bandage Up","Perfected Strike","Burning Pact","Doubt","Immolate+1","Spot Weakness","Shockwave","Clash","Shrug It Off","Carnage","Carnage","Shockwave","Reaper","Warcry+1","Thunderclap","Sever Soul","Inflame+1"],"special_seed":0,"relics":["Burning Blood","Vajra","Letter Opener","Dream Catcher","Centennial Puzzle","Velvet Choker","Meat on the Bone"],"potions_floor_usage":[],"damage_taken":[{"damage":1.0,"enemies":"Cultist","floor":1.0,"turns":3.0},{"damage":14.0,"enemies":"Jaw Worm","floor":2.0,"turns":4.0},{"damage":7.0,"enemies":"Small Slimes","floor":5.0,"turns":4.0},{"damage":59.0,"enemies":"Lagavulin","floor":6.0,"turns":7.0},{"damage":31.0,"enemies":"Gremlin Nob","floor":8.0,"turns":4.0},{"damage":30.0,"enemies":"Lagavulin","floor":10.0,"turns":5.0},{"damage":7.0,"enemies":"Exordium Wildlife","floor":11.0,"turns":3.0},{"damage":7.0,"enemies":"2 Fungi Beasts","floor":14.0,"turns":2.0},{"damage":30.0,"enemies":"The Guardian","floor":16.0,"turns":11.0},{"damage":29,"enemies":"Shell Parasite","floor":18,"turns":4},{"damage":19,"enemies":"2 Thieves","floor":19,"turns":3},{"damage":17,"enemies":"Snecko","floor":21,"turns":5},{"damage":63,"enemies":"Slavers","floor":23,"turns":3}],"seed_played":"-4193548786502574573","potions_obtained":[{"floor":1.0,"key":"Dexterity Potion"},{"floor":8.0,"key":"LiquidBronze"},{"floor":11.0,"key":"AttackPotion"},{"floor":16.0,"key":"GamblersBrew"},{"floor":21,"key":"Energy Potion"}],"is_trial":false,"path_per_floor":["M","M","?","$","M","E","R","E","T","E","M","R","?","M","R","B",null,"M","M","$","M","$","E"],"character_chosen":"IRONCLAD","items_purchased":["Immolate","Energy Potion","Meat on the Bone","Sever Soul"],"campfire_rested":2,"item_purchase_floors":[4,4,20,20],"current_hp_per_floor":[80,72,72,72,75,26,50,29,29,9,12,12,12,11,35,15,64,57,49,49,50,50,0],"gold":70,"neow_bonus":"RANDOM_COLORLESS_2","is_prod":false,"is_daily":false,"chose_seed":false,"campfire_upgraded":1,"win_rate":0,"timestamp":1558306368,"path_taken":["M","M","?","?","M","E","R","E","T","E","M","R","?","?","R","BOSS","M","M","$","M","$","E"],"build_version":"2019-01-23","purchased_purges":1,"victory":false,"max_hp_per_floor":[80,80,80,80,80,80,80,80,80,80,80,80,80,80,80,80,80,80,80,80,80,80,80],"card_choices":[{"not_picked":["Shockwave","Bloodletting"],"picked":"Perfected Strike","floor":1.0},{"not_picked":["Headbutt","Armaments"],"picked":"Burning Pact","floor":2.0},{"not_picked":["Pummel","Warcry"],"picked":"Spot Weakness","floor":5.0},{"not_picked":["Sword Boomerang","Havoc"],"picked":"Shockwave","floor":6.0},{"not_picked":["Armaments","Brutality"],"picked":"Clash","floor":8.0},{"not_picked":["Bloodletting","Reckless Charge"],"picked":"Shrug It Off","floor":10.0},{"not_picked":["Fire Breathing","Dropkick"],"picked":"Carnage","floor":11.0},{"not_picked":["Iron Wave","Feel No Pain"],"picked":"Carnage","floor":14.0},{"not_picked":["Sword Boomerang","Uppercut"],"picked":"Shockwave","floor":15.0},{"not_picked":["Brutality","Berserk"],"picked":"Reaper","floor":16.0},{"not_picked":["True Grit","Body Slam"],"picked":"Warcry+1","floor":18},{"not_picked":["Warcry+1","Cleave"],"picked":"Thunderclap","floor":19},{"not_picked":["Entrench+1","Sword Boomerang"],"picked":"Inflame+1","floor":21}],"player_experience":276910,"relics_obtained":[{"floor":6.0,"key":"Vajra"},{"floor":8.0,"key":"Letter Opener"},{"floor":9.0,"key":"Dream Catcher"},{"floor":10.0,"key":"Centennial Puzzle"}],"event_choices":[{"damage_healed":0.0,"max_hp_gain":0.0,"max_hp_loss":0.0,"gold_gain":175.0,"event_name":"Liars Game","player_choice":"AGREE","floor":3.0,"gold_loss":0.0,"damage_taken":0.0,"cards_obtained":["Doubt"]},{"damage_healed":0.0,"max_hp_gain":0.0,"max_hp_loss":0.0,"gold_gain":69.0,"event_name":"Golden Wing","player_choice":"Gained Gold","floor":13.0,"gold_loss":0.0,"damage_taken":0.0}],"is_beta":false,"boss_relics":[{"not_picked":["Lizard Tail","Eternal Feather"],"picked":"Velvet Choker"}],"items_purged_floors":[4],"is_endless":false,"potions_floor_spawned":[1,8,11,16,21],"killed_by":"Slavers","ascension_level":7}