{"gold_per_floor":[118,132,132,150,225,250,250,34,60,60,78,10,10,30,30,131,131,141,141],"floor_reached":19,"playtime":1938,"items_purged":["Strike_B"],"score":165,"play_id":"a6454489-fcea-4da1-b3a9-6a829c113dc0","local_time":"20190529210247","is_ascension_mode":false,"campfire_choices":[{"floor":10,"key":"REST"},{"data":"Storm","floor":13,"key":"SMITH"},{"floor":15,"key":"REST"}],"neow_cost":"NONE","seed_source_timestamp":3788864706381528,"circlet_count":0,"master_deck":["Strike_B","Strike_B","Strike_B+1","Defend_B","Defend_B","Defend_B","Zap","Dualcast","Scrape+1","Fusion","Cold Snap","Genetic Algorithm","Good Instincts","Barrage","Beam Cell","Storm+1","Capacitor","Conserve Battery","Rip and Tear","Rainbow","Steam"],"relics":["Cracked Core","Whetstone","Dream Catcher","Odd Mushroom","Busted Crown"],"potions_floor_usage":[],"damage_taken":[{"damage":0,"enemies":"Cultist","floor":1,"turns":3},{"damage":8,"enemies":"Jaw Worm","floor":2,"turns":3},{"damage":1,"enemies":"2 Louse","floor":4,"turns":2},{"damage":48,"enemies":"3 Sentries","floor":6,"turns":9},{"damage":2,"enemies":"Blue Slaver","floor":11,"turns":3},{"damage":40,"enemies":"The Mushroom Lair","floor":14,"turns":5},{"damage":29,"enemies":"Slime Boss","floor":16,"turns":12},{"damage":23,"enemies":"2 Thieves","floor":18,"turns":4},{"damage":23,"enemies":"3 Byrds","floor":19,"turns":4}],"seed_played":"7349048123008309960","potions_obtained":[{"floor":1,"key":"Regen Potion"},{"floor":4,"key":"Weak Potion"},{"floor":6,"key":"Strength Potion"}],"is_trial":false,"path_per_floor":["M","M","?","M","?","E","?","$","T","R","M","$","R","?","R","B",null,"M","M"],"character_chosen":"DEFECT","items_purchased":["Good Instincts","Barrage","Capacitor"],"campfire_rested":2,"item_purchase_floors":[8,8,12],"current_hp_per_floor":[82,74,74,73,62,14,41,41,41,65,63,63,63,23,47,18,82,59,36],"gold":141,"neow_bonus":"TEN_PERCENT_HP_BONUS","is_prod":false,"is_daily":false,"chose_seed":false,"campfire_upgraded":1,"win_rate":0.0,"timestamp":1559181767,"path_taken":["M","M","?","?","?","E","?","?","T","R","M","$","R","?","R","BOSS","M","M"],"build_version":"2019-01-23","purchased_purges":1,"victory":false,"max_hp_per_floor":[82,82,82,82,82,82,82,82,82,82,82,82,82,82,82,82,82,82,82],"card_choices":[{"not_picked":["Static Discharge","Compile Driver"],"picked":"Scrape","floor":1},{"not_picked":["Barrage","Aggregate"],"picked":"Fusion","floor":2},{"not_picked":["Lockon","Streamline"],"picked":"Cold Snap","floor":4},{"not_picked":["Sweeping Beam","Streamline"],"picked":"Genetic Algorithm","floor":6},{"not_picked":["FTL","Auto Shields"],"picked":"Beam Cell","floor":10},{"not_picked":["Scrape","Leap"],"picked":"Storm","floor":11},{"not_picked":["Leap","Go for the Eyes"],"picked":"Conserve Battery","floor":14},{"not_picked":["Genetic Algorithm","Conserve Battery"],"picked":"Rip and Tear","floor":15},{"not_picked":["Creative AI","Thunder Strike"],"picked":"Rainbow","floor":16},{"not_picked":[],"picked":"Steam","floor":18}],"player_experience":8217,"relics_obtained":[{"floor":6,"key":"Whetstone"},{"floor":9,"key":"Dream Catcher"},{"floor":14,"key":"Odd Mushroom"}],"event_choices":[{"cards_removed":["Defend_B"],"damage_healed":0,"gold_gain":0,"player_choice":"Purged","damage_taken":0,"max_hp_gain":0,"max_hp_loss":0,"event_name":"Purifier","floor":3,"gold_loss":0},{"damage_healed":0,"gold_gain":75,"player_choice":"Gather Gold","damage_taken":11,"max_hp_gain":0,"max_hp_loss":0,"event_name":"World of Goop","floor":5,"gold_loss":0},{"damage_healed":27,"gold_gain":0,"player_choice":"Banana","damage_taken":0,"max_hp_gain":0,"max_hp_loss":0,"event_name":"Big Fish","floor":7,"gold_loss":0},{"damage_healed":0,"gold_gain":0,"player_choice":"Fought Mushrooms","damage_taken":0,"max_hp_gain":0,"max_hp_loss":0,"event_name":"Mushrooms","floor":14,"gold_loss":0}],"is_beta":false,"boss_relics":[{"not_picked":["Black Star","Philosopher\u0027s Stone"],"picked":"Busted Crown"}],"items_purged_floors":[8],"is_endless":false,"potions_floor_spawned":[1,4,6,16,18],"killed_by":"3 Byrds","ascension_level":0}