{"gold_per_floor":[117,137,152,152,5,5,38,38,64,75,121,148,190,221,233,343,355,379,401,67,85,85,115,115,134,161,181,181,0,0,18,18,18],"floor_reached":33,"playtime":2321,"items_purged":["Strike_G","Decay"],"score":335,"play_id":"89114879-ea15-4250-8910-ddef90d300da","local_time":"20190129193102","is_ascension_mode":true,"campfire_choices":[{"data":"Bouncing Flask","floor":6,"key":"SMITH"},{"floor":15,"key":"REST"},{"floor":24,"key":"REST"},{"floor":28,"key":"REST"},{"floor":32,"key":"REST"}],"neow_cost":"NONE","seed_source_timestamp":572988019789279,"circlet_count":0,"master_deck":["Defend_G","Defend_G","Defend_G","Defend_G","Defend_G","Survivor","Neutralize","Bouncing Flask+1","Bane","Deadly Poison","Caltrops","Riddle With Holes","Parasite","Bane","Bane","Doppelganger","Flying Knee+1","Slice+1","Footwork+1","Deflect","Backflip","PiercingWail","Catalyst","Well Laid Plans","PiercingWail","Deadly Poison"],"relics":["Cursed Key","Regal Pillow","Happy Flower","MawBank","Shovel","Astrolabe","Mercury Hourglass","Matryoshka","Anchor","Strawberry"],"potions_floor_usage":[13,16,19,19,23],"damage_taken":[{"damage":2,"enemies":"Jaw Worm","floor":1,"turns":4},{"damage":0,"enemies":"Cultist","floor":2,"turns":3},{"damage":0,"enemies":"2 Louse","floor":3,"turns":2},{"damage":14,"enemies":"3 Sentries","floor":7,"turns":7},{"damage":12,"enemies":"Exordium Thugs","floor":10,"turns":4},{"damage":8,"enemies":"Blue Slaver","floor":12,"turns":3},{"damage":19,"enemies":"Lagavulin","floor":13,"turns":4},{"damage":3,"enemies":"Looter","floor":14,"turns":2},{"damage":14,"enemies":"Hexaghost","floor":16,"turns":8},{"damage":7,"enemies":"3 Byrds","floor":18,"turns":4},{"damage":10,"enemies":"2 Thieves","floor":19,"turns":4},{"damage":9,"enemies":"Cultist and Chosen","floor":21,"turns":6},{"damage":43,"enemies":"Gremlin Leader","floor":23,"turns":8},{"damage":21,"enemies":"Centurion and Healer","floor":25,"turns":7},{"damage":9,"enemies":"Snecko","floor":27,"turns":5},{"damage":22,"enemies":"Shelled Parasite and Fungi","floor":31,"turns":6},{"damage":82,"enemies":"Collector","floor":33,"turns":7}],"seed_played":"-104400022134951697","potions_obtained":[{"floor":1,"key":"Poison Potion"},{"floor":3,"key":"Swift Potion"},{"floor":10,"key":"Dexterity Potion"},{"floor":13,"key":"Fire Potion"},{"floor":16,"key":"AttackPotion"},{"floor":18,"key":"AttackPotion"},{"floor":27,"key":"Fire Potion"},{"floor":31,"key":"Strength Potion"}],"is_trial":false,"path_per_floor":["M","M","M","?","$","R","E","$","T","M","T","M","E","M","R","B",null,"M","M","$","M","?","E","R","M","T","M","R","?","?","M","R","B"],"character_chosen":"THE_SILENT","items_purchased":["Caltrops","Mercury Hourglass"],"campfire_rested":4,"item_purchase_floors":[5,20],"current_hp_per_floor":[68,68,68,68,68,68,54,54,54,42,42,34,15,12,48,34,70,63,53,53,44,44,1,37,16,23,14,52,52,52,30,68,0],"gold":18,"neow_bonus":"BOSS_RELIC","is_prod":false,"is_daily":false,"chose_seed":false,"campfire_upgraded":1,"win_rate":0,"timestamp":1548808262,"path_taken":["M","M","M","?","$","R","E","$","T","?","?","M","E","M","R","BOSS","M","M","$","M","?","E","R","M","T","M","R","?","?","M","R","BOSS"],"build_version":"2019-01-23","purchased_purges":2,"victory":false,"max_hp_per_floor":[70,70,70,70,70,70,70,70,70,70,70,70,70,70,70,70,70,70,70,70,70,70,70,70,70,77,77,77,77,77,77,77,77],"card_choices":[{"not_picked":["Predator","Setup"],"picked":"Bouncing Flask","floor":1},{"not_picked":["Heel Hook","Terror"],"picked":"Bane","floor":2},{"not_picked":["Choke","Flying Knee"],"picked":"Deadly Poison","floor":3},{"not_picked":["Blade Dance","PiercingWail"],"picked":"Riddle With Holes","floor":7},{"not_picked":["Cloak And Dagger","Storm of Steel"],"picked":"Bane","floor":10},{"not_picked":["Escape Plan","PiercingWail"],"picked":"Bane","floor":12},{"not_picked":["Setup","Quick Slash","Calculated Gamble"],"picked":"SKIP","floor":13},{"not_picked":["Outmaneuver","Bane","Reflex"],"picked":"SKIP","floor":14},{"not_picked":["Phantasmal Killer","Unload"],"picked":"Doppelganger","floor":16},{"not_picked":["Underhanded Strike","Flying Knee"],"picked":"Footwork+1","floor":18},{"not_picked":["Bane","Dagger Spray"],"picked":"Deflect","floor":19},{"not_picked":["Flying Knee","Poisoned Stab"],"picked":"Backflip","floor":21},{"not_picked":["Bane+1","Poisoned Stab+1","Slice"],"picked":"SKIP","floor":23},{"not_picked":["Eviscerate","Bane"],"picked":"Well Laid Plans","floor":25},{"not_picked":["Tactician","Quick Slash"],"picked":"PiercingWail","floor":27},{"not_picked":["Dash+1","A Thousand Cuts"],"picked":"Deadly Poison","floor":31}],"player_experience":1431080,"relics_obtained":[{"floor":7,"key":"Happy Flower"},{"floor":11,"key":"MawBank"},{"floor":13,"key":"Shovel"},{"floor":23,"key":"Matryoshka"},{"floor":26,"key":"Anchor"},{"floor":26,"key":"Strawberry"}],"event_choices":[{"damage_healed":0,"gold_gain":0,"player_choice":"Gave Potion","damage_taken":0,"relics_obtained":["Regal Pillow"],"max_hp_gain":0,"max_hp_loss":0,"event_name":"WeMeetAgain","floor":4,"gold_loss":0},{"damage_healed":0,"gold_gain":0,"cards_transformed":["Grand Finale","Strike_G"],"player_choice":"Became Test Subject","damage_taken":0,"max_hp_gain":0,"max_hp_loss":0,"event_name":"Drug Dealer","floor":22,"gold_loss":0,"cards_obtained":["PiercingWail","Catalyst"]},{"damage_healed":0,"gold_gain":0,"player_choice":"Paid Fearfully","damage_taken":0,"max_hp_gain":0,"max_hp_loss":0,"event_name":"Masked Bandits","floor":29,"gold_loss":181},{"cards_removed":["Normality"],"damage_healed":0,"gold_gain":0,"player_choice":"Elegance","damage_taken":0,"max_hp_gain":0,"max_hp_loss":0,"event_name":"Back to Basics","floor":30,"gold_loss":0}],"is_beta":false,"boss_relics":[{"not_picked":["Calling Bell","Coffee Dripper"],"picked":"Astrolabe"}],"items_purged_floors":[5,20],"is_endless":false,"potions_floor_spawned":[1,3,10,13,16,18,27,31],"killed_by":"Collector","ascension_level":4}