{"gold_per_floor":[119,69,86,102,102,102,132,147,147,117,129,129,140,171,171,267,267,278,7,7,25,43,75,75,93,93,121,121,133,150,169,169,266,266,277,202,202,222,238,238,271,171,171,182,198,218,39,58,58,58],"floor_reached":51,"playtime":18380,"items_purged":["Defend_G","Defend_G"],"score":685,"play_id":"174ce2fc-b987-4799-874a-f9bb9e73685a","local_time":"20180822000415","is_ascension_mode":false,"campfire_choices":[{"data":"Noxious Fumes","floor":6,"key":"SMITH"},{"data":"Neutralize","floor":12,"key":"SMITH"},{"data":"Glass Knife","floor":15,"key":"SMITH"},{"data":"After Image","floor":28,"key":"SMITH"},{"floor":32,"key":"REST"},{"floor":49,"key":"DIG"}],"neow_cost":"NONE","seed_source_timestamp":261655222680953,"circlet_count":0,"master_deck":["Defend_G","Defend_G","Defend_G","Survivor","Neutralize+1","Backflip","Noxious Fumes+1","Backflip","Infinite Blades","Glass Knife+1","Quick Slash","Blade Dance","Blade Dance","After Image+1","Dagger Spray+1","Wraith Form v2+1","Well Laid Plans+1","Caltrops","Panache","Dark Shackles","Escape Plan","Deflect","Blur","All Out Attack","Backflip","Cloak And Dagger","Cloak And Dagger","Madness","Madness","Backstab+1","Apotheosis"],"relics":["Ring of the Snake","Shuriken","Meat on the Bone","Letter Opener","Astrolabe","Shovel","Darkstone Periapt","Bag of Marbles","Ornamental Fan","Busted Crown","Potion Belt","Omamori","Boot"],"potions_floor_usage":[27,33,33,44,48,50],"damage_taken":[{"damage":1,"enemies":"2 Louse","floor":1,"turns":3},{"damage":5,"enemies":"Cultist","floor":3,"turns":6},{"damage":2,"enemies":"Small Slimes","floor":4,"turns":4},{"damage":6,"enemies":"Lagavulin","floor":7,"turns":8},{"damage":0,"enemies":"Red Slaver","floor":8,"turns":4},{"damage":0,"enemies":"Looter","floor":10,"turns":4},{"damage":4,"enemies":"Exordium Wildlife","floor":11,"turns":4},{"damage":2,"enemies":"Blue Slaver","floor":13,"turns":4},{"damage":22,"enemies":"Gremlin Nob","floor":14,"turns":5},{"damage":3,"enemies":"Slime Boss","floor":16,"turns":7},{"damage":0,"enemies":"Spheric Guardian","floor":18,"turns":5},{"damage":4,"enemies":"2 Thieves","floor":21,"turns":4},{"damage":0,"enemies":"3 Cultists","floor":22,"turns":4},{"damage":7,"enemies":"Gremlin Leader","floor":23,"turns":6},{"damage":0,"enemies":"Snecko","floor":25,"turns":5},{"damage":5,"enemies":"Book of Stabbing","floor":27,"turns":6},{"damage":6,"enemies":"Snake Plant","floor":29,"turns":5},{"damage":5,"enemies":"3 Cultists","floor":30,"turns":4},{"damage":0,"enemies":"Centurion and Healer","floor":31,"turns":7},{"damage":6,"enemies":"Champ","floor":33,"turns":10},{"damage":0,"enemies":"Orb Walker","floor":35,"turns":4},{"damage":12,"enemies":"3 Darklings","floor":38,"turns":4},{"damage":3,"enemies":"Sphere and 2 Shapes","floor":39,"turns":5},{"damage":4,"enemies":"Giant Head","floor":41,"turns":8},{"damage":2,"enemies":"Spire Growth","floor":44,"turns":5},{"damage":5,"enemies":"3 Darklings","floor":45,"turns":3},{"damage":0,"enemies":"Sphere and 2 Shapes","floor":46,"turns":4},{"damage":1,"enemies":"Spire Growth","floor":48,"turns":4},{"damage":9,"enemies":"Donu and Deca","floor":50,"turns":8}],"seed_played":"943097953262970203","potions_obtained":[{"floor":1,"key":"Energy Potion"},{"floor":3,"key":"GhostInAJar"},{"floor":7,"key":"SteroidPotion"},{"floor":27,"key":"Energy Potion"},{"floor":38,"key":"PowerPotion"},{"floor":41,"key":"Regen Potion"},{"floor":44,"key":"Explosive Potion"}],"is_trial":false,"path_per_floor":["M","?","M","M","?","R","E","M","T","M","M","R","M","E","R","B",null,"M","$","?","M","M","E","?","M","T","E","R","M","M","M","R","B",null,"M","$","?","M","M","?","E","$","T","M","M","M","$","M","R","B"],"character_chosen":"THE_SILENT","items_purchased":["Panache","Dark Shackles","Apotheosis"],"campfire_rested":1,"item_purchase_floors":[19,19,47],"current_hp_per_floor":[69,69,64,62,62,62,56,56,56,56,52,52,50,40,40,37,70,70,70,70,66,66,59,59,59,59,54,54,48,43,43,64,58,70,70,70,61,49,46,46,42,42,42,54,49,49,49,48,48,39],"gold":58,"neow_bonus":"THREE_CARDS","is_prod":false,"is_daily":false,"chose_seed":false,"campfire_upgraded":4,"win_rate":0,"timestamp":1534910655,"path_taken":["M","?","M","M","?","R","E","M","T","M","M","R","?","E","R","BOSS","M","$","?","M","M","E","?","M","T","E","R","?","?","?","R","BOSS","M","$","?","M","M","?","E","$","T","M","M","M","$","M","R","BOSS"],"build_version":"2018-08-16","purchased_purges":2,"victory":true,"max_hp_per_floor":[70,70,70,70,70,70,70,70,70,70,70,70,70,70,70,70,70,70,70,70,70,70,70,70,70,70,70,70,70,70,70,70,70,70,70,70,70,70,70,70,70,70,70,70,70,70,70,70,70,70],"card_choices":[{"not_picked":["Endless Agony","Flying Knee"],"picked":"Backflip","floor":0},{"not_picked":["Dagger Spray","Slice"],"picked":"Noxious Fumes","floor":1},{"not_picked":["Distraction","Dagger Spray"],"picked":"Backflip","floor":3},{"not_picked":["Deflect","Sucker Punch"],"picked":"Infinite Blades","floor":4},{"not_picked":["Underhanded Strike","Tactician"],"picked":"Glass Knife","floor":7},{"not_picked":["Dagger Spray","Eviscerate"],"picked":"Quick Slash","floor":8},{"not_picked":["Underhanded Strike","Prepared","Bouncing Flask"],"picked":"SKIP","floor":10},{"not_picked":["Eviscerate","Slice"],"picked":"Blade Dance","floor":11},{"not_picked":["Dagger Throw","Outmaneuver"],"picked":"Blade Dance","floor":13},{"not_picked":["Reflex","Deadly Poison","Bane"],"picked":"SKIP","floor":14},{"not_picked":["A Thousand Cuts","Unload"],"picked":"After Image","floor":16},{"not_picked":["Escape Plan","Dodge and Roll"],"picked":"Caltrops","floor":18},{"not_picked":["Acrobatics+1","Terror"],"picked":"Escape Plan","floor":21},{"not_picked":["Dagger Spray","Flying Knee"],"picked":"Deflect","floor":22},{"not_picked":["Poisoned Stab","Underhanded Strike","Doppelganger"],"picked":"SKIP","floor":23},{"not_picked":["Endless Agony","Expertise"],"picked":"Blur","floor":25},{"not_picked":["Concentrate","Terror"],"picked":"All Out Attack","floor":27},{"not_picked":["Dagger Spray","Poisoned Stab+1"],"picked":"Backflip","floor":29},{"not_picked":["Blade Dance","Flying Knee"],"picked":"Cloak And Dagger","floor":30},{"not_picked":["Catalyst+1","Bane"],"picked":"Cloak And Dagger","floor":31},{"not_picked":["Backflip"],"picked":"SKIP","floor":35},{"not_picked":["Calculated Gamble+1"],"picked":"SKIP","floor":38},{"not_picked":["Prepared"],"picked":"SKIP","floor":39},{"not_picked":["Doppelganger"],"picked":"SKIP","floor":41},{"not_picked":[],"picked":"Backstab+1","floor":44},{"not_picked":["Outmaneuver+1"],"picked":"SKIP","floor":45},{"not_picked":["Concentrate"],"picked":"SKIP","floor":46},{"not_picked":["Bane"],"picked":"SKIP","floor":48}],"player_experience":757343,"relics_obtained":[{"floor":7,"key":"Shuriken"},{"floor":9,"key":"Meat on the Bone"},{"floor":14,"key":"Letter Opener"},{"floor":23,"key":"Darkstone Periapt"},{"floor":26,"key":"Bag of Marbles"},{"floor":27,"key":"Ornamental Fan"},{"floor":41,"key":"Potion Belt"},{"floor":43,"key":"Omamori"},{"floor":49,"key":"Boot"}],"event_choices":[{"event_name":"The Cleric","player_choice":"Card Removal","floor":2,"damage_taken":0},{"event_name":"Living Wall","player_choice":"Forget","floor":5,"damage_taken":0},{"event_name":"The Mausoleum","player_choice":"Yes","floor":20,"damage_taken":0},{"event_name":"FaceTrader","player_choice":"Leave","floor":24,"damage_taken":0},{"event_name":"Winding Halls","player_choice":"Embrace Madness","floor":37,"damage_taken":0},{"event_name":"Fountain of Cleansing","player_choice":"Removed Curse","floor":40,"damage_taken":0}],"is_beta":false,"boss_relics":[{"not_picked":["Pandora\u0027s Box","HoveringKite"],"picked":"Astrolabe"},{"not_picked":["Cursed Key","Lizard Tail"],"picked":"Busted Crown"}],"items_purged_floors":[36,42],"is_endless":false,"potions_floor_spawned":[1,3,7,16,21,27,29,30,38,41,44],"ascension_level":0}