{"gold_per_floor":[118,128,143,143,160,160,160,187,256,272,300,300],"floor_reached":12,"playtime":646,"items_purged":[],"score":140,"play_id":"171b5d38-da96-4b68-82f9-0bc495c64cbd","local_time":"20190313231636","is_ascension_mode":true,"campfire_choices":[{"data":"Neutralize","floor":6,"key":"SMITH"}],"neow_cost":"NONE","seed_source_timestamp":1053143699298963,"circlet_count":0,"master_deck":["AscendersBane","Defend_G","Defend_G","Defend_G","Defend_G","Defend_G","Strike_G","Strike_G","Strike_G","Strike_G+1","Strike_G","Survivor","Neutralize+1","Poisoned Stab","Terror+1","Dagger Spray","Pain","PiercingWail","Bouncing Flask"],"relics":["Ring of the Snake","NeowsBlessing","WarpedTongs","Dead Branch","Paper Crane","Juzu Bracelet"],"potions_floor_usage":[11],"damage_taken":[{"damage":0,"enemies":"Cultist","floor":1,"turns":1},{"damage":0,"enemies":"Jaw Worm","floor":2,"turns":1},{"damage":0,"enemies":"2 Louse","floor":3,"turns":1},{"damage":0,"enemies":"Gremlin Gang","floor":5,"turns":8},{"damage":12,"enemies":"Lagavulin","floor":8,"turns":7},{"damage":6,"enemies":"Exordium Wildlife","floor":10,"turns":4},{"damage":30,"enemies":"3 Sentries","floor":11,"turns":6},{"damage":1,"enemies":"Blue Slaver","floor":12,"turns":1}],"seed_played":"1257000115811430096","potions_obtained":[{"floor":3,"key":"LiquidBronze"},{"floor":5,"key":"FearPotion"},{"floor":8,"key":"AttackPotion"}],"is_trial":false,"path_per_floor":["M","M","M","?","M","R","?","E","T","M","E","M"],"character_chosen":"THE_SILENT","items_purchased":[],"campfire_rested":0,"item_purchase_floors":[],"current_hp_per_floor":[63,63,63,49,49,49,49,37,37,31,1,0],"gold":300,"neow_bonus":"THREE_ENEMY_KILL","is_prod":false,"is_daily":false,"chose_seed":false,"campfire_upgraded":1,"win_rate":0,"timestamp":1552533396,"path_taken":["M","?","?","?","M","R","?","E","T","M","E","M"],"build_version":"2019-01-23","purchased_purges":0,"victory":false,"max_hp_per_floor":[70,70,70,70,70,70,70,70,70,70,70,70],"card_choices":[{"not_picked":["Underhanded Strike","Quick Slash"],"picked":"Poisoned Stab","floor":1},{"not_picked":["Acrobatics","Eviscerate"],"picked":"Terror","floor":2},{"not_picked":["Masterful Stab","Acrobatics","Blade Dance"],"picked":"SKIP","floor":3},{"not_picked":["Underhanded Strike","Expertise"],"picked":"Dagger Spray","floor":5},{"not_picked":["Deadly Poison","Tactician"],"picked":"PiercingWail","floor":8},{"not_picked":["Dodge and Roll","Dagger Spray"],"picked":"Bouncing Flask","floor":10},{"not_picked":["Outmaneuver","Riddle With Holes","Heel Hook"],"picked":"SKIP","floor":11}],"player_experience":1865054,"relics_obtained":[{"floor":8,"key":"Dead Branch"},{"floor":9,"key":"Paper Crane"},{"floor":11,"key":"Juzu Bracelet"}],"event_choices":[{"damage_healed":0,"gold_gain":0,"player_choice":"Entered Light","damage_taken":14,"max_hp_gain":0,"max_hp_loss":0,"event_name":"Shining Light","floor":4,"gold_loss":0,"cards_upgraded":["Strike_G","Terror"]},{"damage_healed":0,"gold_gain":0,"player_choice":"Rummage","damage_taken":0,"relics_obtained":["WarpedTongs"],"max_hp_gain":0,"max_hp_loss":0,"event_name":"Accursed Blacksmith","floor":7,"gold_loss":0,"cards_obtained":["Pain"]}],"is_beta":false,"boss_relics":[],"items_purged_floors":[],"is_endless":false,"potions_floor_spawned":[3,5,8,10],"killed_by":"Blue Slaver","ascension_level":11}