{"gold_per_floor":[109,125,200,200,218,218,248,248,321,321,18,18,18,34,34,34],"floor_reached":16,"playtime":788,"items_purged":["Parasite"],"score":108,"play_id":"fb906181-3094-43c2-a6d2-73bccbc8b881","local_time":"20190606181208","is_ascension_mode":true,"campfire_choices":[{"floor":6,"key":"REST"},{"floor":8,"key":"REST"},{"data":"Mind Blast","floor":10,"key":"SMITH"},{"data":"Crippling Poison","floor":13,"key":"SMITH"},{"data":"Corpse Explosion","floor":15,"key":"SMITH"}],"neow_cost":"CURSE","seed_source_timestamp":4470983518129250,"circlet_count":0,"master_deck":["Defend_G","Defend_G","Defend_G","Defend_G","Defend_G","Strike_G","Strike_G","Strike_G","Strike_G","Strike_G","Survivor","Neutralize","Flash of Steel","Mind Blast+1","Terror","Blur","Outmaneuver","Blur","Flying Knee","Noxious Fumes","Corpse Explosion+1","Crippling Poison+1","Regret"],"relics":["Ring of the Snake","Dream Catcher","Matryoshka","Meat on the Bone","Frozen Egg 2","Smiling Mask"],"potions_floor_usage":[7,16,16],"damage_taken":[{"damage":0,"enemies":"Small Slimes","floor":1,"turns":4},{"damage":6,"enemies":"2 Louse","floor":2,"turns":3},{"damage":0,"enemies":"Jaw Worm","floor":5,"turns":4},{"damage":16,"enemies":"Gremlin Nob","floor":7,"turns":4},{"damage":10,"enemies":"Red Slaver","floor":14,"turns":5},{"damage":64,"enemies":"Slime Boss","floor":16,"turns":9}],"seed_played":"-5961073483897791520","potions_obtained":[{"floor":2,"key":"Swift Potion"},{"floor":5,"key":"GamblersBrew"},{"floor":7,"key":"Fire Potion"}],"is_trial":false,"path_per_floor":["M","M","?","?","M","R","E","R","T","R","$","?","R","M","R","B"],"character_chosen":"THE_SILENT","items_purchased":["Corpse Explosion","Crippling Poison"],"campfire_rested":2,"item_purchase_floors":[11,11],"current_hp_per_floor":[70,64,53,35,35,56,40,61,61,61,61,61,61,51,51,0],"gold":34,"neow_bonus":"RANDOM_COLORLESS_2","is_prod":false,"is_daily":false,"chose_seed":false,"campfire_upgraded":3,"win_rate":0,"timestamp":1559862728,"path_taken":["M","M","?","?","M","R","E","R","T","R","$","?","R","M","R","BOSS"],"build_version":"2019-01-23","purchased_purges":1,"victory":false,"max_hp_per_floor":[70,70,70,70,70,70,70,70,70,70,67,67,67,67,67,67],"card_choices":[{"not_picked":["Choke","Prepared"],"picked":"Terror","floor":1},{"not_picked":["Dagger Throw","Dodge and Roll"],"picked":"Blur","floor":2},{"not_picked":["Acrobatics","Terror"],"picked":"Outmaneuver","floor":5},{"not_picked":["Bane","Accuracy"],"picked":"Blur","floor":6},{"not_picked":["Dagger Spray","Reflex"],"picked":"Flying Knee","floor":7},{"not_picked":["Slice","Blade Dance"],"picked":"Noxious Fumes","floor":8},{"not_picked":["Cloak And Dagger","Sucker Punch","Dagger Throw"],"picked":"SKIP","floor":14}],"player_experience":71732,"relics_obtained":[{"floor":7,"key":"Matryoshka"},{"floor":9,"key":"Meat on the Bone"},{"floor":9,"key":"Frozen Egg 2"}],"event_choices":[{"damage_healed":0,"gold_gain":75,"player_choice":"Gather Gold","damage_taken":11,"max_hp_gain":0,"max_hp_loss":0,"event_name":"World of Goop","floor":3,"gold_loss":0},{"damage_healed":0,"gold_gain":0,"player_choice":"Success","damage_taken":18,"relics_obtained":["Dream Catcher"],"max_hp_gain":0,"max_hp_loss":0,"event_name":"Scrap Ooze","floor":4,"gold_loss":0},{"damage_healed":0,"gold_gain":0,"player_choice":"Box","damage_taken":0,"relics_obtained":["Smiling Mask"],"max_hp_gain":0,"max_hp_loss":0,"event_name":"Big Fish","floor":12,"gold_loss":0,"cards_obtained":["Regret"]}],"is_beta":false,"boss_relics":[],"items_purged_floors":[11],"is_endless":false,"potions_floor_spawned":[2,5,7],"killed_by":"Slime Boss","ascension_level":2}