{"gold_per_floor":[112,112,132,144,160,195,195,222,268,278,295,6,6,6,6,110,110,100,129,129],"floor_reached":20,"playtime":2006,"items_purged":["Defend_G"],"score":184,"play_id":"273d7a83-5147-41d3-b2ab-1564db49c1cc","local_time":"20180812170601","is_ascension_mode":false,"campfire_choices":[{"floor":7.0,"key":"REST"},{"floor":13.0,"key":"REST"},{"data":"Cloak And Dagger","floor":15.0,"key":"SMITH"}],"neow_cost":"NONE","seed_source_timestamp":0,"circlet_count":0,"master_deck":["Defend_G","Defend_G","Defend_G","Defend_G","Strike_G","Strike_G","Strike_G","Strike_G","Strike_G","Survivor","Neutralize","Storm of Steel","Cloak And Dagger+1","Noxious Fumes","All Out Attack","Cloak And Dagger","Deflect","Backflip","Escape Plan","Acrobatics","A Thousand Cuts","Well Laid Plans+1","Dodge and Roll"],"special_seed":0,"relics":["Ring of the Snake","Smiling Mask","Matryoshka","Orichalcum","Lantern","Ornamental Fan","Sozu","Red Mask"],"potions_floor_usage":[],"damage_taken":[{"damage":0.0,"enemies":"Small Slimes","floor":1.0,"turns":3.0},{"damage":9.0,"enemies":"Jaw Worm","floor":3.0,"turns":5.0},{"damage":0.0,"enemies":"2 Louse","floor":4.0,"turns":3.0},{"damage":0.0,"enemies":"2 Fungi Beasts","floor":5.0,"turns":3.0},{"damage":35.0,"enemies":"Gremlin Nob","floor":6.0,"turns":5.0},{"damage":22.0,"enemies":"3 Sentries","floor":8.0,"turns":8.0},{"damage":0.0,"enemies":"Lots of Slimes","floor":10.0,"turns":2.0},{"damage":0.0,"enemies":"Exordium Thugs","floor":11.0,"turns":5.0},{"damage":13.0,"enemies":"The Guardian","floor":16.0,"turns":15.0},{"damage":11,"enemies":"2 Thieves","floor":18,"turns":4},{"damage":48,"floor":19,"turns":6},{"damage":17,"enemies":"Shell Parasite","floor":20,"turns":5}],"seed_played":"2685400697655920534","potions_obtained":[{"floor":5.0,"key":"EssenceOfSteel"},{"floor":6.0,"key":"SkillPotion"},{"floor":8.0,"key":"FearPotion"},{"floor":11.0,"key":"Weak Potion"}],"is_trial":false,"path_per_floor":["M","?","M","M","M","E","R","E","T","M","M","$","R","$","R","B",null,"M","?"],"character_chosen":"THE_SILENT","items_purchased":["Ornamental Fan"],"campfire_rested":2,"item_purchase_floors":[12],"current_hp_per_floor":[70,75,66,66,66,31,53,31,31,31,31,31,53,53,53,40,75,64,16,0],"gold":129,"neow_bonus":"ONE_RANDOM_RARE_CARD","is_prod":false,"is_daily":false,"chose_seed":false,"campfire_upgraded":1,"win_rate":0,"timestamp":1534107961,"path_taken":["M","?","M","M","M","E","R","E","T","M","M","$","R","$","R","BOSS","M","?","?"],"build_version":"2018-08-09","purchased_purges":1,"victory":false,"max_hp_per_floor":[70,75,75,75,75,75,75,75,75,75,75,75,75,75,75,75,75,75,75,75],"card_choices":[{"not_picked":["Blade Dance","Dagger Spray"],"picked":"Cloak And Dagger","floor":1.0},{"not_picked":["Outmaneuver","Terror"],"picked":"Noxious Fumes","floor":3.0},{"not_picked":["Acrobatics","Sucker Punch"],"picked":"All Out Attack","floor":4.0},{"not_picked":["Choke","Sucker Punch"],"picked":"Cloak And Dagger","floor":5.0},{"not_picked":["Heel Hook","Tactician"],"picked":"Deflect","floor":6.0},{"not_picked":["Die Die Die","Dagger Throw"],"picked":"Backflip","floor":8.0},{"not_picked":["Calculated Gamble","Flying Knee"],"picked":"Escape Plan","floor":10.0},{"not_picked":["Underhanded Strike","Sucker Punch"],"picked":"Acrobatics","floor":11.0},{"not_picked":["Night Terror","Unload"],"picked":"A Thousand Cuts","floor":16.0},{"not_picked":["Reflex","Flying Knee+1"],"picked":"Well Laid Plans+1","floor":18},{"not_picked":["Underhanded Strike+1","All Out Attack"],"picked":"Dodge and Roll","floor":19}],"player_experience":734822,"relics_obtained":[{"floor":6.0,"key":"Smiling Mask"},{"floor":8.0,"key":"Matryoshka"},{"floor":9.0,"key":"Orichalcum"},{"floor":9.0,"key":"Lantern"},{"floor":19,"key":"Red Mask"}],"event_choices":[{"event_name":"Big Fish","player_choice":"Donut","floor":2.0,"damage_taken":0.0},{"event_name":"Masked Bandits","player_choice":"Fought Bandits","floor":19,"damage_taken":0}],"is_beta":false,"boss_relics":[{"not_picked":["Orrery","Philosopher\u0027s Stone"],"picked":"Sozu"}],"items_purged_floors":[12],"is_endless":false,"potions_floor_spawned":[5,6,8,11,18],"killed_by":"Shell Parasite","ascension_level":0}