{"gold_per_floor":[118,118,134,60,60,60,100,121,202,202,59,134,134,158,158,278,278,291,25,44,64,64,64,87,112,112,112,112,146,160,25,25,150,150,168,168,0,0,0,36,57,100,100,123,123,139,160,183,183,183],"floor_reached":50,"playtime":2557,"items_purged":["Strike_B"],"score":704,"play_id":"8d64816d-e23d-4c50-a3d0-d557a2bb439d","local_time":"20190513005309","is_ascension_mode":true,"campfire_choices":[{"data":"Sweeping Beam","floor":6.0,"key":"SMITH"},{"floor":10.0,"key":"REST"},{"floor":13.0,"key":"REST"},{"data":"Fusion","floor":15.0,"key":"SMITH"},{"floor":23.0,"key":"REST"},{"floor":27.0,"key":"REST"},{"floor":32.0,"key":"REST"},{"floor":45.0,"key":"REST"},{"floor":49.0,"key":"REST"}],"neow_cost":"NONE","seed_source_timestamp":38520749177231,"circlet_count":0,"master_deck":["Strike_B+1","Defend_B","Defend_B","Defend_B","Zap","Reboot","Gash","Sweeping Beam+1","FTL","Self Repair","Fusion+1","All For One","Gash+1","Violence","Undo+1","Sunder","RitualDagger","Hyperbeam","Undo","Auto Shields","Madness+1","Seek","Leap+1","Rebound+1","Sunder+1","Gash+1","Gash+1","Reinforced Body","FTL+1"],"special_seed":0,"relics":["Cracked Core","Golden Idol","Oddly Smooth Stone","Dodecahedron","PreservedInsect","Empty Cage","Bottled Lightning","Blood Vial","Nuclear Battery","Red Mask","Shuriken","Regal Pillow"],"potions_floor_usage":[50],"damage_taken":[{"damage":0.0,"enemies":"Small Slimes","floor":1.0,"turns":2.0},{"damage":7.0,"enemies":"Jaw Worm","floor":3.0,"turns":3.0},{"damage":27.0,"enemies":"3 Sentries","floor":7.0,"turns":6.0},{"damage":0.0,"enemies":"Cultist","floor":8.0,"turns":3.0},{"damage":1.0,"enemies":"Blue Slaver","floor":14.0,"turns":4.0},{"damage":24.0,"enemies":"Slime Boss","floor":16.0,"turns":9.0},{"damage":7.0,"enemies":"3 Byrds","floor":18.0,"turns":3.0},{"damage":29.0,"enemies":"2 Thieves","floor":20.0,"turns":4.0},{"damage":25.0,"enemies":"Chosen and Byrds","floor":21.0,"turns":5.0},{"damage":13.0,"enemies":"3 Cultists","floor":24.0,"turns":5.0},{"damage":23.0,"enemies":"Sentry and Sphere","floor":25.0,"turns":4.0},{"damage":33.0,"enemies":"Slavers","floor":29.0,"turns":6.0},{"damage":0.0,"enemies":"Centurion and Healer","floor":30.0,"turns":5.0},{"damage":26.0,"enemies":"Champ","floor":33.0,"turns":10.0},{"damage":17.0,"enemies":"3 Darklings","floor":35.0,"turns":3.0},{"damage":8.0,"enemies":"Reptomancer","floor":40.0,"turns":5.0},{"damage":1.0,"enemies":"3 Shapes","floor":41.0,"turns":3.0},{"damage":65.0,"enemies":"Nemesis","floor":42.0,"turns":7.0},{"damage":47.0,"enemies":"Maw","floor":44.0,"turns":6.0},{"damage":8.0,"enemies":"4 Shapes","floor":46.0,"turns":2.0},{"damage":37.0,"enemies":"Transient","floor":47.0,"turns":5.0},{"damage":0.0,"enemies":"Sphere and 2 Shapes","floor":48.0,"turns":5.0},{"damage":68,"enemies":"Time Eater","floor":50,"turns":6}],"seed_played":"-1464167793508567446","potions_obtained":[{"floor":7.0,"key":"Block Potion"},{"floor":8.0,"key":"LiquidBronze"},{"floor":14.0,"key":"Strength Potion"},{"floor":24.0,"key":"GamblersBrew"},{"floor":30.0,"key":"Block Potion"},{"floor":33.0,"key":"Regen Potion"},{"floor":42.0,"key":"FairyPotion"},{"floor":44.0,"key":"GamblersBrew"},{"floor":47.0,"key":"Strength Potion"}],"is_trial":false,"path_per_floor":["M","?","M","$","?","R","E","M","T","R","$","?","R","M","R","B",null,"M","$","M","M","?","R","M","M","T","R","?","E","M","$","R","B",null,"M","?","?","$","?","E","M","E","T","M","R","M","M","M","R","B"],"character_chosen":"DEFECT","items_purchased":["FTL","PreservedInsect","Violence","Auto Shields","Madness"],"campfire_rested":7,"item_purchase_floors":[4,11,19,31,31],"current_hp_per_floor":[68,50,43,43,28,28,1,1,1,23,23,12,34,40,40,23,62,62,62,40,22,22,44,38,22,22,44,38,12,21,21,43,26,63,55,55,55,55,55,70,75,17,17,14,51,45,17,26,63,0],"gold":183,"neow_bonus":"ONE_RANDOM_RARE_CARD","is_prod":false,"is_daily":false,"chose_seed":false,"campfire_upgraded":2,"win_rate":0,"timestamp":1557723189,"path_taken":["M","?","M","$","?","R","E","M","T","R","$","?","R","M","R","BOSS","M","$","M","M","?","R","M","M","T","R","?","E","M","$","R","BOSS","M","?","?","$","?","E","?","E","T","M","R","M","M","M","R","BOSS"],"build_version":"2019-01-23","purchased_purges":1,"victory":false,"max_hp_per_floor":[75,75,75,75,75,75,75,75,75,75,75,75,75,75,75,75,75,75,75,75,75,75,75,75,75,75,75,75,75,75,75,75,75,75,75,75,75,75,75,75,75,75,75,75,75,75,75,75,75,75],"card_choices":[{"not_picked":["Conserve Battery","Barrage"],"picked":"Gash","floor":1.0},{"not_picked":["Conserve Battery","Rainbow"],"picked":"Sweeping Beam","floor":3.0},{"not_picked":["Steam","Streamline"],"picked":"Self Repair","floor":7.0},{"not_picked":["Redo","Go for the Eyes","Turbo"],"picked":"SKIP","floor":8.0},{"not_picked":["Turbo","Go for the Eyes"],"picked":"Fusion","floor":14.0},{"not_picked":["Electrodynamics","Fission"],"picked":"All For One","floor":16.0},{"not_picked":["Heatsinks","Beam Cell"],"picked":"Gash+1","floor":18.0},{"not_picked":["Compile Driver","Genetic Algorithm"],"picked":"Undo+1","floor":20.0},{"not_picked":["Ball Lightning","Cold Snap","Barrage+1"],"picked":"SKIP","floor":21.0},{"not_picked":["Hello World","Force Field+1","Leap"],"picked":"SKIP","floor":24.0},{"not_picked":["Cold Snap","Coolheaded"],"picked":"Sunder","floor":25.0},{"not_picked":["Redo","Barrage+1"],"picked":"Hyperbeam","floor":29.0},{"not_picked":["Defragment+1","Cold Snap"],"picked":"Undo","floor":30.0},{"not_picked":["Meteor Strike","Multi-Cast"],"picked":"Seek","floor":33.0},{"not_picked":["Ball Lightning+1","Barrage"],"picked":"Leap+1","floor":35.0},{"not_picked":["Core Surge","Leap+1"],"picked":"Rebound+1","floor":40.0},{"not_picked":["Steam","Cold Snap+1"],"picked":"Sunder+1","floor":41.0},{"not_picked":["Steam","Compile Driver","Streamline"],"picked":"SKIP","floor":42.0},{"not_picked":["Storm","Ball Lightning"],"picked":"Gash+1","floor":44.0},{"not_picked":["Seek","Turbo+1"],"picked":"Gash+1","floor":46.0},{"not_picked":["Defragment","Ball Lightning+1"],"picked":"Reinforced Body","floor":47.0},{"not_picked":["Compile Driver","Ball Lightning+1"],"picked":"FTL+1","floor":48.0}],"player_experience":251701,"relics_obtained":[{"floor":7.0,"key":"Oddly Smooth Stone"},{"floor":9.0,"key":"Dodecahedron"},{"floor":26.0,"key":"Bottled Lightning"},{"floor":29.0,"key":"Blood Vial"},{"floor":40.0,"key":"Shuriken"},{"floor":42.0,"key":"Regal Pillow"}],"event_choices":[{"damage_healed":0.0,"max_hp_gain":0.0,"max_hp_loss":0.0,"gold_gain":0.0,"event_name":"Golden Idol","player_choice":"Take Damage","floor":2.0,"gold_loss":0.0,"damage_taken":18.0,"relics_obtained":["Golden Idol"]},{"damage_healed":0.0,"max_hp_gain":0.0,"max_hp_loss":0.0,"gold_gain":0.0,"event_name":"Shining Light","player_choice":"Entered Light","floor":5.0,"gold_loss":0.0,"damage_taken":15.0,"cards_upgraded":["Strike_B","Defend_B"]},{"damage_healed":0.0,"max_hp_gain":0.0,"max_hp_loss":0.0,"gold_gain":75.0,"event_name":"World of Goop","player_choice":"Gather Gold","floor":12.0,"gold_loss":0.0,"damage_taken":11.0},{"cards_removed":["Dualcast"],"damage_healed":0.0,"max_hp_gain":0.0,"max_hp_loss":0.0,"gold_gain":0.0,"event_name":"Back to Basics","player_choice":"Elegance","floor":22.0,"gold_loss":0.0,"damage_taken":0.0},{"damage_healed":0.0,"max_hp_gain":0.0,"max_hp_loss":0.0,"gold_gain":0.0,"event_name":"Nest","player_choice":"Joined the Cult","floor":28.0,"gold_loss":0.0,"damage_taken":6.0,"cards_obtained":["RitualDagger"]},{"cards_removed":["Defend_B"],"damage_healed":0.0,"max_hp_gain":0.0,"max_hp_loss":0.0,"gold_gain":0.0,"event_name":"Falling","player_choice":"Removed Skill","floor":36.0,"gold_loss":0.0,"damage_taken":0.0},{"damage_healed":0.0,"max_hp_gain":0.0,"max_hp_loss":0.0,"gold_gain":0.0,"event_name":"Tomb of Lord Red Mask","player_choice":"Paid","floor":37.0,"gold_loss":168.0,"damage_taken":0.0,"relics_obtained":["Red Mask"]},{"damage_healed":0.0,"max_hp_gain":0.0,"max_hp_loss":0.0,"gold_gain":0.0,"event_name":"Upgrade Shrine","player_choice":"Upgraded","floor":39.0,"gold_loss":0.0,"damage_taken":0.0,"cards_upgraded":["Madness"]}],"is_beta":false,"boss_relics":[{"not_picked":["Black Star","Ectoplasm"],"picked":"Empty Cage"},{"not_picked":["Inserter","Runic Dome"],"picked":"Nuclear Battery"}],"items_purged_floors":[19],"is_endless":false,"potions_floor_spawned":[7,8,14,24,30,33,42,44,47],"killed_by":"Time Eater","ascension_level":6}