{"gold_per_floor":[111,186,186,186,186,217,217,242,242,242,11,46,46,61,61,159,159,175,190,210,265,40,70,70,80,80,5,21,40,71,86,86,188,188,206,306,316,316,316,350,350,378,460,475,491,537,537,550,550,550,550,550,83,116,116],"floor_reached":55,"playtime":5663,"items_purged":["Strike_B","Strike_B"],"score":1278,"play_id":"85c59c13-cd14-4ab0-8129-ebe2549b88f9","local_time":"20190330003440","is_ascension_mode":true,"campfire_choices":[{"data":"Zap","floor":7,"key":"SMITH"},{"floor":10,"key":"REST"},{"data":"Coolheaded","floor":15,"key":"SMITH"},{"floor":24,"key":"REST"},{"data":"Heatsinks","floor":32,"key":"SMITH"},{"data":"Defragment","floor":41,"key":"SMITH"},{"floor":47,"key":"REST"},{"floor":49,"key":"RECALL"},{"data":"Buffer","floor":52,"key":"SMITH"}],"neow_cost":"NONE","seed_source_timestamp":21445617819541,"circlet_count":0,"master_deck":["AscendersBane","Strike_B","Defend_B","Defend_B","Defend_B","Defend_B","Zap+1","Dualcast","Coolheaded+1","Biased Cognition","White Noise","Panacea","Electrodynamics","Leap","Creative AI","Go for the Eyes","Darkness","Heatsinks+1","Conserve Battery","Glacier+1","Seek","Defragment+1","Consume","Compile Driver","Compile Driver","Capacitor","Tempest+1","Buffer+1","Static Discharge"],"relics":["Cracked Core","Oddly Smooth Stone","Strawberry","Gambling Chip","Regal Pillow","PreservedInsect","Bottled Tornado","Velvet Choker","Lantern","Happy Flower","Anchor","Ancient Tea Set","Centennial Puzzle","Orrery","Calipers","Meat on the Bone","Singing Bowl","Symbiotic Virus","Emotion Chip","Pantograph","Bronze Scales"],"potions_floor_usage":[6,8,16,16,23,46,50,53,55,55],"damage_taken":[{"damage":3,"enemies":"2 Louse","floor":1,"turns":3},{"damage":16,"enemies":"3 Sentries","floor":6,"turns":6},{"damage":0,"enemies":"Gremlin Nob","floor":8,"turns":3},{"damage":2,"enemies":"Lagavulin","floor":12,"turns":4},{"damage":2,"enemies":"Jaw Worm","floor":14,"turns":3},{"damage":38,"enemies":"Hexaghost","floor":16,"turns":10},{"damage":16,"enemies":"2 Thieves","floor":18,"turns":3},{"damage":5,"enemies":"Spheric Guardian","floor":19,"turns":3},{"damage":0,"enemies":"3 Cultists","floor":20,"turns":2},{"damage":30,"enemies":"Gremlin Leader","floor":23,"turns":5},{"damage":1,"enemies":"Cultist and Chosen","floor":25,"turns":6},{"damage":11,"enemies":"Snecko","floor":28,"turns":6},{"damage":0,"enemies":"Snake Plant","floor":29,"turns":7},{"damage":5,"enemies":"Slavers","floor":30,"turns":3},{"damage":1,"enemies":"Cultist and Chosen","floor":31,"turns":7},{"damage":24,"enemies":"Collector","floor":33,"turns":11},{"damage":8,"enemies":"Orb Walker","floor":35,"turns":4},{"damage":7,"enemies":"Mind Bloom Boss Battle","floor":36,"turns":6},{"damage":0,"enemies":"3 Shapes","floor":37,"turns":2},{"damage":2,"enemies":"Reptomancer","floor":40,"turns":5},{"damage":5,"enemies":"Nemesis","floor":42,"turns":13},{"damage":0,"enemies":"Maw","floor":44,"turns":6},{"damage":16,"enemies":"Spire Growth","floor":45,"turns":8},{"damage":31,"enemies":"2 Orb Walkers","floor":46,"turns":5},{"damage":2,"enemies":"Writhing Mass","floor":48,"turns":7},{"damage":38,"enemies":"Donu and Deca","floor":50,"turns":6},{"damage":22,"enemies":"Shield and Spear","floor":54,"turns":5},{"damage":112,"enemies":"The Heart","floor":55,"turns":6}],"seed_played":"934115256473417710","potions_obtained":[{"floor":0,"key":"Fire Potion"},{"floor":0,"key":"SteroidPotion"},{"floor":6,"key":"Dexterity Potion"},{"floor":12,"key":"Swift Potion"},{"floor":18,"key":"Ancient Potion"},{"floor":25,"key":"FearPotion"},{"floor":30,"key":"Strength Potion"},{"floor":33,"key":"Block Potion"},{"floor":36,"key":"Fruit Juice"},{"floor":48,"key":"PowerPotion"}],"is_trial":false,"path_per_floor":["M","?","?","?","T","E","R","E","T","R","$","E","?","M","R","B",null,"M","M","M","T","$","E","R","M","T","?","M","M","E","M","R","B",null,"M","?","M","?","?","E","R","E","T","M","M","?","R","M","R","B",null,"R","$","E","B"],"character_chosen":"DEFECT","items_purchased":["Panacea","PreservedInsect","Happy Flower","Pantograph","LiquidBronze","Swift Potion"],"campfire_rested":3,"item_purchase_floors":[11,11,22,53,53,53],"current_hp_per_floor":[65,54,42,42,49,33,33,33,33,72,72,70,70,68,68,30,69,53,48,48,48,48,18,57,56,56,56,45,45,40,39,39,15,65,57,50,50,50,50,48,48,45,45,45,43,24,63,61,61,35,70,70,75,53,0],"gold":116,"neow_bonus":"THREE_SMALL_POTIONS","is_prod":false,"is_daily":false,"chose_seed":false,"campfire_upgraded":5,"win_rate":0,"timestamp":1553920480,"path_taken":["M","?","?","?","?","E","R","E","T","R","$","E","?","M","R","BOSS","M","?","M","?","$","E","R","M","T","?","M","M","E","M","R","BOSS","M","?","M","?","?","E","R","E","T","M","M","?","R","M","R","BOSS","R","$","E","BOSS"],"build_version":"2019-01-23","purchased_purges":2,"victory":false,"max_hp_per_floor":[75,75,75,75,82,82,82,82,82,82,82,82,82,82,82,82,82,82,82,82,82,82,82,82,82,82,82,82,82,82,82,82,82,82,82,82,82,78,78,78,78,80,80,80,82,82,82,82,82,82,82,82,87,87,87],"card_choices":[{"not_picked":["Hologram","FTL"],"picked":"Coolheaded","floor":1},{"not_picked":["Turbo","Fusion"],"picked":"Biased Cognition","floor":6},{"not_picked":["Sweeping Beam","Consume"],"picked":"White Noise","floor":8},{"not_picked":["Ball Lightning","White Noise"],"picked":"Electrodynamics","floor":12},{"not_picked":["Sweeping Beam","White Noise"],"picked":"Leap","floor":14},{"not_picked":["Reboot","All For One"],"picked":"Creative AI","floor":16},{"not_picked":["Chaos","Beam Cell+1","Redo"],"picked":"SKIP","floor":18},{"not_picked":["Rebound","Streamline"],"picked":"Go for the Eyes","floor":19},{"not_picked":["Barrage","BootSequence"],"picked":"Darkness","floor":20},{"not_picked":["Storm","Hello World"],"picked":"Heatsinks","floor":23},{"not_picked":["Sweeping Beam+1","Beam Cell"],"picked":"Conserve Battery","floor":25},{"not_picked":["Leap+1","Genetic Algorithm"],"picked":"Glacier+1","floor":28},{"not_picked":["Ball Lightning","Sweeping Beam","Steam Power"],"picked":"SKIP","floor":29},{"not_picked":["Redo","BootSequence","Force Field"],"picked":"SKIP","floor":30},{"not_picked":["Coolheaded","Chaos","Cold Snap"],"picked":"SKIP","floor":31},{"not_picked":["Amplify","Creative AI"],"picked":"Seek","floor":33},{"not_picked":["Hello World","Double Energy"],"picked":"Defragment","floor":34},{"not_picked":["Redo","Streamline"],"picked":"Consume","floor":34},{"not_picked":["Redo","Gash"],"picked":"Compile Driver","floor":34},{"not_picked":["Conserve Battery","Compile Driver","Electrodynamics"],"picked":"SKIP","floor":35},{"not_picked":["Go for the Eyes","Glacier"],"picked":"Compile Driver","floor":37},{"not_picked":["Doom and Gloom","Consume","Creative AI"],"picked":"SKIP","floor":40},{"not_picked":["Redo","Barrage","Skim+1"],"picked":"Singing Bowl","floor":42},{"not_picked":["Gash","Ball Lightning+1"],"picked":"Capacitor","floor":44},{"not_picked":["Sunder","Leap","Ball Lightning"],"picked":"Singing Bowl","floor":45},{"not_picked":["Ball Lightning+1","Streamline"],"picked":"Tempest+1","floor":46},{"not_picked":["Barrage","Sweeping Beam"],"picked":"Buffer","floor":48},{"not_picked":["Conserve Battery","Hologram"],"picked":"Static Discharge","floor":54}],"player_experience":2039953,"relics_obtained":[{"floor":5,"key":"Strawberry"},{"floor":6,"key":"Gambling Chip"},{"floor":8,"key":"Regal Pillow"},{"floor":12,"key":"Bottled Tornado"},{"floor":21,"key":"Lantern"},{"floor":23,"key":"Anchor"},{"floor":26,"key":"Ancient Tea Set"},{"floor":30,"key":"Centennial Puzzle"},{"floor":36,"key":"Calipers"},{"floor":40,"key":"Meat on the Bone"},{"floor":42,"key":"Singing Bowl"},{"floor":43,"key":"Symbiotic Virus"},{"floor":46,"key":"Emotion Chip"},{"floor":54,"key":"Bronze Scales"}],"event_choices":[{"damage_healed":0,"gold_gain":75,"player_choice":"Gather Gold","damage_taken":11,"max_hp_gain":0,"max_hp_loss":0,"event_name":"World of Goop","floor":2,"gold_loss":0},{"damage_healed":0,"gold_gain":0,"player_choice":"Success","damage_taken":12,"relics_obtained":["Oddly Smooth Stone"],"max_hp_gain":0,"max_hp_loss":0,"event_name":"Scrap Ooze","floor":3,"gold_loss":0},{"damage_healed":0,"gold_gain":0,"player_choice":"Ignored","damage_taken":0,"max_hp_gain":0,"max_hp_loss":0,"event_name":"Liars Game","floor":4,"gold_loss":0},{"damage_healed":0,"gold_gain":0,"player_choice":"0 cards matched","damage_taken":0,"max_hp_gain":0,"max_hp_loss":0,"event_name":"Match and Keep!","floor":13,"gold_loss":0,"cards_obtained":[]},{"cards_removed":["Strike_B"],"damage_healed":0,"gold_gain":0,"player_choice":"Gave Gold","damage_taken":0,"max_hp_gain":0,"max_hp_loss":0,"event_name":"Beggar","floor":27,"gold_loss":75},{"damage_healed":0,"gold_gain":0,"player_choice":"Fight","damage_taken":0,"max_hp_gain":0,"max_hp_loss":0,"event_name":"MindBloom","floor":36,"gold_loss":0},{"damage_healed":0,"gold_gain":0,"player_choice":"Max HP","damage_taken":0,"max_hp_gain":0,"max_hp_loss":4,"event_name":"Winding Halls","floor":38,"gold_loss":0},{"damage_healed":0,"gold_gain":0,"player_choice":"Ignored","damage_taken":0,"max_hp_gain":0,"max_hp_loss":0,"event_name":"Tomb of Lord Red Mask","floor":39,"gold_loss":0},{"damage_healed":0,"gold_gain":0,"player_choice":"Fight","damage_taken":0,"max_hp_gain":0,"max_hp_loss":0,"event_name":"Mysterious Sphere","floor":46,"gold_loss":0}],"is_beta":false,"boss_relics":[{"not_picked":["Astrolabe","Snecko Eye"],"picked":"Velvet Choker"},{"not_picked":["Busted Crown","Calling Bell"],"picked":"Orrery"}],"items_purged_floors":[22,53],"is_endless":false,"potions_floor_spawned":[6,12,18,25,30,33,36,37,42,44,48],"killed_by":"The Heart","ascension_level":12}