{"gold_per_floor":[19,32,207,217,217,217,9,9,9,66,66,85,85,97,97,202,202,220,220,39,0,0,0,10,10,85,104,120,197,197,213,213,311,311,327,202,202,6,6,40,64,88,100,112,150,180,192,231,243,255],"floor_reached":51,"playtime":5335,"items_purged":["Doubt","Strike_G","Strike_G"],"score":783,"play_id":"3d39a8ed-e916-4f46-9872-4cd411888ac6","local_time":"20180812003104","is_ascension_mode":false,"campfire_choices":[{"data":"Neutralize","floor":6.0,"key":"SMITH"},{"data":"Noxious Fumes","floor":11.0,"key":"SMITH"},{"floor":15.0,"key":"REST"},{"data":"After Image","floor":23.0,"key":"SMITH"},{"data":"Corpse Explosion","floor":30.0,"key":"SMITH"},{"data":"Footwork","floor":32.0,"key":"SMITH"},{"data":"Well Laid Plans","floor":49,"key":"SMITH"}],"neow_cost":"NO_GOLD","seed_source_timestamp":803294567182607,"circlet_count":0,"master_deck":["Defend_G","Defend_G","Defend_G","Defend_G","Defend_G","Strike_G","Strike_G+1","Strike_G","Survivor","Neutralize+1","Dagger Throw+1","Acrobatics","Footwork+1","Dodge and Roll","Noxious Fumes+1","Backflip","Corpse Explosion+1","After Image+1","Footwork+1","Well Laid Plans+1","Deflect","Catalyst+1","PiercingWail","Noxious Fumes","Burst","Dodge and Roll+1","Master of Strategy","Flash of Steel","Backstab","Poisoned Stab+1","Catalyst+1","Footwork+1","Blur+1"],"special_seed":0,"relics":["Ring of the Snake","The Specimen","Tiny Chest","Eternal Feather","Matryoshka","Omamori","Pantograph","Philosopher\u0027s Stone","MawBank","Art of War","Molten Egg 2","Happy Flower","Shuriken","StoneCalendar"],"potions_floor_usage":[40,42,42,45,50,50,50,50,50,50],"damage_taken":[{"damage":0.0,"enemies":"Small Slimes","floor":1.0,"turns":3.0},{"damage":1.0,"enemies":"Jaw Worm","floor":2.0,"turns":4.0},{"damage":0.0,"enemies":"Cultist","floor":4.0,"turns":3.0},{"damage":16.0,"enemies":"Gremlin Nob","floor":10.0,"turns":5.0},{"damage":0.0,"enemies":"2 Fungi Beasts","floor":12.0,"turns":4.0},{"damage":2.0,"enemies":"Blue Slaver","floor":14.0,"turns":4.0},{"damage":18.0,"enemies":"The Guardian","floor":16.0,"turns":9.0},{"damage":1.0,"enemies":"Chosen","floor":18.0,"turns":7.0},{"damage":8.0,"enemies":"2 Thieves","floor":22.0,"turns":5.0},{"damage":9.0,"enemies":"Centurion and Healer","floor":24.0,"turns":7.0},{"damage":10.0,"enemies":"Snake Plant","floor":27.0,"turns":6.0},{"damage":12.0,"enemies":"Snecko","floor":28.0,"turns":8.0},{"damage":1.0,"enemies":"3 Cultists","floor":31.0,"turns":4.0},{"damage":35,"enemies":"Collector","floor":33,"turns":9},{"damage":0,"enemies":"3 Shapes","floor":35,"turns":5},{"damage":2,"enemies":"Giant Head","floor":40,"turns":9},{"damage":5,"enemies":"Flame Bruiser 1 Orb","floor":41,"turns":5},{"damage":11,"enemies":"Transient","floor":42,"turns":5},{"damage":13,"enemies":"Nemesis","floor":45,"turns":7},{"damage":14,"enemies":"Spire Growth","floor":46,"turns":4},{"damage":4,"enemies":"Giant Head","floor":48,"turns":7},{"damage":19,"enemies":"Donu and Deca","floor":50,"turns":7}],"seed_played":"-3327959669261000916","potions_obtained":[{"floor":1.0,"key":"GamblersBrew"},{"floor":2.0,"key":"PowerPotion"},{"floor":12.0,"key":"SpeedPotion"},{"floor":27.0,"key":"GamblersBrew"},{"floor":33,"key":"Strength Potion"},{"floor":41,"key":"SteroidPotion"},{"floor":42,"key":"FearPotion"},{"floor":46,"key":"Explosive Potion"},{"floor":48,"key":"EntropicBrew"}],"is_trial":false,"path_per_floor":["M","M","?","M","?","R","$","?","T","E","R","M","?","M","R","B",null,"M","?","$","?","M","R","M","?","T","M","M","T","R","M","R","B",null,"M","$","?","$","?","E","M","M","T","?","E","M","T","E","R","B"],"character_chosen":"THE_SILENT","items_purchased":["Footwork","Dodge and Roll","Well Laid Plans","Master of Strategy"],"campfire_rested":1,"item_purchase_floors":[7,7,20,38],"current_hp_per_floor":[84,83,83,83,66,66,66,66,66,50,50,50,50,48,73,55,84,83,83,83,83,75,84,75,59,59,49,37,37,52,51,66,54,89,89,89,89,89,89,87,82,71,71,71,58,44,44,40,58,64],"gold":267,"neow_bonus":"TWENTY_PERCENT_HP_BONUS","is_prod":false,"is_daily":false,"chose_seed":false,"campfire_upgraded":6,"win_rate":0,"timestamp":1534048264,"path_taken":["M","M","?","?","?","R","$","?","T","E","R","M","?","M","R","BOSS","M","?","$","?","M","R","M","?","T","?","M","?","R","M","R","BOSS","M","$","?","?","?","E","M","M","T","?","E","M","?","E","R","BOSS"],"build_version":"2018-08-09","purchased_purges":3,"victory":true,"max_hp_per_floor":[84,84,84,84,84,84,84,84,84,84,84,84,84,84,84,84,84,84,84,84,84,84,84,84,89,89,89,89,89,89,89,89,89,89,89,89,89,89,89,89,89,89,89,89,89,89,89,89,89,89],"card_choices":[{"not_picked":["Finisher","Poisoned Stab"],"picked":"Quick Slash","floor":1.0},{"not_picked":["Masterful Stab","Heel Hook"],"picked":"Dagger Throw","floor":2.0},{"not_picked":["Blade Dance","Outmaneuver"],"picked":"Acrobatics","floor":4.0},{"not_picked":["Footwork","Underhanded Strike"],"picked":"Noxious Fumes","floor":10.0},{"not_picked":["Masterful Stab","Sucker Punch"],"picked":"Backflip","floor":12.0},{"not_picked":["Bouncing Flask","Acrobatics"],"picked":"Corpse Explosion","floor":14.0},{"not_picked":["Night Terror","Malaise"],"picked":"After Image","floor":16.0},{"not_picked":["Deflect+1","Dagger Spray"],"picked":"Footwork","floor":18.0},{"not_picked":["Underhanded Strike","Riddle With Holes+1"],"picked":"Deflect","floor":22.0},{"not_picked":["Infinite Blades","Cloak And Dagger"],"picked":"Catalyst+1","floor":24.0},{"not_picked":["Blade Dance","Finisher"],"picked":"PiercingWail","floor":27.0},{"not_picked":["Quick Slash+1","Infinite Blades","Expertise"],"picked":"SKIP","floor":28.0},{"not_picked":["Glass Knife","Sucker Punch"],"picked":"Noxious Fumes","floor":31.0},{"not_picked":["Glass Knife","Corpse Explosion"],"picked":"Burst","floor":33},{"not_picked":["Underhanded Strike+1","Quick Slash"],"picked":"Dodge and Roll+1","floor":35},{"not_picked":["Transmutation","Blind"],"picked":"Flash of Steel","floor":39},{"not_picked":["Infinite Blades+1","Dagger Throw+1"],"picked":"Backstab","floor":40},{"not_picked":["Skewer","Dagger Spray"],"picked":"Poisoned Stab+1","floor":41},{"not_picked":["Outmaneuver+1","Reflex+1","Bane"],"picked":"SKIP","floor":42},{"not_picked":["Dagger Throw+1","Doppelganger","Reflex+1"],"picked":"SKIP","floor":45},{"not_picked":["Bane+1","Prepared"],"picked":"Footwork+1","floor":46},{"not_picked":["Masterful Stab+1","Leg Sweep+1"],"picked":"Blur+1","floor":48}],"player_experience":729487,"relics_obtained":[{"floor":9.0,"key":"The Specimen"},{"floor":10.0,"key":"Tiny Chest"},{"floor":26.0,"key":"Matryoshka"},{"floor":29.0,"key":"Omamori"},{"floor":29.0,"key":"Pantograph"},{"floor":40,"key":"MawBank"},{"floor":43,"key":"Art of War"},{"floor":43,"key":"Molten Egg 2"},{"floor":45,"key":"Happy Flower"},{"floor":47,"key":"Shuriken"},{"floor":48,"key":"StoneCalendar"}],"event_choices":[{"event_name":"Liars Game","player_choice":"agreed","floor":3.0,"damage_taken":0.0},{"event_name":"Shining Light","player_choice":"Entered Light","floor":5.0,"damage_taken":0.0},{"event_name":"Living Wall","player_choice":"Grow","floor":8.0,"damage_taken":0.0},{"event_name":"Golden Idol","player_choice":"Ignored","floor":13.0,"damage_taken":0.0},{"event_name":"Drug Dealer","player_choice":"Ignored","floor":19.0,"damage_taken":0.0},{"event_name":"Masked Bandits","player_choice":"Paid Fearfully","floor":21.0,"damage_taken":0.0},{"event_name":"Forgotten Altar","player_choice":"Shed Blood","floor":25.0,"damage_taken":0.0},{"event_name":"Falling","player_choice":"Removed Attack","floor":37,"damage_taken":0},{"event_name":"SensoryStone","player_choice":"Memory 1","floor":39,"damage_taken":0},{"event_name":"Duplicator","player_choice":"One dupe","floor":44,"damage_taken":0}],"is_beta":false,"boss_relics":[{"not_picked":["Ectoplasm","Busted Crown"],"picked":"Eternal Feather"},{"not_picked":["Snecko Eye","Tiny House"],"picked":"Philosopher\u0027s Stone"}],"items_purged_floors":[7,20,36],"is_endless":false,"potions_floor_spawned":[1,2,12,27,28,33,41,42,46,48],"ascension_level":0}