{"gold_per_floor":[11,23,35,35,49,83,83,111,166,200,64,64,64,84,84,185,185,195,211,229,129,148,148,161,161,161,161],"floor_reached":27,"playtime":1505,"items_purged":["Strike_R","Evolve"],"score":306,"play_id":"3e89606e-bb3a-414d-a2d3-de1b1b3d6326","local_time":"20190518043605","is_ascension_mode":true,"campfire_choices":[{"floor":7.0,"key":"REST"},{"floor":15.0,"key":"REST"},{"floor":23.0,"key":"REST"}],"neow_cost":"NO_GOLD","seed_source_timestamp":46410823812534,"circlet_count":0,"master_deck":["Strike_R","Strike_R","Strike_R","Strike_R","Defend_R","Defend_R","Defend_R","Defend_R","Bash","Whirlwind","Seeing Red","Disarm","Shrug It Off","Double Tap","Offering","Rampage","Battle Trance","Demon Form","Power Through","Disarm","Pommel Strike+1","Reaper"],"special_seed":0,"relics":["Burning Blood","Calipers","Bag of Preparation","Bottled Lightning","Centennial Puzzle","MawBank","NlothsMask","Sozu"],"potions_floor_usage":[27],"damage_taken":[{"damage":7.0,"enemies":"Jaw Worm","floor":1.0,"turns":3.0},{"damage":10.0,"enemies":"Small Slimes","floor":2.0,"turns":4.0},{"damage":16.0,"enemies":"Cultist","floor":3.0,"turns":4.0},{"damage":15.0,"enemies":"Exordium Wildlife","floor":5.0,"turns":5.0},{"damage":33.0,"enemies":"Lagavulin","floor":6.0,"turns":6.0},{"damage":39.0,"enemies":"Gremlin Nob","floor":8.0,"turns":5.0},{"damage":26.0,"enemies":"3 Sentries","floor":10.0,"turns":12.0},{"damage":5.0,"enemies":"Looter","floor":14.0,"turns":4.0},{"damage":29.0,"enemies":"The Guardian","floor":16.0,"turns":12.0},{"damage":2.0,"enemies":"3 Byrds","floor":18.0,"turns":4.0},{"damage":28.0,"enemies":"2 Thieves","floor":19.0,"turns":4.0},{"damage":16.0,"enemies":"Snecko","floor":20.0,"turns":4.0},{"damage":38.0,"enemies":"Cultist and Chosen","floor":22.0,"turns":7.0},{"damage":34.0,"enemies":"Centurion and Healer","floor":24.0,"turns":6.0},{"damage":16,"enemies":"Slavers","floor":27,"turns":1}],"seed_played":"8369933943202390819","potions_obtained":[{"floor":1.0,"key":"Fire Potion"},{"floor":3.0,"key":"FearPotion"},{"floor":8.0,"key":"Regen Potion"},{"floor":14.0,"key":"Regen Potion"},{"floor":16.0,"key":"PowerPotion"}],"is_trial":false,"path_per_floor":["M","M","M","?","M","E","R","E","T","E","$","?","?","M","R","B",null,"M","M","M","$","M","R","M","?","T","E"],"character_chosen":"IRONCLAD","items_purchased":["Rampage"],"campfire_rested":3,"item_purchase_floors":[11],"current_hp_per_floor":[71,67,57,62,53,26,51,18,18,13,13,13,13,14,39,31,72,76,54,44,44,12,37,9,9,9,0],"gold":161,"neow_bonus":"ONE_RARE_RELIC","is_prod":false,"is_daily":false,"chose_seed":false,"campfire_upgraded":0,"win_rate":0,"timestamp":1558168565,"path_taken":["M","M","M","?","M","E","R","E","T","E","$","?","?","M","R","BOSS","M","M","M","$","M","R","?","?","T","E"],"build_version":"2019-01-23","purchased_purges":2,"victory":false,"max_hp_per_floor":[80,80,80,85,85,85,85,85,85,85,85,85,85,85,85,85,85,85,85,85,85,85,85,85,85,85,85],"card_choices":[{"not_picked":["Cleave","Heavy Blade"],"picked":"Whirlwind","floor":1.0},{"not_picked":["Headbutt","Armaments"],"picked":"Seeing Red","floor":2.0},{"not_picked":["Shockwave","Flame Barrier"],"picked":"Disarm","floor":3.0},{"not_picked":["Heavy Blade","Headbutt"],"picked":"Shrug It Off","floor":5.0},{"not_picked":["Armaments","Wild Strike"],"picked":"Evolve","floor":6.0},{"not_picked":["Headbutt","Pummel"],"picked":"Double Tap","floor":8.0},{"not_picked":["Armaments","Anger"],"picked":"Offering","floor":10.0},{"not_picked":["Feel No Pain","Hemokinesis"],"picked":"Battle Trance","floor":14.0},{"not_picked":["Exhume","Brutality"],"picked":"Demon Form","floor":16.0},{"not_picked":["Warcry","Anger"],"picked":"Power Through","floor":18.0},{"not_picked":["Twin Strike+1","Uppercut"],"picked":"Disarm","floor":19.0},{"not_picked":["Entrench","Cleave"],"picked":"Pommel Strike+1","floor":20.0},{"not_picked":["Wild Strike","Twin Strike","Armaments"],"picked":"SKIP","floor":22.0},{"not_picked":["Reckless Charge","Anger+1"],"picked":"Reaper","floor":24.0}],"player_experience":265390,"relics_obtained":[{"floor":6.0,"key":"Bag of Preparation"},{"floor":8.0,"key":"Bottled Lightning"},{"floor":9.0,"key":"Centennial Puzzle"},{"floor":10.0,"key":"MawBank"}],"event_choices":[{"damage_healed":0.0,"max_hp_gain":5.0,"max_hp_loss":0.0,"gold_gain":0.0,"event_name":"Big Fish","player_choice":"Donut","floor":4.0,"gold_loss":0.0,"damage_taken":0.0},{"damage_healed":0.0,"max_hp_gain":0.0,"max_hp_loss":0.0,"gold_gain":0.0,"event_name":"Dead Adventurer","player_choice":"Searched \u00271\u0027 times","floor":12.0,"gold_loss":0.0,"damage_taken":0.0},{"damage_healed":0.0,"max_hp_gain":0.0,"max_hp_loss":0.0,"gold_gain":0.0,"event_name":"FaceTrader","player_choice":"Trade","floor":13.0,"gold_loss":0.0,"damage_taken":0.0,"relics_obtained":["NlothsMask"]},{"damage_healed":0,"gold_gain":0,"player_choice":"Ignored","damage_taken":0,"max_hp_gain":0,"max_hp_loss":0,"event_name":"Cursed Tome","floor":25,"gold_loss":0}],"is_beta":false,"boss_relics":[{"not_picked":["Black Blood","Eternal Feather"],"picked":"Sozu"}],"items_purged_floors":[11,21],"is_endless":false,"potions_floor_spawned":[1,3,8,14,16,18,20],"killed_by":"Slavers","ascension_level":6}