{"gold_per_floor":[113,131,145,145,17,46,46,46,46,60,70,70,105,119,119,196,196,213,313,4,4,4,4],"floor_reached":23,"playtime":2598,"items_purged":["Regret","Strike_R"],"score":368,"play_id":"4c132e11-90b5-4860-92e7-40414f94c4a5","local_time":"20190618084825","is_ascension_mode":true,"campfire_choices":[{"data":"Bash","floor":12,"key":"SMITH"},{"data":"Disarm","floor":15,"key":"SMITH"}],"neow_cost":"TEN_PERCENT_HP_LOSS","seed_source_timestamp":467398296513933,"circlet_count":0,"master_deck":["AscendersBane","Strike_R","Strike_R","Strike_R","Defend_R","Defend_R","Defend_R","Defend_R","Bash+1","Battle Trance+1","Pommel Strike","Iron Wave","Anger","Impervious","Disarm+1","Shrug It Off","Brutality","Evolve+1","Power Through","Reckless Charge"],"special_seed":0,"relics":["Burning Blood","Nunchaku","Kunai","Centennial Puzzle","Mummified Hand","Bag of Marbles","Velvet Choker","Shovel","Darkstone Periapt","Medical Kit"],"potions_floor_usage":[13,19,23,23],"damage_taken":[{"damage":16.0,"enemies":"Jaw Worm","floor":1.0,"turns":5.0},{"damage":3.0,"enemies":"2 Louse","floor":2.0,"turns":4.0},{"damage":1.0,"enemies":"Cultist","floor":3.0,"turns":3.0},{"damage":38.0,"enemies":"Lagavulin","floor":6.0,"turns":9.0},{"damage":11.0,"enemies":"Blue Slaver","floor":10.0,"turns":3.0},{"damage":0,"enemies":"Looter","floor":11,"turns":4},{"damage":10,"enemies":"Gremlin Nob","floor":13,"turns":3},{"damage":0,"enemies":"2 Fungi Beasts","floor":14,"turns":4},{"damage":6,"enemies":"Hexaghost","floor":16,"turns":10},{"damage":3,"enemies":"Chosen","floor":18,"turns":6},{"damage":29,"enemies":"Colosseum Slavers","floor":19,"turns":6},{"damage":17,"enemies":"Colosseum Nobs","floor":19,"turns":5},{"damage":46,"enemies":"Gremlin Leader","floor":23,"turns":10}],"seed_played":"9067527279130759673","potions_obtained":[{"floor":2.0,"key":"SkillPotion"},{"floor":3.0,"key":"Ancient Potion"},{"floor":6.0,"key":"SpeedPotion"},{"floor":13,"key":"Explosive Potion"},{"floor":19,"key":"BloodPotion"}],"is_trial":false,"path_per_floor":["M","M","M","?","$","E","?","$","T","M","M","R","E","M","R","B",null,"M","?","$","?","?","E"],"character_chosen":"IRONCLAD","items_purchased":["Fire Potion","Medical Kit"],"campfire_rested":0,"item_purchase_floors":[5,20],"current_hp_per_floor":[58,61,66,66,66,34,27,27,27,22,28,28,24,30,30,30,59,62,28,28,28,28,0],"gold":4,"neow_bonus":"ONE_RARE_RELIC","is_prod":false,"is_daily":false,"chose_seed":false,"campfire_upgraded":2,"win_rate":0,"timestamp":1560862105,"path_taken":["M","M","M","?","$","E","?","?","T","M","M","R","E","?","R","BOSS","M","?","$","?","?","E"],"build_version":"2019-01-23","purchased_purges":2,"victory":false,"max_hp_per_floor":[68,68,68,68,68,68,68,68,68,68,68,68,68,68,68,68,68,68,68,68,68,68,68],"card_choices":[{"not_picked":["Cleave","Sentinel"],"picked":"Battle Trance","floor":1.0},{"not_picked":["Perfected Strike","Havoc"],"picked":"Pommel Strike","floor":2.0},{"not_picked":["Armaments","Clash"],"picked":"Iron Wave","floor":3.0},{"not_picked":["Shrug It Off","Feel No Pain"],"picked":"Anger","floor":6.0},{"not_picked":["Twin Strike","Clash","Pommel Strike"],"picked":"SKIP","floor":10.0},{"not_picked":["Armaments","Hemokinesis"],"picked":"Impervious","floor":11},{"not_picked":["Warcry","Shockwave"],"picked":"Disarm","floor":13},{"not_picked":["Clash","Wild Strike"],"picked":"Shrug It Off","floor":14},{"not_picked":["Feed","Demon Form"],"picked":"Brutality","floor":16},{"not_picked":["Twin Strike","Thunderclap"],"picked":"Evolve+1","floor":18},{"not_picked":["Sword Boomerang","Pommel Strike+1"],"picked":"Power Through","floor":19}],"player_experience":2288263,"relics_obtained":[{"floor":6.0,"key":"Centennial Puzzle"},{"floor":9.0,"key":"Mummified Hand"},{"floor":13,"key":"Bag of Marbles"},{"floor":19,"key":"Shovel"},{"floor":19,"key":"Darkstone Periapt"}],"event_choices":[{"damage_healed":0.0,"max_hp_gain":0.0,"max_hp_loss":0.0,"gold_gain":0.0,"event_name":"Big Fish","player_choice":"Box","floor":4.0,"gold_loss":0.0,"damage_taken":0.0,"relics_obtained":["Kunai"],"cards_obtained":["Regret"]},{"cards_removed":["Strike_R"],"damage_healed":0.0,"max_hp_gain":0.0,"max_hp_loss":0.0,"gold_gain":0.0,"event_name":"Golden Wing","player_choice":"Card Removal","floor":7.0,"gold_loss":0.0,"damage_taken":7.0},{"damage_healed":0,"gold_gain":0,"player_choice":"Fight","damage_taken":0,"max_hp_gain":0,"max_hp_loss":0,"event_name":"Colosseum","floor":19,"gold_loss":0},{"damage_healed":0,"gold_gain":0,"player_choice":"Fought Nobs","damage_taken":0,"max_hp_gain":0,"max_hp_loss":0,"event_name":"Colosseum","floor":19,"gold_loss":0},{"damage_healed":0,"gold_gain":0,"player_choice":"Read","damage_taken":0,"max_hp_gain":0,"max_hp_loss":0,"event_name":"The Library","floor":21,"gold_loss":0,"cards_obtained":["Reckless Charge"]},{"damage_healed":0,"gold_gain":0,"player_choice":"Upgraded","damage_taken":0,"max_hp_gain":0,"max_hp_loss":0,"event_name":"Upgrade Shrine","floor":22,"gold_loss":0,"cards_upgraded":["Battle Trance"]}],"is_beta":false,"boss_relics":[{"not_picked":["Black Star","Snecko Eye"],"picked":"Velvet Choker"}],"items_purged_floors":[5,20],"is_endless":false,"potions_floor_spawned":[2,3,6,11,13,19],"killed_by":"Gremlin Leader","ascension_level":17}