{"gold_per_floor":[112,187,32,32,48,48,68,96,121,46,46,46,65,81,81,180,180,195,195,209,219,119,119,139,139,166,178,178,195,195,44,44,44],"floor_reached":33,"playtime":810,"items_purged":["Injury","Strike_B"],"score":247,"play_id":"91d3ad7f-44a4-4114-b854-a50ef001642b","local_time":"20190516041644","is_ascension_mode":false,"campfire_choices":[{"data":"Rainbow","floor":6.0,"key":"SMITH"},{"data":"Zap","floor":12.0,"key":"SMITH"},{"data":"Defragment","floor":15.0,"key":"SMITH"},{"data":"Defragment","floor":23.0,"key":"SMITH"},{"data":"Tempest","floor":30.0,"key":"SMITH"},{"data":"Fusion","floor":32,"key":"SMITH"}],"neow_cost":"CURSE","seed_source_timestamp":10852242272451,"circlet_count":0,"master_deck":["Strike_B","Strike_B","Defend_B","Defend_B","Defend_B+1","Defend_B","Zap+1","Dualcast","Rainbow+1","Compile Driver","Defragment+1","Tempest+1","Cold Snap","Reinforced Body+1","Self Repair","Conserve Battery","Fusion+1","Defragment+1","Conserve Battery","Seek","Chaos","Consume"],"special_seed":0,"relics":["Cracked Core","Oddly Smooth Stone","Bronze Scales","Velvet Choker","Bag of Preparation"],"potions_floor_usage":[],"damage_taken":[{"damage":0.0,"enemies":"2 Louse","floor":1.0,"turns":2.0},{"damage":0.0,"enemies":"Cultist","floor":5.0,"turns":3.0},{"damage":0.0,"enemies":"Small Slimes","floor":7.0,"turns":3.0},{"damage":23.0,"enemies":"Gremlin Nob","floor":8.0,"turns":4.0},{"damage":2.0,"enemies":"Red Slaver","floor":13.0,"turns":4.0},{"damage":0.0,"enemies":"Looter","floor":14.0,"turns":3.0},{"damage":8.0,"enemies":"Hexaghost","floor":16.0,"turns":8.0},{"damage":18.0,"enemies":"2 Thieves","floor":18.0,"turns":4.0},{"damage":0.0,"enemies":"Spheric Guardian","floor":20.0,"turns":3.0},{"damage":11.0,"enemies":"Centurion and Healer","floor":21.0,"turns":9.0},{"damage":9.0,"enemies":"Snake Plant","floor":24.0,"turns":4.0},{"damage":0.0,"enemies":"Snecko","floor":27.0,"turns":4.0},{"damage":4.0,"enemies":"Chosen and Byrds","floor":29.0,"turns":4.0},{"damage":82,"enemies":"Champ","floor":33,"turns":11}],"seed_played":"3932870068926880428","potions_obtained":[{"floor":7.0,"key":"Dexterity Potion"},{"floor":8.0,"key":"EssenceOfSteel"},{"floor":16.0,"key":"LiquidBronze"},{"floor":18.0,"key":"Regen Potion"}],"is_trial":false,"path_per_floor":["M","?","$","?","M","R","M","E","T","$","?","R","M","M","R","B",null,"M","?","M","M","$","R","M","?","T","M","?","M","R","$","R","B"],"character_chosen":"DEFECT","items_purchased":["Defragment","Self Repair","Chaos","Consume"],"campfire_rested":0,"item_purchase_floors":[3,10,31,31],"current_hp_per_floor":[75,64,64,64,64,64,64,41,41,41,26,26,31,38,38,37,75,64,64,71,67,67,67,65,65,65,72,72,75,75,75,75,0],"gold":44,"neow_bonus":"THREE_RARE_CARDS","is_prod":false,"is_daily":false,"chose_seed":false,"campfire_upgraded":6,"win_rate":0,"timestamp":1558001804,"path_taken":["M","?","$","?","?","R","M","E","T","$","?","R","M","M","R","BOSS","M","?","?","M","$","R","M","?","T","M","?","M","R","$","R","BOSS"],"build_version":"2019-01-23","purchased_purges":2,"victory":false,"max_hp_per_floor":[75,75,75,75,75,75,75,75,75,75,75,75,75,75,75,75,75,75,75,75,75,75,75,75,75,75,75,75,75,75,75,75,75],"card_choices":[{"not_picked":["Machine Learning","Thunder Strike"],"picked":"Rainbow","floor":0.0},{"not_picked":["Auto Shields","Gash"],"picked":"Compile Driver","floor":1.0},{"not_picked":["Streamline","Cold Snap"],"picked":"Tempest","floor":5.0},{"not_picked":["Turbo","Stack"],"picked":"Cold Snap","floor":7.0},{"not_picked":["Multi-Cast","Streamline"],"picked":"Reinforced Body","floor":8.0},{"not_picked":["Streamline","Beam Cell"],"picked":"Conserve Battery","floor":13.0},{"not_picked":["Streamline","Hologram"],"picked":"Fusion","floor":14.0},{"not_picked":["Lockon","Static Discharge+1","Beam Cell"],"picked":"SKIP","floor":18.0},{"not_picked":["Streamline","Chill+1","Static Discharge"],"picked":"SKIP","floor":20.0},{"not_picked":["Darkness","Steam Power"],"picked":"Defragment","floor":21.0},{"not_picked":["FTL","Chill+1","Redo"],"picked":"SKIP","floor":24.0},{"not_picked":["FTL","Rebound+1","Redo"],"picked":"SKIP","floor":27.0},{"not_picked":["Scrape","Steam"],"picked":"Seek","floor":29.0}],"player_experience":1420944,"relics_obtained":[{"floor":8.0,"key":"Oddly Smooth Stone"},{"floor":9.0,"key":"Bronze Scales"},{"floor":26.0,"key":"Bag of Preparation"}],"event_choices":[{"damage_healed":0.0,"max_hp_gain":0.0,"max_hp_loss":0.0,"gold_gain":75.0,"event_name":"World of Goop","player_choice":"Gather Gold","floor":2.0,"gold_loss":0.0,"damage_taken":11.0},{"cards_removed":["Strike_B"],"damage_healed":0.0,"max_hp_gain":0.0,"max_hp_loss":0.0,"gold_gain":0.0,"event_name":"Bonfire Elementals","player_choice":"Offered Basic","floor":4.0,"gold_loss":0.0,"damage_taken":0.0},{"damage_healed":0.0,"max_hp_gain":0.0,"max_hp_loss":0.0,"gold_gain":0.0,"event_name":"Shining Light","player_choice":"Entered Light","floor":11.0,"gold_loss":0.0,"damage_taken":15.0,"cards_upgraded":["Defend_B","Reinforced Body"]},{"damage_healed":0.0,"max_hp_gain":0.0,"max_hp_loss":0.0,"gold_gain":0.0,"event_name":"N\u0027loth","player_choice":"Ignored","floor":19.0,"gold_loss":0.0,"damage_taken":0.0},{"damage_healed":0.0,"max_hp_gain":0.0,"max_hp_loss":0.0,"gold_gain":0.0,"event_name":"Ghosts","player_choice":"Ignored","floor":25.0,"gold_loss":0.0,"damage_taken":0.0},{"damage_healed":0.0,"max_hp_gain":0.0,"max_hp_loss":0.0,"gold_gain":0.0,"event_name":"The Library","player_choice":"Read","floor":28.0,"gold_loss":0.0,"damage_taken":0.0,"cards_obtained":["Conserve Battery"]}],"is_beta":false,"boss_relics":[{"not_picked":["Fusion Hammer","Ectoplasm"],"picked":"Velvet Choker"}],"items_purged_floors":[3,22],"is_endless":false,"potions_floor_spawned":[7,8,16,18,20,24,27],"killed_by":"Champ","ascension_level":0}