{"gold_per_floor":[116,391,403,403,403,432,432,506,588,620,620,655,1,13,13,88,88,102,102,62,79,79,79,105,105,105,105,116,116,116,126,126,198,198,216,216],"floor_reached":36,"playtime":3086,"items_purged":[],"score":696,"play_id":"fff6799c-e58f-41fc-b746-efa2d3647637","local_time":"20190609115136","is_ascension_mode":true,"campfire_choices":[{"data":"Uppercut","floor":7.0,"key":"SMITH"},{"floor":11.0,"key":"REST"},{"floor":15.0,"key":"DIG"},{"floor":23,"key":"DIG"},{"floor":25,"key":"DIG"},{"floor":27,"key":"DIG"},{"floor":30,"key":"DIG"},{"floor":32,"key":"REST"}],"neow_cost":"NONE","seed_source_timestamp":580566968565641,"circlet_count":0,"master_deck":["AscendersBane","Strike_R+1","Strike_R+1","Strike_R+1","Defend_R+1","Defend_R+1","Defend_R+1","Defend_R+1","Bash","Sever Soul","Flame Barrier","Uppercut+1","Shrug It Off","Bludgeon","Cleave","Demon Form","Metallicize","Berserk","Dark Embrace"],"special_seed":0,"relics":["Burning Blood","The Courier","Bottled Flame","Shovel","Potion Belt","Pen Nib","Pear","Bronze Scales","Centennial Puzzle","Omamori","Empty Cage","Blood Vial","Art of War","Dodecahedron","Gremlin Horn","Regal Pillow","SsserpentHead","Smiling Mask","Cursed Key"],"potions_floor_usage":[16,33,33,35,35,36],"damage_taken":[{"damage":9.0,"enemies":"Jaw Worm","floor":1.0,"turns":4.0},{"damage":5.0,"enemies":"Cultist","floor":3.0,"turns":4.0},{"damage":40.0,"enemies":"Lagavulin","floor":6.0,"turns":7.0},{"damage":33.0,"enemies":"3 Sentries","floor":10.0,"turns":11.0},{"damage":12.0,"enemies":"Gremlin Nob","floor":12.0,"turns":3.0},{"damage":1.0,"enemies":"Small Slimes","floor":14.0,"turns":3.0},{"damage":42,"enemies":"Slime Boss","floor":16,"turns":11},{"damage":0,"enemies":"3 Byrds","floor":18,"turns":3},{"damage":1,"enemies":"Shell Parasite","floor":21,"turns":6},{"damage":30,"enemies":"Snake Plant","floor":28,"turns":6},{"damage":23,"enemies":"Cultist and Chosen","floor":31,"turns":5},{"damage":51,"enemies":"Collector","floor":33,"turns":9},{"damage":20,"enemies":"Orb Walker","floor":35,"turns":5},{"damage":71,"enemies":"3 Darklings","floor":36,"turns":5}],"seed_played":"-2282762748361363683","potions_obtained":[{"floor":3.0,"key":"Strength Potion"},{"floor":6.0,"key":"Strength Potion"},{"floor":12.0,"key":"AttackPotion"},{"floor":16,"key":"SmokeBomb"},{"floor":20,"key":"Ancient Potion"},{"floor":20,"key":"Strength Potion"},{"floor":20,"key":"Dexterity Potion"},{"floor":21,"key":"Weak Potion"},{"floor":33,"key":"Poison Potion"},{"floor":35,"key":"AttackPotion"}],"is_trial":false,"path_per_floor":["M","?","M","?","?","E","R","T","T","E","R","E","$","M","R","B",null,"M","?","?","M","?","R","T","R","T","R","M","?","R","M","R","B",null,"M","M"],"character_chosen":"IRONCLAD","items_purchased":["Pen Nib","Bludgeon","Pear","Bronze Scales","Centennial Puzzle"],"campfire_rested":2,"item_purchase_floors":[13,13,13,13,13],"current_hp_per_floor":[65,65,66,71,71,37,37,37,37,10,34,28,38,43,43,7,69,75,75,75,80,80,80,80,80,80,80,58,58,58,43,85,42,78,66,0],"gold":216,"neow_bonus":"THREE_CARDS","is_prod":false,"is_daily":false,"chose_seed":false,"campfire_upgraded":1,"win_rate":0,"timestamp":1560095496,"path_taken":["M","?","?","?","?","E","R","?","T","E","R","E","$","M","R","BOSS","M","?","?","?","?","R","?","R","T","R","M","?","R","M","R","BOSS","M","M"],"build_version":"2019-01-23","purchased_purges":0,"victory":false,"max_hp_per_floor":[75,75,75,80,80,80,80,80,80,80,80,80,90,90,90,90,90,90,90,90,90,90,90,90,90,90,90,90,90,90,90,90,90,90,90,90],"card_choices":[{"not_picked":["Pommel Strike","Shrug It Off"],"picked":"Sever Soul","floor":0.0},{"not_picked":["Headbutt","Pummel"],"picked":"Flame Barrier","floor":1.0},{"not_picked":["Seeing Red","Warcry","Flex"],"picked":"SKIP","floor":3.0},{"not_picked":["Clothesline","Thunderclap"],"picked":"Uppercut","floor":6.0},{"not_picked":["Shrug It Off","Intimidate","Uppercut"],"picked":"SKIP","floor":10.0},{"not_picked":["Pummel","Perfected Strike"],"picked":"Shrug It Off","floor":12.0},{"not_picked":["Heavy Blade","Thunderclap"],"picked":"Cleave","floor":14.0},{"not_picked":["Feed","Limit Break"],"picked":"Demon Form","floor":16},{"not_picked":["Second Wind","Pommel Strike","Thunderclap"],"picked":"SKIP","floor":18},{"not_picked":["Twin Strike","Thunderclap"],"picked":"Metallicize","floor":21},{"not_picked":["Bloodletting","Reckless Charge+1","Wild Strike"],"picked":"SKIP","floor":28},{"not_picked":["Havoc","Evolve"],"picked":"Berserk","floor":31},{"not_picked":["Juggernaut","Limit Break"],"picked":"Dark Embrace","floor":33},{"not_picked":["Wild Strike","Flex","Havoc"],"picked":"SKIP","floor":35}],"player_experience":2281561,"relics_obtained":[{"floor":6.0,"key":"The Courier"},{"floor":8.0,"key":"Bottled Flame"},{"floor":10.0,"key":"Shovel"},{"floor":12.0,"key":"Potion Belt"},{"floor":15.0,"key":"Omamori"},{"floor":23,"key":"Blood Vial"},{"floor":24,"key":"Art of War"},{"floor":25,"key":"Dodecahedron"},{"floor":26,"key":"Gremlin Horn"},{"floor":27,"key":"Regal Pillow"},{"floor":30,"key":"Smiling Mask"}],"event_choices":[{"damage_healed":0.0,"max_hp_gain":0.0,"max_hp_loss":0.0,"gold_gain":275.0,"event_name":"Golden Shrine","player_choice":"Desecrate","floor":2.0,"gold_loss":0.0,"damage_taken":0.0,"cards_obtained":["Regret"]},{"damage_healed":0.0,"max_hp_gain":5.0,"max_hp_loss":0.0,"gold_gain":0.0,"event_name":"Big Fish","player_choice":"Donut","floor":4.0,"gold_loss":0.0,"damage_taken":0.0},{"cards_removed":["Regret"],"damage_healed":0.0,"max_hp_gain":0.0,"max_hp_loss":0.0,"gold_gain":0.0,"event_name":"Living Wall","player_choice":"Forget","floor":5.0,"gold_loss":0.0,"damage_taken":0.0},{"damage_healed":0,"gold_gain":0,"player_choice":"Simplicity","damage_taken":0,"max_hp_gain":0,"max_hp_loss":0,"event_name":"Back to Basics","floor":19,"gold_loss":0,"cards_upgraded":["Strike_R","Strike_R","Strike_R","Defend_R","Defend_R","Defend_R","Defend_R"]},{"damage_healed":0,"gold_gain":0,"player_choice":"Bought 3 Potions","damage_taken":0,"max_hp_gain":0,"max_hp_loss":0,"event_name":"The Woman in Blue","floor":20,"gold_loss":0},{"damage_healed":0,"gold_gain":0,"player_choice":"Ignored","damage_taken":0,"max_hp_gain":0,"max_hp_loss":0,"event_name":"Ghosts","floor":22,"gold_loss":0},{"damage_healed":0,"gold_gain":0,"player_choice":"Trade","damage_taken":0,"relics_obtained":["SsserpentHead"],"max_hp_gain":0,"max_hp_loss":0,"event_name":"FaceTrader","floor":29,"gold_loss":0}],"is_beta":false,"boss_relics":[{"not_picked":["Tiny House","White Beast Statue"],"picked":"Empty Cage"},{"not_picked":["Lizard Tail","Black Star"],"picked":"Cursed Key"}],"items_purged_floors":[],"is_endless":false,"potions_floor_spawned":[3,6,12,16,21,33,35],"killed_by":"3 Darklings","ascension_level":17}