{"gold_per_floor":[114,124,143,143,167,195,208,208,208,223,253,52,70,80,80,177,177,189,201,213,230,243,269,286,286,368,403,415,425,67,67,67,162,162,177,196,215,215,262,292,306,332,332,366,366,20,20,40,40,40],"floor_reached":51,"playtime":6689,"items_purged":["Strike_G","Parasite","Distraction+1"],"score":870,"play_id":"addb0b08-06ab-4360-add3-7f9a586bc983","local_time":"20180814233237","is_ascension_mode":false,"campfire_choices":[{"data":"Neutralize","floor":8,"key":"SMITH"},{"floor":15,"key":"REST"},{"data":"Footwork","floor":25,"key":"SMITH"},{"data":"Noxious Fumes","floor":32,"key":"SMITH"},{"data":"Crippling Poison","floor":45,"key":"SMITH"},{"floor":47,"key":"REST"},{"data":"Corpse Explosion","floor":49,"key":"SMITH"}],"neow_cost":"NONE","seed_source_timestamp":1065177634561171,"circlet_count":0,"master_deck":["Defend_G","Defend_G","Defend_G","Defend_G","Defend_G","Strike_G+1","Survivor","Neutralize+1","Dagger Spray+1","Cloak And Dagger","Footwork+1","Backstab","Bouncing Flask","Escape Plan","Noxious Fumes+1","Backflip","Corpse Explosion+1","Crippling Poison+1","Deflect+1","PiercingWail+1","PiercingWail","Dash","Backflip+1","Deflect","Acrobatics","Backflip","Dodge and Roll","Endless Agony+1","Choke+1","Noxious Fumes+1","Catalyst","Dark Shackles","Acrobatics+1","Deflect","Secret Technique","Madness"],"relics":["Ring of the Snake","Boot","Singing Bowl","Omamori","The Courier","Dream Catcher","Oddly Smooth Stone","Bronze Scales","Calling Bell","Blood Vial","Blue Candle","Torii","Art of War","Ninja Scroll","Gremlin Horn","Calipers","Astrolabe","Girya","The Specimen","Whetstone","Pantograph","Pen Nib"],"potions_floor_usage":[16,20,23,24,24,39,39,50,50,50],"damage_taken":[{"damage":0,"enemies":"2 Louse","floor":1,"turns":3},{"damage":0,"enemies":"Jaw Worm","floor":2,"turns":4},{"damage":1,"enemies":"Cultist","floor":3,"turns":4},{"damage":13,"enemies":"Lagavulin","floor":6,"turns":9},{"damage":0,"enemies":"Exordium Thugs","floor":7,"turns":4},{"damage":3,"enemies":"Exordium Wildlife","floor":10,"turns":4},{"damage":17,"enemies":"Gremlin Nob","floor":11,"turns":4},{"damage":1,"enemies":"Red Slaver","floor":13,"turns":3},{"damage":1,"enemies":"Lots of Slimes","floor":14,"turns":2},{"damage":16,"enemies":"Slime Boss","floor":16,"turns":12},{"damage":0,"enemies":"3 Byrds","floor":18,"turns":3},{"damage":12,"enemies":"2 Thieves","floor":19,"turns":3},{"damage":1,"enemies":"Snake Plant","floor":20,"turns":4},{"damage":14,"enemies":"Sentry and Sphere","floor":21,"turns":6},{"damage":4,"enemies":"Centurion and Healer","floor":22,"turns":6},{"damage":1,"enemies":"Book of Stabbing","floor":23,"turns":7},{"damage":1,"enemies":"3 Cultists","floor":24,"turns":5},{"damage":1,"enemies":"Slavers","floor":27,"turns":8},{"damage":1,"enemies":"Snake Plant","floor":28,"turns":5},{"damage":0,"enemies":"Cultist and Chosen","floor":29,"turns":7},{"damage":0,"enemies":"Automaton","floor":33,"turns":10},{"damage":8,"enemies":"Flame Bruiser 1 Orb","floor":35,"turns":9},{"damage":0,"enemies":"3 Shapes","floor":36,"turns":5},{"damage":1,"enemies":"Maw","floor":37,"turns":8},{"damage":1,"floor":39,"turns":5},{"damage":21,"enemies":"Nemesis","floor":40,"turns":9},{"damage":14,"enemies":"Sphere and 2 Shapes","floor":41,"turns":6},{"damage":16,"enemies":"Giant Head","floor":42,"turns":10},{"damage":1,"enemies":"Nemesis","floor":44,"turns":7},{"damage":0,"enemies":"4 Shapes","floor":48,"turns":4},{"damage":8,"enemies":"Awakened One","floor":50,"turns":19}],"seed_played":"1848127401262093970","potions_obtained":[{"floor":2,"key":"Weak Potion"},{"floor":7,"key":"Swift Potion"},{"floor":11,"key":"SteroidPotion"},{"floor":20,"key":"SkillPotion"},{"floor":21,"key":"Block Potion"},{"floor":22,"key":"Block Potion"},{"floor":24,"key":"AttackPotion"},{"floor":28,"key":"Poison Potion"},{"floor":29,"key":"Dexterity Potion"},{"floor":36,"key":"Block Potion"},{"floor":40,"key":"SpeedPotion"},{"floor":41,"key":"Explosive Potion"}],"is_trial":false,"path_per_floor":["M","M","M","?","T","E","M","R","T","M","E","$","M","M","R","B",null,"M","M","M","M","M","E","M","R","T","E","M","M","$","?","R","B",null,"M","M","M","?","?","E","M","E","T","E","R","$","R","M","R","B"],"character_chosen":"THE_SILENT","items_purchased":["Bronze Scales","Escape Plan","Calipers","Dodge and Roll","Secret Technique","Madness"],"campfire_rested":2,"item_purchase_floors":[12,12,30,30,46,46],"current_hp_per_floor":[70,70,69,57,57,44,44,44,44,43,28,28,29,28,50,34,76,76,64,65,53,51,52,53,53,53,54,55,59,59,59,59,63,77,71,73,74,74,77,58,48,36,36,37,37,37,64,68,68,81],"gold":40,"neow_bonus":"RANDOM_COMMON_RELIC","is_prod":false,"is_daily":false,"chose_seed":false,"campfire_upgraded":5,"win_rate":0,"timestamp":1534303957,"path_taken":["M","M","M","?","?","E","M","R","T","M","E","$","?","M","R","BOSS","M","M","M","M","M","E","M","R","T","E","M","M","$","?","R","BOSS","M","?","?","?","?","E","M","E","T","E","R","$","R","?","R","BOSS"],"build_version":"2018-08-09","purchased_purges":3,"victory":true,"max_hp_per_floor":[70,70,70,70,70,70,70,70,70,72,74,74,76,76,76,76,76,76,76,76,76,76,76,76,76,76,76,76,78,75,75,75,77,77,79,79,79,79,81,81,83,85,85,85,85,85,87,89,89,89],"card_choices":[{"not_picked":["Slice","Eviscerate"],"picked":"Dagger Spray","floor":1},{"not_picked":["Prepared","Distraction"],"picked":"Cloak And Dagger","floor":2},{"not_picked":["Underhanded Strike","Cloak And Dagger"],"picked":"Footwork","floor":3},{"not_picked":["Dagger Throw","Blade Dance"],"picked":"Backstab","floor":6},{"not_picked":["Distraction","Deadly Poison"],"picked":"Bouncing Flask","floor":7},{"not_picked":["Distraction","Reflex","Storm of Steel"],"picked":"Singing Bowl","floor":10},{"not_picked":["Slice","Tactician","Calculated Gamble"],"picked":"Singing Bowl","floor":11},{"not_picked":["Heel Hook","Flechettes","Quick Slash"],"picked":"Singing Bowl","floor":13},{"not_picked":["Tactician","Expertise"],"picked":"Noxious Fumes","floor":14},{"not_picked":["Acrobatics","Prepared"],"picked":"Backflip","floor":15},{"not_picked":["Glass Knife","Grand Finale"],"picked":"Corpse Explosion","floor":16},{"not_picked":["Catalyst+1","Prepared+1"],"picked":"Crippling Poison","floor":18},{"not_picked":["Bane","Flying Knee+1"],"picked":"Deflect+1","floor":19},{"not_picked":["Backflip","Dodge and Roll"],"picked":"PiercingWail+1","floor":20},{"not_picked":["Catalyst","Outmaneuver"],"picked":"PiercingWail","floor":21},{"not_picked":["Reflex","Quick Slash"],"picked":"Dash","floor":22},{"not_picked":["Bane","Bouncing Flask+1"],"picked":"Backflip+1","floor":23},{"not_picked":["Catalyst+1","Choke"],"picked":"Deflect","floor":24},{"not_picked":["Night Terror","Cloak And Dagger"],"picked":"Acrobatics","floor":27},{"not_picked":["Dodge and Roll","Sucker Punch"],"picked":"Backflip","floor":28},{"not_picked":["Deadly Poison","Acrobatics","Poisoned Stab"],"picked":"Singing Bowl","floor":29},{"not_picked":["Glass Knife","Night Terror","Burst"],"picked":"Singing Bowl","floor":33},{"not_picked":["Masterful Stab+1","Cloak And Dagger+1","Dagger Throw"],"picked":"Singing Bowl","floor":35},{"not_picked":["All Out Attack+1","Dagger Throw"],"picked":"Noxious Fumes+1","floor":36},{"not_picked":["Prepared","Outmaneuver+1"],"picked":"Catalyst","floor":37},{"not_picked":["Apotheosis","Enlightenment"],"picked":"Dark Shackles","floor":38},{"not_picked":["PiercingWail","Bouncing Flask","Cloak And Dagger"],"picked":"Singing Bowl","floor":39},{"not_picked":["Heel Hook+1","Outmaneuver+1"],"picked":"Acrobatics+1","floor":40},{"not_picked":["Choke+1","Acrobatics+1","Calculated Gamble+1"],"picked":"Singing Bowl","floor":41},{"not_picked":["Backstab+1","Backflip","Dagger Throw"],"picked":"Singing Bowl","floor":42},{"not_picked":["Choke+1","Finisher+1"],"picked":"Deflect","floor":44},{"not_picked":["Cloak And Dagger+1","Poisoned Stab+1","Setup+1"],"picked":"Singing Bowl","floor":47},{"not_picked":["PiercingWail+1","Predator","Bane+1"],"picked":"Singing Bowl","floor":48}],"player_experience":748012,"relics_obtained":[{"floor":5,"key":"Omamori"},{"floor":6,"key":"The Courier"},{"floor":9,"key":"Dream Catcher"},{"floor":11,"key":"Oddly Smooth Stone"},{"floor":17,"key":"Blood Vial"},{"floor":17,"key":"Blue Candle"},{"floor":17,"key":"Torii"},{"floor":23,"key":"Art of War"},{"floor":26,"key":"Ninja Scroll"},{"floor":27,"key":"Gremlin Horn"},{"floor":39,"key":"Girya"},{"floor":40,"key":"The Specimen"},{"floor":42,"key":"Whetstone"},{"floor":43,"key":"Pantograph"},{"floor":44,"key":"Pen Nib"}],"event_choices":[{"event_name":"Scrap Ooze","player_choice":"success","floor":4,"damage_taken":12},{"event_name":"Cursed Tome","player_choice":"Ignored","floor":31,"damage_taken":0},{"event_name":"SensoryStone","player_choice":"Memory 1","floor":38,"damage_taken":0},{"event_name":"Mysterious Sphere","player_choice":"Fight","floor":39,"damage_taken":0}],"is_beta":false,"boss_relics":[{"not_picked":["HoveringKite","White Beast Statue"],"picked":"Calling Bell"},{"not_picked":["Sozu","Fusion Hammer"],"picked":"Astrolabe"}],"items_purged_floors":[12,30,46],"is_endless":false,"potions_floor_spawned":[2,7,11,14,20,21,22,24,28,29,36,37,40,41],"ascension_level":0}