{"gold_per_floor":[118,118,135,135,135,135,164,164,164,264,277,277,277,289,289,392,392,408,421,346,346,361,389,389,488,488,488,79,79,108,126,126,126],"floor_reached":33,"playtime":801,"items_purged":["Strike_R"],"score":436,"play_id":"289ec0a0-4603-48f2-b2d0-634055bf0a73","local_time":"20190617135615","is_ascension_mode":true,"campfire_choices":[{"data":"Cleave","floor":6,"key":"SMITH"},{"data":"Flame Barrier","floor":8,"key":"SMITH"},{"data":"Bash","floor":13,"key":"SMITH"},{"data":"Rage","floor":15,"key":"SMITH"},{"data":"Clothesline","floor":24,"key":"SMITH"},{"data":"Shrug It Off","floor":27,"key":"SMITH"},{"data":"Rage","floor":32,"key":"SMITH"}],"neow_cost":"TEN_PERCENT_HP_LOSS","seed_source_timestamp":5259493803130,"circlet_count":0,"master_deck":["AscendersBane","Strike_R","Strike_R","Strike_R","Defend_R","Defend_R","Defend_R","Defend_R","Bash+1","Bludgeon+1","Cleave+1","Flex","Flame Barrier+1","Headbutt","Rage+1","Juggernaut+1","Metallicize+1","Headbutt","Shrug It Off+1","Clothesline+1","Dramatic Entrance","Rage+1","Iron Wave+1"],"relics":["Burning Blood","Lantern","Frozen Egg 2","Runic Dome","MutagenicStrength","Meat on the Bone","Shuriken","FossilizedHelix","Question Card"],"potions_floor_usage":[19,23,29,33],"damage_taken":[{"damage":0,"enemies":"2 Louse","floor":1,"turns":3},{"damage":12,"enemies":"Jaw Worm","floor":3,"turns":2},{"damage":30,"enemies":"3 Sentries","floor":7,"turns":7},{"damage":0,"enemies":"Small Slimes","floor":11,"turns":3},{"damage":21,"enemies":"2 Fungi Beasts","floor":14,"turns":3},{"damage":14,"enemies":"Hexaghost","floor":16,"turns":8},{"damage":0,"enemies":"Spheric Guardian","floor":18,"turns":3},{"damage":6,"enemies":"3 Byrds","floor":19,"turns":3},{"damage":0,"enemies":"Snake Plant","floor":22,"turns":2},{"damage":7,"enemies":"Book of Stabbing","floor":23,"turns":3},{"damage":0,"enemies":"Colosseum Slavers","floor":29,"turns":3},{"damage":4,"enemies":"Slavers","floor":30,"turns":4},{"damage":0,"enemies":"Shelled Parasite and Fungi","floor":31,"turns":3},{"damage":86,"enemies":"Automaton","floor":33,"turns":8}],"seed_played":"4024792508310144360","potions_obtained":[{"floor":3,"key":"Explosive Potion"},{"floor":11,"key":"SteroidPotion"},{"floor":18,"key":"Regen Potion"},{"floor":19,"key":"FearPotion"},{"floor":23,"key":"AttackPotion"},{"floor":31,"key":"Swift Potion"}],"is_trial":false,"path_per_floor":["M","?","M","?","?","R","E","R","T","?","M","?","R","M","R","B",null,"M","M","$","?","M","E","R","?","T","R","$","?","E","M","R","B"],"character_chosen":"IRONCLAD","items_purchased":["FossilizedHelix","Dramatic Entrance"],"campfire_rested":0,"item_purchase_floors":[28,28],"current_hp_per_floor":[72,72,66,71,71,71,47,47,47,47,53,53,53,38,38,30,65,71,71,71,71,77,76,76,76,76,76,76,77,77,77,77,0],"gold":126,"neow_bonus":"THREE_RARE_CARDS","is_prod":false,"is_daily":false,"chose_seed":false,"campfire_upgraded":7,"win_rate":0,"timestamp":1560750975,"path_taken":["M","?","M","?","?","R","E","R","T","?","?","?","R","M","R","BOSS","M","M","$","?","M","E","R","?","T","R","$","?","E","M","R","BOSS"],"build_version":"2019-01-23","purchased_purges":1,"victory":false,"max_hp_per_floor":[72,72,72,77,77,77,77,77,77,77,77,77,77,77,77,77,77,77,77,77,77,77,77,77,77,77,77,77,77,77,77,77,77],"card_choices":[{"not_picked":["Dark Embrace","Limit Break"],"picked":"Bludgeon","floor":0},{"not_picked":["Armaments","Blood for Blood"],"picked":"Cleave","floor":1},{"not_picked":["Iron Wave","True Grit"],"picked":"Flex","floor":3},{"not_picked":["True Grit","Clothesline"],"picked":"Flame Barrier","floor":7},{"not_picked":["Iron Wave","Blood for Blood"],"picked":"Headbutt","floor":11},{"not_picked":["Body Slam","Carnage"],"picked":"Rage","floor":14},{"not_picked":["Fiend Fire","Offering"],"picked":"Juggernaut+1","floor":16},{"not_picked":["Inflame+1","Rupture+1"],"picked":"Metallicize+1","floor":18},{"not_picked":["Pommel Strike","Cleave"],"picked":"Headbutt","floor":19},{"not_picked":["Anger","Dropkick"],"picked":"Shrug It Off","floor":22},{"not_picked":["Carnage","Perfected Strike"],"picked":"Clothesline","floor":23},{"not_picked":["Entrench","Flame Barrier+1"],"picked":"Rage","floor":30},{"not_picked":["Headbutt+1","Shrug It Off","Body Slam"],"picked":"Iron Wave+1","floor":31}],"player_experience":526652,"relics_obtained":[{"floor":7,"key":"Lantern"},{"floor":9,"key":"Frozen Egg 2"},{"floor":23,"key":"Meat on the Bone"},{"floor":26,"key":"Shuriken"},{"floor":30,"key":"Question Card"}],"event_choices":[{"damage_healed":0,"gold_gain":0,"player_choice":"Leave","damage_taken":0,"max_hp_gain":0,"max_hp_loss":0,"event_name":"The Cleric","floor":2,"gold_loss":0},{"damage_healed":0,"gold_gain":0,"player_choice":"Donut","damage_taken":0,"max_hp_gain":5,"max_hp_loss":0,"event_name":"Big Fish","floor":4,"gold_loss":0},{"damage_healed":0,"gold_gain":0,"player_choice":"Grow","damage_taken":0,"max_hp_gain":0,"max_hp_loss":0,"event_name":"Living Wall","floor":5,"gold_loss":0,"cards_upgraded":["Bludgeon"]},{"damage_healed":0,"gold_gain":100,"player_choice":"Pray","damage_taken":0,"max_hp_gain":0,"max_hp_loss":0,"event_name":"Golden Shrine","floor":10,"gold_loss":0},{"cards_removed":["Strike_R"],"damage_healed":0,"gold_gain":0,"player_choice":"Offered Basic","damage_taken":0,"max_hp_gain":0,"max_hp_loss":0,"event_name":"Bonfire Elementals","floor":12,"gold_loss":0},{"damage_healed":0,"gold_gain":0,"player_choice":"Inject Mutagens","damage_taken":0,"relics_obtained":["MutagenicStrength"],"max_hp_gain":0,"max_hp_loss":0,"event_name":"Drug Dealer","floor":21,"gold_loss":0},{"damage_healed":0,"gold_gain":99,"player_choice":"Stole From Cult","damage_taken":0,"max_hp_gain":0,"max_hp_loss":0,"event_name":"Nest","floor":25,"gold_loss":0},{"damage_healed":0,"gold_gain":0,"player_choice":"Fight","damage_taken":0,"max_hp_gain":0,"max_hp_loss":0,"event_name":"Colosseum","floor":29,"gold_loss":0},{"damage_healed":0,"gold_gain":0,"player_choice":"Fled From Nobs","damage_taken":0,"max_hp_gain":0,"max_hp_loss":0,"event_name":"Colosseum","floor":29,"gold_loss":0}],"is_beta":false,"boss_relics":[{"not_picked":["Calling Bell","Philosopher\u0027s Stone"],"picked":"Runic Dome"}],"items_purged_floors":[20],"is_endless":false,"potions_floor_spawned":[3,11,14,16,18,19,23,31],"killed_by":"Automaton","ascension_level":11}