{"gold_per_floor":[363,363,261,275,292,292,242,242,269,269,189,189,214,241,241,343,343,355,373,98,111,111,111,140,166,192,167,195,195,195,211,211,316,316,334,409,424,437,62,62,96,96,96,114,124,136,154,154,154,154],"floor_reached":50,"playtime":1938,"items_purged":["Strike_G"],"score":1004,"play_id":"ff45dbfc-cbc0-4526-86ef-c87da3d67bdf","local_time":"20190624035454","is_ascension_mode":true,"campfire_choices":[{"floor":6.0,"key":"REST"},{"data":"Catalyst","floor":8.0,"key":"SMITH"},{"data":"Catalyst","floor":10.0,"key":"SMITH"},{"data":"Crippling Poison","floor":12.0,"key":"SMITH"},{"data":"Malaise","floor":15.0,"key":"SMITH"},{"floor":23.0,"key":"REST"},{"floor":30.0,"key":"REST"},{"floor":32.0,"key":"REST"},{"floor":40.0,"key":"REST"},{"floor":42.0,"key":"REST"},{"floor":49.0,"key":"REST"}],"neow_cost":"CURSE","seed_source_timestamp":0,"circlet_count":0,"master_deck":["AscendersBane","Defend_G","Defend_G","Defend_G","Defend_G","Defend_G","Strike_G","Strike_G","Strike_G","Survivor","Deadly Poison","Bane","Catalyst+1","Catalyst+1","Crippling Poison+1","Malaise+1","Burst","Sucker Punch+1","Escape Plan","Dash","Poisoned Stab","Poisoned Stab","Grand Finale","Bouncing Flask","Backflip+1","Deadly Poison","Burst","Catalyst+1","Deadly Poison","Backstab","Catalyst+1","Prepared+1","Deadly Poison+1","Bane+1","PiercingWail+1"],"special_seed":0,"relics":["Ring of the Snake","Strawberry","Sundial","Omamori","Fusion Hammer","TwistedFunnel","Dream Catcher","Red Mask","Oddly Smooth Stone","Smiling Mask","Orrery","DollysMirror","Ancient Tea Set","Singing Bowl"],"potions_floor_usage":[50,50],"damage_taken":[{"damage":1.0,"enemies":"2 Louse","floor":1.0,"turns":5.0},{"damage":6.0,"enemies":"Jaw Worm","floor":4.0,"turns":4.0},{"damage":7.0,"enemies":"Small Slimes","floor":5.0,"turns":4.0},{"damage":0.0,"enemies":"Gremlin Nob","floor":13.0,"turns":2.0},{"damage":30.0,"enemies":"The Guardian","floor":16.0,"turns":7.0},{"damage":1.0,"enemies":"3 Byrds","floor":18.0,"turns":5.0},{"damage":0.0,"enemies":"Chosen","floor":19.0,"turns":3.0},{"damage":7.0,"enemies":"Shelled Parasite and Fungi","floor":21.0,"turns":4.0},{"damage":3.0,"enemies":"Gremlin Leader","floor":24.0,"turns":2.0},{"damage":20.0,"enemies":"Masked Bandits","floor":25.0,"turns":5.0},{"damage":3.0,"enemies":"Slavers","floor":28.0,"turns":4.0},{"damage":12.0,"enemies":"Snecko","floor":31.0,"turns":3.0},{"damage":18.0,"enemies":"Automaton","floor":33.0,"turns":4.0},{"damage":3.0,"enemies":"Orb Walker","floor":35.0,"turns":2.0},{"damage":20.0,"enemies":"3 Darklings","floor":37.0,"turns":4.0},{"damage":12.0,"enemies":"Transient","floor":38.0,"turns":5.0},{"damage":0.0,"enemies":"Giant Head","floor":41.0,"turns":4.0},{"damage":0.0,"enemies":"Maw","floor":44.0,"turns":3.0},{"damage":29.0,"enemies":"3 Darklings","floor":45.0,"turns":5.0},{"damage":5.0,"enemies":"Jaw Worm Horde","floor":46.0,"turns":4.0},{"damage":1.0,"enemies":"Maw","floor":47.0,"turns":3.0},{"damage":81,"enemies":"Awakened One","floor":50,"turns":10}],"seed_played":"2765088221181281185","potions_obtained":[{"floor":5.0,"key":"GhostInAJar"},{"floor":24.0,"key":"Dexterity Potion"},{"floor":25.0,"key":"Swift Potion"},{"floor":28.0,"key":"GamblersBrew"},{"floor":31.0,"key":"EssenceOfSteel"},{"floor":35.0,"key":"GhostInAJar"},{"floor":44.0,"key":"EntropicBrew"}],"is_trial":false,"path_per_floor":["M","?","$","M","M","R","?","R","T","R","$","R","E","T","R","B",null,"M","M","$","M","?","R","E","?","T","$","E","?","R","M","R","B",null,"M","?","M","M","$","R","E","R","T","M","M","M","M","?","R","B"],"character_chosen":"THE_SILENT","items_purchased":["Bane","Block Potion","Crippling Poison","TwistedFunnel","Poisoned Stab","DollysMirror","EntropicBrew","EssenceOfSteel"],"campfire_rested":7,"item_purchase_floors":[3,3,11,20,27,39,39,39],"current_hp_per_floor":[62,62,62,56,49,70,70,70,77,77,77,77,77,77,77,47,70,69,69,69,62,62,77,74,54,54,54,51,51,74,62,77,59,73,70,63,43,31,31,54,54,77,77,79,52,49,50,50,75,0],"gold":154,"neow_bonus":"TWO_FIFTY_GOLD","is_prod":false,"is_daily":false,"chose_seed":false,"campfire_upgraded":4,"win_rate":0,"timestamp":1561319694,"path_taken":["M","?","$","M","M","R","?","R","T","R","$","R","E","?","R","BOSS","M","M","$","M","?","R","E","?","T","$","E","?","R","M","R","BOSS","M","?","M","M","$","R","E","R","T","M","?","M","M","?","R","BOSS"],"build_version":"2019-01-23","purchased_purges":1,"victory":false,"max_hp_per_floor":[70,70,70,70,70,70,70,70,77,77,77,77,77,77,77,77,77,77,77,77,77,77,77,77,77,77,77,77,77,77,77,77,77,77,77,77,77,77,77,77,77,77,77,79,81,83,85,85,85,85],"card_choices":[{"not_picked":["Underhanded Strike","Infinite Blades"],"picked":"Deadly Poison","floor":1.0},{"not_picked":["Cloak And Dagger","Backflip"],"picked":"Catalyst","floor":4.0},{"not_picked":["Dagger Throw","Reflex"],"picked":"Catalyst","floor":5.0},{"not_picked":["Deadly Poison","Outmaneuver"],"picked":"Malaise","floor":13.0},{"not_picked":["Phantasmal Killer","Venomology"],"picked":"Burst","floor":16.0},{"not_picked":["Acrobatics","Backflip"],"picked":"Sucker Punch+1","floor":18.0},{"not_picked":["PiercingWail","Backflip"],"picked":"Escape Plan","floor":19.0},{"not_picked":["Sucker Punch","Burst","Flying Knee"],"picked":"SKIP","floor":21.0},{"not_picked":["Quick Slash+1","Skewer","Bane"],"picked":"SKIP","floor":24.0},{"not_picked":["Sucker Punch","Bane"],"picked":"Dash","floor":25.0},{"not_picked":["Concentrate","Cloak And Dagger"],"picked":"Poisoned Stab","floor":28.0},{"not_picked":["Acrobatics","Tactician+1"],"picked":"Bouncing Flask","floor":30.0},{"not_picked":["Poisoned Stab+1","Dagger Throw"],"picked":"Backflip+1","floor":31.0},{"not_picked":["Quick Slash+1","Deflect"],"picked":"Deadly Poison","floor":32.0},{"not_picked":["Glass Knife","Bullet Time"],"picked":"Burst","floor":33.0},{"not_picked":["Underhanded Strike+1","Masterful Stab"],"picked":"Catalyst+1","floor":34.0},{"not_picked":["Sucker Punch","Eviscerate+1"],"picked":"Deadly Poison","floor":34.0},{"not_picked":["Acrobatics","Flechettes"],"picked":"Backstab","floor":34.0},{"not_picked":["All Out Attack+1","Underhanded Strike","Reflex"],"picked":"SKIP","floor":35.0},{"not_picked":["Accuracy","Sucker Punch+1","Underhanded Strike+1"],"picked":"SKIP","floor":37.0},{"not_picked":["Concentrate+1","After Image","Outmaneuver"],"picked":"SKIP","floor":38.0},{"not_picked":["Poisoned Stab","Predator"],"picked":"Prepared+1","floor":40.0},{"not_picked":["Eviscerate","Dagger Spray"],"picked":"Deadly Poison+1","floor":41.0},{"not_picked":["Slice","Poisoned Stab"],"picked":"Bane+1","floor":42.0},{"not_picked":["Cloak And Dagger","Deflect+1","Skewer+1"],"picked":"Singing Bowl","floor":44.0},{"not_picked":["Underhanded Strike+1","Concentrate+1","Dagger Throw"],"picked":"Singing Bowl","floor":45.0},{"not_picked":["Endless Agony+1","Slice","Acrobatics"],"picked":"Singing Bowl","floor":46.0},{"not_picked":["Bane+1","Burst","Crippling Poison"],"picked":"Singing Bowl","floor":47.0},{"not_picked":["Poisoned Stab+1","Dash+1"],"picked":"PiercingWail+1","floor":49.0}],"player_experience":549554,"relics_obtained":[{"floor":9.0,"key":"Strawberry"},{"floor":13.0,"key":"Sundial"},{"floor":14.0,"key":"Omamori"},{"floor":24.0,"key":"Dream Catcher"},{"floor":25.0,"key":"Red Mask"},{"floor":26.0,"key":"Oddly Smooth Stone"},{"floor":28.0,"key":"Smiling Mask"},{"floor":41.0,"key":"Ancient Tea Set"},{"floor":43.0,"key":"Singing Bowl"}],"event_choices":[{"damage_healed":0.0,"max_hp_gain":0.0,"max_hp_loss":0.0,"gold_gain":0.0,"event_name":"Golden Wing","player_choice":"Ignored","floor":2.0,"gold_loss":0.0,"damage_taken":0.0},{"cards_removed":["Normality"],"damage_healed":0.0,"max_hp_gain":0.0,"max_hp_loss":0.0,"gold_gain":0.0,"event_name":"The Cleric","player_choice":"Card Removal","floor":7.0,"gold_loss":50.0,"damage_taken":0.0},{"damage_healed":0.0,"max_hp_gain":0.0,"max_hp_loss":0.0,"gold_gain":0.0,"event_name":"Vampires","player_choice":"Ignored","floor":22.0,"gold_loss":0.0,"damage_taken":0.0},{"damage_healed":0.0,"max_hp_gain":0.0,"max_hp_loss":0.0,"gold_gain":0.0,"event_name":"Masked Bandits","player_choice":"Fought Bandits","floor":25.0,"gold_loss":0.0,"damage_taken":0.0},{"damage_healed":0.0,"max_hp_gain":0.0,"max_hp_loss":0.0,"gold_gain":0.0,"cards_transformed":["Strike_G"],"event_name":"Transmorgrifier","player_choice":"Transformed","floor":29.0,"gold_loss":0.0,"damage_taken":0.0,"cards_obtained":["Grand Finale"]},{"damage_healed":0.0,"max_hp_gain":0.0,"max_hp_loss":0.0,"gold_gain":75.0,"event_name":"FaceTrader","player_choice":"Touch","floor":36.0,"gold_loss":0.0,"damage_taken":7.0},{"cards_removed":["Neutralize"],"damage_healed":0.0,"max_hp_gain":0.0,"max_hp_loss":0.0,"gold_gain":0.0,"event_name":"Falling","player_choice":"Removed Attack","floor":48.0,"gold_loss":0.0,"damage_taken":0.0}],"is_beta":false,"boss_relics":[{"not_picked":["Snecko Eye","Velvet Choker"],"picked":"Fusion Hammer"},{"not_picked":["Lizard Tail","WristBlade"],"picked":"Orrery"}],"items_purged_floors":[20],"is_endless":false,"potions_floor_spawned":[5,24,25,28,31,35,37,44],"killed_by":"Awakened One","ascension_level":11}