{"gold_per_floor":[118,131,131,231,249,249,268,303,303,322,335,349,108,122,122,227,227,216,231,231,35,35,35],"floor_reached":23,"playtime":1303,"items_purged":["Strike_B","Strike_B"],"score":254,"play_id":"961d91ec-4623-4dbb-ba88-d20bb27b083f","local_time":"20190513011742","is_ascension_mode":true,"campfire_choices":[{"data":"Capacitor","floor":6.0,"key":"SMITH"},{"floor":15.0,"key":"REST"}],"neow_cost":"PERCENT_DAMAGE","seed_source_timestamp":41984038939453,"circlet_count":0,"master_deck":["Strike_B","Strike_B","Defend_B","Defend_B","Defend_B","Defend_B","Zap","Dualcast","Impatience","Transmutation","Capacitor+1","Fusion","Fusion","Cold Snap","Echo Form","Darkness","Undo","Auto Shields","Defragment","Deep Breath","Conserve Battery","Reboot","BootSequence","Tempest","Enlightenment","Shame"],"special_seed":0,"relics":["Cracked Core","Pear","Symbiotic Virus","Nuclear Battery","Frozen Egg 2"],"potions_floor_usage":[23],"damage_taken":[{"damage":6.0,"enemies":"Jaw Worm","floor":1.0,"turns":4.0},{"damage":15.0,"enemies":"2 Louse","floor":2.0,"turns":3.0},{"damage":1.0,"enemies":"Cultist","floor":5.0,"turns":3.0},{"damage":11.0,"enemies":"Looter","floor":7.0,"turns":3.0},{"damage":17.0,"enemies":"3 Sentries","floor":8.0,"turns":9.0},{"damage":12.0,"enemies":"Blue Slaver","floor":10.0,"turns":4.0},{"damage":8.0,"enemies":"Large Slime","floor":11.0,"turns":6.0},{"damage":8.0,"enemies":"3 Louse","floor":12.0,"turns":6.0},{"damage":1.0,"enemies":"Exordium Wildlife","floor":14.0,"turns":4.0},{"damage":27.0,"enemies":"The Guardian","floor":16.0,"turns":12.0},{"damage":27.0,"enemies":"2 Thieves","floor":18.0,"turns":4.0},{"damage":26,"enemies":"Chosen","floor":19,"turns":7},{"damage":42,"enemies":"Slavers","floor":23,"turns":3}],"seed_played":"-6805891536323873085","potions_obtained":[{"floor":2.0,"key":"Energy Potion"},{"floor":5.0,"key":"SkillPotion"},{"floor":10.0,"key":"Block Potion"},{"floor":19,"key":"AttackPotion"}],"is_trial":false,"path_per_floor":["M","M","?","?","M","R","M","E","T","M","M","M","$","M","R","B",null,"M","M","?","$","?","E"],"character_chosen":"DEFECT","items_purchased":["Defragment","Deep Breath","Enlightenment"],"campfire_rested":1,"item_purchase_floors":[13,13,21],"current_hp_per_floor":[44,29,54,54,53,53,42,35,35,23,15,7,7,6,31,4,65,38,12,40,40,40,0],"gold":35,"neow_bonus":"RANDOM_COLORLESS_2","is_prod":false,"is_daily":false,"chose_seed":false,"campfire_upgraded":1,"win_rate":0,"timestamp":1557724662,"path_taken":["M","M","?","?","M","R","M","E","T","M","M","M","$","?","R","BOSS","M","M","?","$","?","E"],"build_version":"2019-01-23","purchased_purges":2,"victory":false,"max_hp_per_floor":[75,75,75,75,75,75,75,85,85,85,85,85,85,85,85,85,85,85,85,85,85,85,85],"card_choices":[{"not_picked":["Leap","Stack"],"picked":"Capacitor","floor":1.0},{"not_picked":["Stack","Sweeping Beam"],"picked":"Fusion","floor":2.0},{"not_picked":["Leap","Hologram"],"picked":"Fusion","floor":5.0},{"not_picked":["Rebound","Melter"],"picked":"Cold Snap","floor":7.0},{"not_picked":["Skim","Self Repair"],"picked":"Echo Form","floor":8.0},{"not_picked":["Sweeping Beam","Leap"],"picked":"Darkness","floor":10.0},{"not_picked":["Cold Snap","Tempest"],"picked":"Undo","floor":11.0},{"not_picked":["Barrage","Sweeping Beam"],"picked":"Auto Shields","floor":12.0},{"not_picked":["Stack","Scrape"],"picked":"Conserve Battery","floor":14.0},{"not_picked":["Buffer","Amplify"],"picked":"Reboot","floor":16.0},{"not_picked":["Cold Snap+1","Go for the Eyes"],"picked":"BootSequence","floor":18.0},{"not_picked":["Leap","FTL"],"picked":"Tempest","floor":19}],"player_experience":254258,"relics_obtained":[{"floor":8.0,"key":"Pear"},{"floor":9.0,"key":"Symbiotic Virus"}],"event_choices":[{"damage_healed":25.0,"max_hp_gain":0.0,"max_hp_loss":0.0,"gold_gain":0.0,"event_name":"Big Fish","player_choice":"Banana","floor":3.0,"gold_loss":0.0,"damage_taken":0.0},{"damage_healed":0.0,"max_hp_gain":0.0,"max_hp_loss":0.0,"gold_gain":100.0,"event_name":"Golden Shrine","player_choice":"Pray","floor":4.0,"gold_loss":0.0,"damage_taken":0.0},{"damage_healed":28,"gold_gain":0,"player_choice":"Heal","damage_taken":0,"max_hp_gain":0,"max_hp_loss":0,"event_name":"The Library","floor":20,"gold_loss":0},{"damage_healed":0,"gold_gain":0,"player_choice":"Stole Relic","damage_taken":0,"relics_obtained":["Frozen Egg 2"],"max_hp_gain":0,"max_hp_loss":0,"event_name":"Addict","floor":22,"gold_loss":0,"cards_obtained":["Shame"]}],"is_beta":false,"boss_relics":[{"not_picked":["Inserter","Cursed Key"],"picked":"Nuclear Battery"}],"items_purged_floors":[13,21],"is_endless":false,"potions_floor_spawned":[2,5,10,19],"killed_by":"Slavers","ascension_level":6}