{"gold_per_floor":[114,189,464,481,498,525,525,553,553,570,570,274,274,284,284,380,380,391,408,508,518,185,185,60,60,60,72,171,171,189,215,215,312,312,322,1321,1338,552,571,571,571,603,627,627,927,927,953,972,972,972],"floor_reached":51,"playtime":1561,"items_purged":["Strike_B","Strike_B","Strike_B","Normality"],"score":863,"play_id":"5801c5d2-b6ea-460b-af57-44e218bb9984","local_time":"20190611075452","is_ascension_mode":false,"campfire_choices":[{"data":"Regret","floor":7.0,"key":"PURGE"},{"floor":11.0,"key":"REST"},{"floor":15.0,"key":"REST"},{"data":"Strike_B","floor":23.0,"key":"PURGE"},{"data":"Rainbow","floor":29.0,"key":"SMITH"},{"data":"Defend_B","floor":32.0,"key":"PURGE"},{"data":"Normality","floor":40.0,"key":"PURGE"},{"data":"Hologram","floor":44.0,"key":"SMITH"},{"data":"Hologram","floor":46.0,"key":"SMITH"},{"floor":49,"key":"REST"}],"neow_cost":"NONE","seed_source_timestamp":13342506049173,"circlet_count":0,"master_deck":["Defend_B","Defend_B","Zap+1","Dualcast","Tempest","Ball Lightning","Hologram+1","Fusion","Ball Lightning","Self Repair","Hologram+1","Redo","Electrodynamics","Rainbow+1","Leap+1","Capacitor+1","Chaos+1","Defragment","Streamline","Defragment+1","All For One","Reinforced Body+1","Consume+1","Tempest","Hyperbeam+1","Streamline+1"],"special_seed":0,"relics":["Cracked Core","Peace Pipe","Bottled Flame","Ice Cream","Snecko Eye","FossilizedHelix","Question Card","Juzu Bracelet","Smiling Mask","Bag of Preparation","Cursed Key","Molten Egg 2","Sundial","Cauldron","Omamori","Regal Pillow","Anchor"],"potions_floor_usage":[50,50,50],"damage_taken":[{"damage":0.0,"enemies":"2 Louse","floor":1.0,"turns":1.0},{"damage":6.0,"enemies":"Small Slimes","floor":4.0,"turns":2.0},{"damage":2.0,"enemies":"Cultist","floor":5.0,"turns":2.0},{"damage":28.0,"enemies":"3 Sentries","floor":6.0,"turns":7.0},{"damage":10.0,"enemies":"Gremlin Nob","floor":8.0,"turns":3.0},{"damage":16.0,"enemies":"Lots of Slimes","floor":10.0,"turns":4.0},{"damage":19.0,"enemies":"3 Louse","floor":14.0,"turns":2.0},{"damage":0.0,"enemies":"Slime Boss","floor":16.0,"turns":5.0},{"damage":6.0,"enemies":"Shell Parasite","floor":18.0,"turns":3.0},{"damage":0.0,"enemies":"3 Byrds","floor":19.0,"turns":2.0},{"damage":8.0,"enemies":"Colosseum Slavers","floor":20.0,"turns":2.0},{"damage":21.0,"enemies":"Colosseum Nobs","floor":20.0,"turns":3.0},{"damage":0.0,"enemies":"Centurion and Healer","floor":21.0,"turns":5.0},{"damage":9.0,"enemies":"Snake Plant","floor":27.0,"turns":3.0},{"damage":0.0,"enemies":"Sentry and Sphere","floor":30.0,"turns":3.0},{"damage":28.0,"enemies":"Champ","floor":33.0,"turns":9.0},{"damage":7.0,"enemies":"3 Shapes","floor":35.0,"turns":3.0},{"damage":18.0,"enemies":"3 Darklings","floor":37.0,"turns":4.0},{"damage":0.0,"enemies":"Spire Growth","floor":39.0,"turns":3.0},{"damage":0.0,"enemies":"Reptomancer","floor":42.0,"turns":6.0},{"damage":0.0,"enemies":"Nemesis","floor":47.0,"turns":5.0},{"damage":32,"enemies":"Writhing Mass","floor":48,"turns":5},{"damage":22,"enemies":"Time Eater","floor":50,"turns":8}],"seed_played":"7420115383347543360","potions_obtained":[{"floor":1.0,"key":"AttackPotion"},{"floor":5.0,"key":"GamblersBrew"},{"floor":8.0,"key":"Dexterity Potion"},{"floor":19.0,"key":"SteroidPotion"},{"floor":20.0,"key":"Explosive Potion"},{"floor":21.0,"key":"Block Potion"},{"floor":27.0,"key":"EssenceOfSteel"},{"floor":33.0,"key":"SpeedPotion"},{"floor":37.0,"key":"AttackPotion"},{"floor":38.0,"key":"FocusPotion"},{"floor":38.0,"key":"LiquidBronze"}],"is_trial":false,"path_per_floor":["M","?","?","M","M","E","R","E","T","M","R","$","?","M","R","B",null,"M","M","?","M","$","R","$","?","T","M","?","R","M","T","R","B",null,"M","?","M","$","M","R","?","E","T","R","?","R","E","M","R","B",null],"character_chosen":"DEFECT","items_purchased":["Fruit Juice","Self Repair","Hologram","Defragment","Juzu Bracelet","Molten Egg 2","Sundial","PowerPotion","Cauldron"],"campfire_rested":3,"item_purchase_floors":[12,12,12,22,22,38,38,38,38],"current_hp_per_floor":[75,64,64,58,56,28,28,18,18,2,24,24,24,17,41,41,80,80,80,58,65,65,65,65,65,65,63,63,63,70,70,70,49,80,73,73,62,62,62,62,62,69,69,69,69,69,69,44,80,58],"gold":972,"neow_bonus":"UPGRADE_CARD","is_prod":false,"is_daily":false,"chose_seed":false,"campfire_upgraded":3,"win_rate":0,"timestamp":1560261292,"path_taken":["M","?","?","?","?","E","R","E","T","M","R","$","?","?","R","BOSS","M","M","?","M","$","R","$","?","T","M","?","R","M","?","R","BOSS","M","?","M","$","M","R","?","E","T","R","?","R","E","M","R","BOSS"],"build_version":"2019-01-23","purchased_purges":4,"victory":true,"max_hp_per_floor":[75,75,75,75,75,75,75,75,75,75,75,75,75,80,80,80,80,80,80,80,80,80,80,80,80,80,80,80,80,80,80,80,80,80,80,80,80,80,80,80,80,80,80,80,80,80,80,80,80,80],"card_choices":[{"not_picked":["Sweeping Beam","Barrage"],"picked":"Tempest","floor":1.0},{"not_picked":["Conserve Battery","Hologram"],"picked":"Ball Lightning","floor":4.0},{"not_picked":["Steam Power","Compile Driver"],"picked":"Hologram","floor":5.0},{"not_picked":["Compile Driver","White Noise"],"picked":"Fusion","floor":6.0},{"not_picked":["Scrape","Rebound","Hello World"],"picked":"SKIP","floor":8.0},{"not_picked":["Genetic Algorithm","Barrage"],"picked":"Ball Lightning","floor":10.0},{"not_picked":["Go for the Eyes","Consume"],"picked":"Electrodynamics","floor":14.0},{"not_picked":["Core Surge","Echo Form"],"picked":"Rainbow","floor":16.0},{"not_picked":["Compile Driver","Go for the Eyes+1","Rip and Tear"],"picked":"SKIP","floor":18.0},{"not_picked":["Rebound","Skim"],"picked":"Leap+1","floor":19.0},{"not_picked":["Conserve Battery+1","Streamline+1"],"picked":"Capacitor+1","floor":20.0},{"not_picked":["Stack","Rip and Tear","Steam"],"picked":"Chaos+1","floor":21.0},{"not_picked":["Rebound","Compile Driver+1","Beam Cell"],"picked":"Streamline","floor":27.0},{"not_picked":["Turbo","Hologram+1","Steam"],"picked":"Defragment+1","floor":30.0},{"not_picked":["Buffer","Reboot","Multi-Cast"],"picked":"All For One","floor":33.0},{"not_picked":["Conserve Battery","Cold Snap+1","Rebound+1","Stack+1"],"picked":"SKIP","floor":35.0},{"not_picked":["Leap","Beam Cell+1","Hello World"],"picked":"Reinforced Body+1","floor":37.0},{"not_picked":["Turbo","Rebound+1","Sweeping Beam+1"],"picked":"Consume+1","floor":39.0},{"not_picked":["Beam Cell+1","Darkness+1","Sweeping Beam+1"],"picked":"Tempest","floor":42.0},{"not_picked":["Compile Driver+1","Hyperbeam+1","Steam","Recycle"],"picked":"SKIP","floor":47.0},{"not_picked":["Compile Driver+1","Steam","Recycle"],"picked":"Hyperbeam+1","floor":47.0},{"not_picked":["Turbo","Beam Cell+1","Stack"],"picked":"Streamline+1","floor":48}],"player_experience":1485249,"relics_obtained":[{"floor":6.0,"key":"Peace Pipe"},{"floor":8.0,"key":"Bottled Flame"},{"floor":9.0,"key":"Ice Cream"},{"floor":20.0,"key":"FossilizedHelix"},{"floor":20.0,"key":"Question Card"},{"floor":26.0,"key":"Smiling Mask"},{"floor":31.0,"key":"Bag of Preparation"},{"floor":42.0,"key":"Omamori"},{"floor":43.0,"key":"Regal Pillow"},{"floor":47.0,"key":"Anchor"}],"event_choices":[{"damage_healed":0.0,"max_hp_gain":0.0,"max_hp_loss":0.0,"gold_gain":75.0,"event_name":"World of Goop","player_choice":"Gather Gold","floor":2.0,"gold_loss":0.0,"damage_taken":11.0},{"damage_healed":0.0,"max_hp_gain":0.0,"max_hp_loss":0.0,"gold_gain":275.0,"event_name":"Golden Shrine","player_choice":"Desecrate","floor":3.0,"gold_loss":0.0,"damage_taken":0.0,"cards_obtained":["Regret"]},{"damage_healed":0.0,"max_hp_gain":0.0,"max_hp_loss":0.0,"gold_gain":0.0,"cards_transformed":["Defend_B"],"event_name":"Transmorgrifier","player_choice":"Transformed","floor":13.0,"gold_loss":0.0,"damage_taken":0.0,"cards_obtained":["Redo"]},{"damage_healed":0.0,"max_hp_gain":0.0,"max_hp_loss":0.0,"gold_gain":0.0,"event_name":"Colosseum","player_choice":"Fight","floor":20.0,"gold_loss":0.0,"damage_taken":0.0},{"damage_healed":0.0,"max_hp_gain":0.0,"max_hp_loss":0.0,"gold_gain":0.0,"event_name":"Colosseum","player_choice":"Fought Nobs","floor":20.0,"gold_loss":0.0,"damage_taken":0.0},{"damage_healed":0.0,"max_hp_gain":0.0,"max_hp_loss":0.0,"gold_gain":0.0,"event_name":"Beggar","player_choice":"Ignored","floor":25.0,"gold_loss":0.0,"damage_taken":0.0},{"damage_healed":0.0,"max_hp_gain":0.0,"max_hp_loss":0.0,"gold_gain":99.0,"event_name":"Nest","player_choice":"Stole From Cult","floor":28.0,"gold_loss":0.0,"damage_taken":0.0},{"damage_healed":0.0,"max_hp_gain":0.0,"max_hp_loss":0.0,"gold_gain":999.0,"event_name":"MindBloom","player_choice":"Gold","floor":36.0,"gold_loss":0.0,"damage_taken":0.0,"cards_obtained":["Normality","Normality"]},{"damage_healed":0.0,"max_hp_gain":0.0,"max_hp_loss":0.0,"gold_gain":0.0,"event_name":"Tomb of Lord Red Mask","player_choice":"Ignored","floor":41.0,"gold_loss":0.0,"damage_taken":0.0},{"damage_healed":0.0,"max_hp_gain":0.0,"max_hp_loss":0.0,"gold_gain":300.0,"event_name":"Wheel of Change","player_choice":"Gold","floor":45.0,"gold_loss":0.0,"damage_taken":0.0}],"is_beta":false,"boss_relics":[{"not_picked":["Astrolabe","Runic Pyramid"],"picked":"Snecko Eye"},{"not_picked":["Lizard Tail","Inserter"],"picked":"Cursed Key"}],"items_purged_floors":[12,22,24,38],"is_endless":false,"potions_floor_spawned":[1,5,8,19,20,21,27,33,37,42],"ascension_level":0}