{"gold_per_floor":[117,128,128,143,31,86,101,119,146,146,156,186,199,159,159,236,236,255,265,280,280,27,27,54,54,54,54,89,106,106,118,118,197,197,215,215,228,228,40,40,75,87,87,116,116,128,148,162,162,162],"floor_reached":51,"playtime":6700,"items_purged":["Pain","Normality"],"score":1404,"play_id":"81ddb1dc-aa59-4ee5-80f7-a0d81ca398f9","local_time":"20190625162212","is_ascension_mode":true,"campfire_choices":[{"floor":10.0,"key":"REST"},{"floor":15.0,"key":"REST"},{"floor":23.0,"key":"REST"},{"data":"Wraith Form v2","floor":25.0,"key":"SMITH"},{"floor":32.0,"key":"REST"},{"data":"Footwork","floor":40.0,"key":"SMITH"},{"floor":45.0,"key":"REST"},{"floor":49,"key":"REST"}],"neow_cost":"NONE","seed_source_timestamp":0,"circlet_count":0,"master_deck":["AscendersBane","Defend_G","Defend_G","Defend_G","Defend_G","Defend_G","Strike_G","Strike_G","Strike_G","Strike_G","Survivor","Neutralize","Leg Sweep","Crippling Poison","PiercingWail","Riddle With Holes","Dash","Backflip","Dagger Spray","Deadly Poison","Backflip","Footwork+1","Wraith Form v2+1","Leg Sweep","Acrobatics","Dash","Well Laid Plans","Well Laid Plans+1","PiercingWail+1","Underhanded Strike","Leg Sweep+1","Tools of the Trade","Dash","Noxious Fumes+1","Bouncing Flask+1","Finisher+1","Catalyst+1","Noxious Fumes+1","Underhanded Strike"],"special_seed":0,"relics":["Ring of the Snake","WarpedTongs","Tiny Chest","Bronze Scales","Odd Mushroom","Snecko Eye","Enchiridion","Lantern","Blood Vial","Toxic Egg 2","MutagenicStrength","Centennial Puzzle","Cursed Key","Frozen Egg 2","Potion Belt"],"potions_floor_usage":[50],"damage_taken":[{"damage":9.0,"enemies":"Cultist","floor":1.0,"turns":5.0},{"damage":2.0,"enemies":"Jaw Worm","floor":2.0,"turns":8.0},{"damage":12.0,"enemies":"2 Louse","floor":4.0,"turns":4.0},{"damage":24.0,"enemies":"Lagavulin","floor":6.0,"turns":13.0},{"damage":14.0,"enemies":"Red Slaver","floor":7.0,"turns":6.0},{"damage":1.0,"enemies":"2 Fungi Beasts","floor":8.0,"turns":4.0},{"damage":0.0,"enemies":"Blue Slaver","floor":11.0,"turns":4.0},{"damage":13.0,"enemies":"The Mushroom Lair","floor":12.0,"turns":4.0},{"damage":3.0,"enemies":"Exordium Wildlife","floor":13.0,"turns":4.0},{"damage":0.0,"enemies":"Looter","floor":14.0,"turns":4.0},{"damage":43.0,"enemies":"Slime Boss","floor":16.0,"turns":13.0},{"damage":0.0,"enemies":"3 Byrds","floor":18.0,"turns":3.0},{"damage":6.0,"enemies":"Chosen","floor":19.0,"turns":6.0},{"damage":3.0,"enemies":"Centurion and Healer","floor":20.0,"turns":8.0},{"damage":3.0,"enemies":"Slavers","floor":24.0,"turns":8.0},{"damage":7.0,"enemies":"Book of Stabbing","floor":28.0,"turns":6.0},{"damage":3.0,"enemies":"Cultist and Chosen","floor":29.0,"turns":8.0},{"damage":0.0,"enemies":"Sentry and Sphere","floor":31.0,"turns":7.0},{"damage":31.0,"enemies":"Champ","floor":33.0,"turns":21.0},{"damage":4.0,"enemies":"Orb Walker","floor":35.0,"turns":4.0},{"damage":3.0,"enemies":"3 Shapes","floor":37.0,"turns":8.0},{"damage":20.0,"enemies":"Reptomancer","floor":41.0,"turns":8.0},{"damage":2.0,"enemies":"Jaw Worm Horde","floor":42.0,"turns":6.0},{"damage":9.0,"enemies":"Giant Head","floor":44.0,"turns":11.0},{"damage":7,"enemies":"Writhing Mass","floor":46,"turns":7},{"damage":2,"enemies":"Spire Growth","floor":47,"turns":5},{"damage":30,"enemies":"3 Darklings","floor":48,"turns":5},{"damage":24,"enemies":"Time Eater","floor":50,"turns":10}],"seed_played":"-6486540331109552682","potions_obtained":[{"floor":1.0,"key":"Weak Potion"},{"floor":2.0,"key":"SkillPotion"},{"floor":7.0,"key":"Dexterity Potion"},{"floor":12.0,"key":"FairyPotion"},{"floor":13.0,"key":"GhostInAJar"},{"floor":16.0,"key":"GamblersBrew"},{"floor":20.0,"key":"GhostInAJar"},{"floor":28.0,"key":"Energy Potion"},{"floor":33.0,"key":"Regen Potion"},{"floor":41.0,"key":"Strength Potion"},{"floor":46,"key":"GhostInAJar"}],"is_trial":false,"path_per_floor":["M","M","?","M","$","E","M","M","T","R","M","?","M","M","R","B",null,"M","M","M","?","$","R","E","R","T","?","E","M","?","M","R","B",null,"M","T","M","?","$","R","E","M","T","E","R","M","M","M","R","B",null],"character_chosen":"THE_SILENT","items_purchased":["Riddle With Holes","Well Laid Plans","Lantern","Bouncing Flask+1"],"campfire_rested":6,"item_purchase_floors":[5,22,22,39],"current_hp_per_floor":[56,54,54,42,42,18,4,3,3,24,24,11,8,8,29,7,56,56,50,47,26,26,47,44,44,44,44,39,38,38,40,61,32,62,60,60,59,59,59,59,41,41,41,49,70,65,65,37,58,36],"gold":162,"neow_bonus":"TEN_PERCENT_HP_BONUS","is_prod":false,"is_daily":false,"chose_seed":false,"campfire_upgraded":2,"win_rate":0,"timestamp":1561504932,"path_taken":["M","M","?","?","$","E","M","M","T","R","?","?","M","M","R","BOSS","M","M","M","?","$","R","E","R","T","?","E","M","?","M","R","BOSS","M","?","M","?","$","R","E","M","T","E","R","M","M","M","R","BOSS"],"build_version":"2019-01-23","purchased_purges":2,"victory":true,"max_hp_per_floor":[72,72,72,72,72,72,72,72,72,72,72,72,72,72,72,72,72,72,72,72,72,72,72,72,72,72,72,72,72,72,72,72,72,72,72,72,72,72,72,72,72,72,72,72,72,72,72,72,72,72],"card_choices":[{"not_picked":["Skewer","Distraction"],"picked":"Leg Sweep","floor":1.0},{"not_picked":["Concentrate","Bouncing Flask"],"picked":"Crippling Poison","floor":2.0},{"not_picked":["Deflect","Outmaneuver"],"picked":"PiercingWail","floor":4.0},{"not_picked":["Reflex","Dagger Spray"],"picked":"Dash","floor":6.0},{"not_picked":["PiercingWail","Sucker Punch"],"picked":"Backflip","floor":7.0},{"not_picked":["Bane","Quick Slash"],"picked":"Dagger Spray","floor":8.0},{"not_picked":["Poisoned Stab","Outmaneuver"],"picked":"Deadly Poison","floor":11.0},{"not_picked":["Prepared","Choke"],"picked":"Backflip","floor":12.0},{"not_picked":["Flying Knee","Riddle With Holes"],"picked":"Footwork","floor":13.0},{"not_picked":["Flying Knee","PiercingWail","Concentrate"],"picked":"SKIP","floor":14.0},{"not_picked":["A Thousand Cuts","Envenom"],"picked":"Wraith Form v2","floor":16.0},{"not_picked":["Acrobatics","Riddle With Holes+1"],"picked":"Leg Sweep","floor":18.0},{"not_picked":["Blade Dance","Acrobatics","Prepared"],"picked":"SKIP","floor":19.0},{"not_picked":["Blade Dance","Prepared"],"picked":"Acrobatics","floor":19.0},{"not_picked":["Slice","All Out Attack"],"picked":"Dash","floor":20.0},{"not_picked":["Poisoned Stab","Bane"],"picked":"Well Laid Plans+1","floor":24.0},{"not_picked":["Backstab","Slice"],"picked":"PiercingWail+1","floor":28.0},{"not_picked":["Dagger Throw","Dodge and Roll+1"],"picked":"Underhanded Strike","floor":29.0},{"not_picked":["Poisoned Stab","Backflip+1","Blade Dance+1"],"picked":"SKIP","floor":31.0},{"not_picked":["Envenom","Glass Knife"],"picked":"Tools of the Trade","floor":33.0},{"not_picked":["Cloak And Dagger+1","Concentrate+1"],"picked":"Dash","floor":35.0},{"not_picked":["Quick Slash","Deflect+1"],"picked":"Noxious Fumes+1","floor":37.0},{"not_picked":["Heel Hook+1","Burst+1"],"picked":"Finisher+1","floor":41.0},{"not_picked":["Prepared+1","Concentrate+1","Caltrops+1"],"picked":"SKIP","floor":42.0},{"not_picked":["Glass Knife","Cloak And Dagger+1","Prepared+1"],"picked":"SKIP","floor":44.0},{"not_picked":["Bouncing Flask+1","Poisoned Stab"],"picked":"Catalyst+1","floor":46},{"not_picked":["Deflect+1","Infinite Blades+1"],"picked":"Noxious Fumes+1","floor":47},{"not_picked":["Sucker Punch","Reflex+1"],"picked":"Underhanded Strike","floor":48}],"player_experience":547674,"relics_obtained":[{"floor":6.0,"key":"Tiny Chest"},{"floor":9.0,"key":"Bronze Scales"},{"floor":12.0,"key":"Odd Mushroom"},{"floor":21.0,"key":"Enchiridion"},{"floor":24.0,"key":"Blood Vial"},{"floor":26.0,"key":"Toxic Egg 2"},{"floor":28.0,"key":"Centennial Puzzle"},{"floor":41.0,"key":"Frozen Egg 2"},{"floor":44.0,"key":"Potion Belt"}],"event_choices":[{"damage_healed":0.0,"max_hp_gain":0.0,"max_hp_loss":0.0,"gold_gain":0.0,"event_name":"Accursed Blacksmith","player_choice":"Rummage","floor":3.0,"gold_loss":0.0,"damage_taken":0.0,"relics_obtained":["WarpedTongs"],"cards_obtained":["Pain"]},{"damage_healed":0.0,"max_hp_gain":0.0,"max_hp_loss":0.0,"gold_gain":0.0,"event_name":"Mushrooms","player_choice":"Fought Mushrooms","floor":12.0,"gold_loss":0.0,"damage_taken":0.0},{"damage_healed":0.0,"max_hp_gain":0.0,"max_hp_loss":0.0,"gold_gain":0.0,"event_name":"Cursed Tome","player_choice":"Obtained Book","floor":21.0,"gold_loss":0.0,"damage_taken":21.0},{"damage_healed":0.0,"max_hp_gain":0.0,"max_hp_loss":0.0,"gold_gain":0.0,"event_name":"Drug Dealer","player_choice":"Inject Mutagens","floor":27.0,"gold_loss":0.0,"damage_taken":0.0,"relics_obtained":["MutagenicStrength"]},{"damage_healed":0.0,"max_hp_gain":0.0,"max_hp_loss":0.0,"gold_gain":0.0,"cards_transformed":["Strike_G"],"event_name":"Transmorgrifier","player_choice":"Transformed","floor":30.0,"gold_loss":0.0,"damage_taken":0.0,"cards_obtained":["Leg Sweep"]},{"damage_healed":0.0,"max_hp_gain":0.0,"max_hp_loss":0.0,"gold_gain":0.0,"event_name":"Tomb of Lord Red Mask","player_choice":"Ignored","floor":38.0,"gold_loss":0.0,"damage_taken":0.0}],"is_beta":false,"boss_relics":[{"not_picked":["Astrolabe","Eternal Feather"],"picked":"Snecko Eye"},{"not_picked":["Ring of the Serpent","Fusion Hammer"],"picked":"Cursed Key"}],"items_purged_floors":[5,39],"is_endless":false,"potions_floor_spawned":[1,2,7,12,13,16,20,28,33,41,42,46],"ascension_level":18}