{"gold_per_floor":[113,123,198,213,178,208,16,49,49,1,17,31,31,41,41,139,189,203,203,218,141,141,176,176,210,210,210,210,245,256,273,273,371,371,391,391,411,430,448,474,487,487,534,534,534,568,584,0,0,0],"floor_reached":50,"playtime":3273,"items_purged":[],"score":834,"play_id":"6313478c-4c88-4480-b78e-677830696e65","local_time":"20190602182659","is_ascension_mode":true,"campfire_choices":[{"data":"Genetic Algorithm","floor":13,"key":"SMITH"},{"data":"Core Surge","floor":15,"key":"SMITH"},{"floor":24,"key":"REST"},{"floor":32,"key":"REST"},{"data":"Fission","floor":42,"key":"SMITH"},{"data":"Skim","floor":45,"key":"SMITH"},{"data":"Fusion","floor":49,"key":"SMITH"}],"neow_cost":"TEN_PERCENT_HP_LOSS","seed_source_timestamp":9028656078575,"circlet_count":0,"master_deck":["Strike_B","Defend_B","Defend_B+1","Defend_B","Defend_B","Zap","Dualcast","Chill","Turbo","Skim+1","Loop+1","Core Surge+1","Cold Snap","Biased Cognition+1","Coolheaded","Genetic Algorithm+1","Electrodynamics+1","Redo","Tempest","Hologram","Echo Form+1","Self Repair+1","Capacitor+1","Static Discharge+1","Go for the Eyes","Ball Lightning","Sunder","Fission+1","Fusion+1","Coolheaded+1","Good Instincts","Self Repair+1","Turbo+1","Sweeping Beam","Conserve Battery","Hologram"],"relics":["Cracked Core","StoneCalendar","Frozen Egg 2","Pear","Gremlin Horn","Tiny House","Kunai","Cables","Matryoshka","Centennial Puzzle","Gambling Chip","Dream Catcher","Philosopher\u0027s Stone","PreservedInsect","Singing Bowl","Lantern","Bottled Tornado","Red Mask"],"potions_floor_usage":[16,16,23,29,33,39,39,50,50],"damage_taken":[{"damage":1,"enemies":"Cultist","floor":1,"turns":4},{"damage":2,"enemies":"Jaw Worm","floor":2,"turns":4},{"damage":7,"enemies":"2 Louse","floor":4,"turns":3},{"damage":22,"enemies":"Lagavulin","floor":6,"turns":7},{"damage":20,"enemies":"Gremlin Nob","floor":8,"turns":4},{"damage":4,"enemies":"Looter","floor":11,"turns":3},{"damage":0,"enemies":"3 Louse","floor":12,"turns":4},{"damage":8,"enemies":"Exordium Thugs","floor":14,"turns":5},{"damage":0,"enemies":"Hexaghost","floor":16,"turns":8},{"damage":14,"enemies":"Shell Parasite","floor":18,"turns":3},{"damage":17,"enemies":"2 Thieves","floor":20,"turns":4},{"damage":31,"enemies":"Book of Stabbing","floor":23,"turns":7},{"damage":3,"enemies":"Gremlin Leader","floor":25,"turns":6},{"damage":18,"enemies":"Slavers","floor":29,"turns":3},{"damage":11,"enemies":"Shelled Parasite and Fungi","floor":30,"turns":4},{"damage":24,"enemies":"Snake Plant","floor":31,"turns":5},{"damage":27,"enemies":"Collector","floor":33,"turns":6},{"damage":0,"enemies":"3 Darklings","floor":35,"turns":4},{"damage":9,"enemies":"Orb Walker","floor":37,"turns":3},{"damage":0,"enemies":"Sphere and 2 Shapes","floor":38,"turns":4},{"damage":30,"enemies":"Jaw Worm Horde","floor":39,"turns":4},{"damage":12,"enemies":"Reptomancer","floor":40,"turns":4},{"damage":37,"enemies":"Maw","floor":41,"turns":9},{"damage":12,"enemies":"Giant Head","floor":46,"turns":7},{"damage":0,"enemies":"Sphere and 2 Shapes","floor":47,"turns":2},{"damage":97,"enemies":"Time Eater","floor":50,"turns":6}],"seed_played":"4428565057014937683","potions_obtained":[{"floor":1,"key":"Swift Potion"},{"floor":8,"key":"FairyPotion"},{"floor":11,"key":"Dexterity Potion"},{"floor":17,"key":"SneckoOil"},{"floor":18,"key":"Fire Potion"},{"floor":20,"key":"Energy Potion"},{"floor":25,"key":"PowerPotion"},{"floor":35,"key":"Weak Potion"},{"floor":38,"key":"SpeedPotion"},{"floor":46,"key":"Strength Potion"},{"floor":47,"key":"Poison Potion"}],"is_trial":false,"path_per_floor":["M","M","?","M","?","E","$","E","T","$","M","M","R","M","R","B",null,"M","?","M","$","?","E","R","E","T","?","?","E","M","M","R","B",null,"M","?","M","M","M","E","M","R","T","?","R","E","M","?","R","B"],"character_chosen":"DEFECT","items_purchased":["Core Surge","Cold Snap","Coolheaded","Self Repair+1"],"campfire_rested":2,"item_purchase_floors":[7,7,10,21],"current_hp_per_floor":[67,65,54,47,64,42,42,32,32,32,28,28,28,20,20,20,69,55,55,38,38,38,17,41,48,48,48,48,30,29,15,39,22,68,78,78,69,83,63,71,54,54,54,54,54,64,84,84,84,0],"gold":0,"neow_bonus":"ONE_RARE_RELIC","is_prod":false,"is_daily":false,"chose_seed":false,"campfire_upgraded":5,"win_rate":0,"timestamp":1559514419,"path_taken":["M","M","?","M","?","E","$","E","T","$","M","M","R","M","R","BOSS","M","?","M","$","?","E","R","E","T","?","?","E","M","?","R","BOSS","M","?","M","M","M","E","M","R","T","?","R","E","?","?","R","BOSS"],"build_version":"2019-01-23","purchased_purges":0,"victory":false,"max_hp_per_floor":[68,68,68,68,68,68,68,78,78,78,78,78,78,78,78,78,83,83,83,83,83,83,83,83,83,83,83,83,83,83,83,83,83,83,83,83,83,83,83,83,83,83,83,83,83,85,85,85,85,85],"card_choices":[{"not_picked":["Rebound","Turbo"],"picked":"Chill","floor":1},{"not_picked":["Steam","White Noise"],"picked":"Turbo","floor":2},{"not_picked":["Lockon","Leap"],"picked":"Skim","floor":4},{"not_picked":["Gash","Storm"],"picked":"Loop","floor":6},{"not_picked":["Static Discharge+1","Scrape"],"picked":"Biased Cognition+1","floor":8},{"not_picked":["Gash","Beam Cell","Lockon"],"picked":"SKIP","floor":11},{"not_picked":["Force Field","Stack"],"picked":"Genetic Algorithm","floor":12},{"not_picked":["Compile Driver","Storm+1","Beam Cell"],"picked":"SKIP","floor":14},{"not_picked":["Amplify","Thunder Strike"],"picked":"Electrodynamics+1","floor":16},{"not_picked":["Turbo","Steam"],"picked":"Redo","floor":17},{"not_picked":["Hologram+1","Sweeping Beam"],"picked":"Tempest","floor":18},{"not_picked":["Gash","All For One","Go for the Eyes"],"picked":"SKIP","floor":20},{"not_picked":["Meteor Strike","Leap"],"picked":"Capacitor+1","floor":23},{"not_picked":["Streamline","Rip and Tear+1"],"picked":"Static Discharge+1","floor":25},{"not_picked":["Conserve Battery","Chill"],"picked":"Ball Lightning","floor":29},{"not_picked":["Scrape","Auto Shields"],"picked":"Sunder","floor":30},{"not_picked":["Auto Shields","Beam Cell"],"picked":"Fission","floor":31},{"not_picked":["Beam Cell+1","Chill"],"picked":"Fusion","floor":32},{"not_picked":["Hologram","Conserve Battery"],"picked":"Coolheaded+1","floor":35},{"not_picked":["Purity","Swift Strike"],"picked":"Good Instincts","floor":36},{"not_picked":["Go for the Eyes","Streamline+1"],"picked":"Self Repair+1","floor":37},{"not_picked":["Recycle+1","Compile Driver"],"picked":"Turbo+1","floor":38},{"not_picked":["Ball Lightning+1","Rip and Tear"],"picked":"Sweeping Beam","floor":39},{"not_picked":["Sweeping Beam","Genetic Algorithm","Cold Snap"],"picked":"SKIP","floor":40},{"not_picked":["Blizzard+1","Stack+1"],"picked":"Conserve Battery","floor":41},{"not_picked":["Stack","Beam Cell+1","Go for the Eyes+1"],"picked":"Singing Bowl","floor":46},{"not_picked":["Go for the Eyes+1","Stack"],"picked":"Hologram","floor":47}],"player_experience":306778,"relics_obtained":[{"floor":6,"key":"Frozen Egg 2"},{"floor":8,"key":"Pear"},{"floor":9,"key":"Gremlin Horn"},{"floor":23,"key":"Cables"},{"floor":25,"key":"Matryoshka"},{"floor":26,"key":"Centennial Puzzle"},{"floor":26,"key":"Gambling Chip"},{"floor":29,"key":"Dream Catcher"},{"floor":40,"key":"PreservedInsect"},{"floor":43,"key":"Singing Bowl"},{"floor":43,"key":"Lantern"},{"floor":46,"key":"Bottled Tornado"}],"event_choices":[{"damage_healed":0,"gold_gain":75,"player_choice":"Gather Gold","damage_taken":11,"max_hp_gain":0,"max_hp_loss":0,"event_name":"World of Goop","floor":3,"gold_loss":0},{"damage_healed":17,"gold_gain":0,"player_choice":"Healed","damage_taken":0,"max_hp_gain":0,"max_hp_loss":0,"event_name":"The Cleric","floor":5,"gold_loss":35},{"damage_healed":0,"gold_gain":0,"cards_transformed":["Strike_B","Strike_B"],"player_choice":"Became Test Subject","damage_taken":0,"max_hp_gain":0,"max_hp_loss":0,"event_name":"Drug Dealer","floor":19,"gold_loss":0,"cards_obtained":["Hologram","Echo Form"]},{"damage_healed":0,"gold_gain":0,"player_choice":"Opened","damage_taken":0,"relics_obtained":["Kunai"],"max_hp_gain":0,"max_hp_loss":0,"event_name":"The Mausoleum","floor":22,"gold_loss":0},{"damage_healed":0,"gold_gain":0,"player_choice":"Smashed Altar","damage_taken":0,"max_hp_gain":0,"max_hp_loss":0,"event_name":"Forgotten Altar","floor":27,"gold_loss":0,"cards_obtained":["Decay"]},{"damage_healed":0,"gold_gain":0,"cards_transformed":["Strike_B"],"player_choice":"Transformed","damage_taken":0,"max_hp_gain":0,"max_hp_loss":0,"event_name":"Transmorgrifier","floor":28,"gold_loss":0,"cards_obtained":["Go for the Eyes"]},{"damage_healed":0,"gold_gain":0,"player_choice":"Memory 1","damage_taken":0,"max_hp_gain":0,"max_hp_loss":0,"event_name":"SensoryStone","floor":36,"gold_loss":0},{"cards_removed":["Decay"],"damage_healed":0,"gold_gain":0,"player_choice":"Card Removal","damage_taken":0,"max_hp_gain":0,"max_hp_loss":0,"event_name":"Wheel of Change","floor":44,"gold_loss":0},{"damage_healed":0,"gold_gain":0,"player_choice":"Paid","damage_taken":0,"relics_obtained":["Red Mask"],"max_hp_gain":0,"max_hp_loss":0,"event_name":"Tomb of Lord Red Mask","floor":48,"gold_loss":584}],"is_beta":false,"boss_relics":[{"not_picked":["White Beast Statue","Nuclear Battery"],"picked":"Tiny House"},{"not_picked":["Black Star","Runic Dome"],"picked":"Philosopher\u0027s Stone"}],"items_purged_floors":[],"is_endless":false,"potions_floor_spawned":[1,8,11,12,18,20,25,35,38,46,47],"killed_by":"Time Eater","ascension_level":6}