{"gold_per_floor":[109,122,72,82,82,107,107,135,207,207],"floor_reached":10,"playtime":450,"items_purged":[],"score":110,"play_id":"f6982ece-2315-40b7-9533-94385168f651","local_time":"20190604004943","is_ascension_mode":true,"campfire_choices":[{"floor":7.0,"key":"REST"}],"neow_cost":"NONE","seed_source_timestamp":121141353747536,"circlet_count":0,"master_deck":["Strike_R","Strike_R","Strike_R","Strike_R","Defend_R","Defend_R","Defend_R","Defend_R","Bash","Corruption","Entrench","Shrug It Off","Reckless Charge","Infernal Blade","Flame Barrier"],"special_seed":0,"relics":["Burning Blood","Torii","Juzu Bracelet","Ancient Tea Set","Darkstone Periapt"],"potions_floor_usage":[],"damage_taken":[{"damage":10.0,"enemies":"2 Louse","floor":1.0,"turns":3.0},{"damage":4.0,"enemies":"Small Slimes","floor":2.0,"turns":4.0},{"damage":9.0,"enemies":"Jaw Worm","floor":4.0,"turns":5.0},{"damage":35.0,"enemies":"Lagavulin","floor":6.0,"turns":9.0},{"damage":44.0,"enemies":"Gremlin Nob","floor":8.0,"turns":5.0},{"damage":26,"enemies":"Lagavulin","floor":10,"turns":7}],"seed_played":"223603939366770231","potions_obtained":[{"floor":8.0,"key":"SneckoOil"}],"is_trial":false,"path_per_floor":["M","M","?","M","?","E","R","E","T","E"],"character_chosen":"IRONCLAD","items_purchased":[],"campfire_rested":1,"item_purchase_floors":[],"current_hp_per_floor":[68,70,70,67,64,35,59,21,21,0],"gold":207,"neow_bonus":"THREE_CARDS","is_prod":false,"is_daily":false,"chose_seed":false,"campfire_upgraded":0,"win_rate":0,"timestamp":1559623783,"path_taken":["M","M","?","M","?","E","R","E","T","E"],"build_version":"2019-01-23","purchased_purges":0,"victory":false,"max_hp_per_floor":[80,80,80,80,80,80,80,80,80,80],"card_choices":[{"not_picked":["Sentinel","Anger"],"picked":"Corruption","floor":0.0},{"not_picked":["Heavy Blade","Havoc"],"picked":"Entrench","floor":1.0},{"not_picked":["Anger","Carnage"],"picked":"Shrug It Off","floor":2.0},{"not_picked":["Wild Strike","Twin Strike"],"picked":"Reckless Charge","floor":4.0},{"not_picked":["Thunderclap","Fire Breathing"],"picked":"Infernal Blade","floor":6.0},{"not_picked":["Blood for Blood","Headbutt"],"picked":"Flame Barrier","floor":8.0}],"player_experience":313314,"relics_obtained":[{"floor":6.0,"key":"Juzu Bracelet"},{"floor":8.0,"key":"Ancient Tea Set"},{"floor":9.0,"key":"Darkstone Periapt"}],"event_choices":[{"cards_removed":["Strike_R"],"damage_healed":0.0,"max_hp_gain":0.0,"max_hp_loss":0.0,"gold_gain":0.0,"event_name":"The Cleric","player_choice":"Card Removal","floor":3.0,"gold_loss":50.0,"damage_taken":0.0},{"damage_healed":0.0,"max_hp_gain":0.0,"max_hp_loss":0.0,"gold_gain":0.0,"event_name":"Scrap Ooze","player_choice":"Success","floor":5.0,"gold_loss":0.0,"damage_taken":3.0,"relics_obtained":["Torii"]}],"is_beta":false,"boss_relics":[],"items_purged_floors":[],"is_endless":false,"potions_floor_spawned":[8],"killed_by":"Lagavulin","ascension_level":9}