{"gold_per_floor":[114,129,129,147,97,97,137,137,163,201,201,216,54,54,54,185,185,208,224,224,224,224,265,26,64,118,134,134,173,194,46,46,175,175,190,190,90,106,106,150,25,25,25,25,45,19,38,78,78,78,78,78,9,52,52],"floor_reached":55,"playtime":4615,"items_purged":["Strike_G","Strike_G+1","Strike_G+1"],"score":1480,"play_id":"eb80e71c-6250-41a5-9be4-451159dcf515","local_time":"20190314003607","is_ascension_mode":true,"campfire_choices":[{"data":"Neutralize","floor":6.0,"key":"SMITH"},{"data":"Deadly Poison","floor":8.0,"key":"SMITH"},{"data":"Crippling Poison","floor":11.0,"key":"SMITH"},{"data":"Noxious Fumes","floor":15.0,"key":"SMITH"},{"data":"Wraith Form v2","floor":28.0,"key":"SMITH"},{"data":"Catalyst","floor":32.0,"key":"SMITH"},{"data":"Well Laid Plans","floor":42.0,"key":"SMITH"},{"data":"Burst","floor":44.0,"key":"SMITH"},{"floor":49,"key":"RECALL"},{"data":"Ghostly","floor":52,"key":"SMITH"}],"neow_cost":"NONE","seed_source_timestamp":0,"circlet_count":0,"master_deck":["AscendersBane","Defend_G+1","Defend_G+1","Defend_G+1","Defend_G+1","Defend_G+1","Strike_G+1","Survivor+1","Neutralize+1","Deadly Poison+1","Dagger Throw","Dash","Crippling Poison+1","Deadly Poison","Noxious Fumes+1","Deflect","Wraith Form v2+1","Ghostly+1","Ghostly","Ghostly","Ghostly","Ghostly","Adrenaline","Catalyst+1","Master of Strategy","Acrobatics+1","Well Laid Plans+1","Burst+1","Acrobatics","Night Terror","Acrobatics","PiercingWail+1","Well Laid Plans"],"special_seed":0,"relics":["Ring of the Snake","Golden Idol","Omamori","Orichalcum","Mercury Hourglass","Sozu","Molten Egg 2","Ginger","Happy Flower","Juzu Bracelet","War Paint","HoveringKite","Anchor","Art of War","Vajra"],"potions_floor_usage":[],"damage_taken":[{"damage":0.0,"enemies":"Jaw Worm","floor":1.0,"turns":5.0},{"damage":2.0,"enemies":"2 Louse","floor":2.0,"turns":4.0},{"damage":2.0,"enemies":"Small Slimes","floor":4.0,"turns":3.0},{"damage":30.0,"enemies":"Gremlin Nob","floor":7.0,"turns":5.0},{"damage":7.0,"enemies":"Lagavulin","floor":10.0,"turns":5.0},{"damage":4.0,"enemies":"Exordium Wildlife","floor":12.0,"turns":4.0},{"damage":14.0,"enemies":"Slime Boss","floor":16.0,"turns":9.0},{"damage":13.0,"enemies":"2 Thieves","floor":18.0,"turns":4.0},{"damage":0.0,"enemies":"Chosen","floor":19.0,"turns":5.0},{"damage":10.0,"enemies":"Colosseum Slavers","floor":20.0,"turns":5.0},{"damage":0.0,"enemies":"Gremlin Leader","floor":23.0,"turns":6.0},{"damage":0.0,"enemies":"Book of Stabbing","floor":25.0,"turns":6.0},{"damage":3.0,"enemies":"Centurion and Healer","floor":27.0,"turns":5.0},{"damage":0.0,"enemies":"Slavers","floor":29.0,"turns":5.0},{"damage":0.0,"enemies":"Cultist and Chosen","floor":30.0,"turns":7.0},{"damage":6.0,"enemies":"Champ","floor":33.0,"turns":8.0},{"damage":0.0,"enemies":"3 Darklings","floor":35.0,"turns":4.0},{"damage":0.0,"enemies":"Orb Walker","floor":38.0,"turns":3.0},{"damage":3.0,"enemies":"Giant Head","floor":40.0,"turns":5.0},{"damage":0.0,"enemies":"4 Shapes","floor":45.0,"turns":4.0},{"damage":0.0,"enemies":"Writhing Mass","floor":47.0,"turns":5.0},{"damage":0,"enemies":"Reptomancer","floor":48,"turns":4},{"damage":0,"enemies":"Awakened One","floor":50,"turns":15},{"damage":0,"enemies":"Shield and Spear","floor":54,"turns":7},{"damage":33,"enemies":"The Heart","floor":55,"turns":2}],"seed_played":"3024793225237730283","potions_obtained":[{"floor":4.0,"key":"Energy Potion"},{"floor":16.0,"key":"AttackPotion"}],"is_trial":false,"path_per_floor":["M","M","?","M","?","R","E","R","T","E","R","M","$","?","R","B",null,"M","M","?","?","?","E","$","E","T","M","R","E","M","$","R","B",null,"M","?","$","M","?","E","$","R","T","R","M","$","M","E","R","B",null,"R","$","E","B"],"character_chosen":"THE_SILENT","items_purchased":["Noxious Fumes","Deflect","Catalyst","Master of Strategy","War Paint","Acrobatics","Well Laid Plans"],"campfire_rested":0,"item_purchase_floors":[13,13,24,24,31,46,53],"current_hp_per_floor":[70,68,68,66,66,66,36,36,36,29,29,25,25,48,48,34,62,49,49,39,39,35,35,35,35,35,32,32,32,32,32,32,26,33,33,33,33,33,33,30,30,30,30,30,30,30,30,30,30,30,32,32,32,32,0],"gold":52,"neow_bonus":"TEN_PERCENT_HP_BONUS","is_prod":false,"is_daily":false,"chose_seed":false,"campfire_upgraded":9,"win_rate":0,"timestamp":1552538167,"path_taken":["M","M","?","M","?","R","E","R","T","E","R","M","$","?","R","BOSS","M","M","?","?","?","E","$","E","T","M","R","E","M","$","R","BOSS","M","?","$","M","?","E","$","R","T","R","M","$","M","E","R","BOSS","R","$","E","BOSS"],"build_version":"2019-01-23","purchased_purges":3,"victory":false,"max_hp_per_floor":[77,77,71,71,71,71,71,71,71,71,71,71,71,71,71,71,71,71,71,71,71,35,35,35,35,35,35,35,35,35,35,35,35,35,35,33,33,33,33,33,33,33,33,33,33,33,33,33,33,33,33,33,33,33,33],"card_choices":[{"not_picked":["Blade Dance","Caltrops"],"picked":"Deadly Poison","floor":1.0},{"not_picked":["Prepared","PiercingWail"],"picked":"Dagger Throw","floor":2.0},{"not_picked":["Cloak And Dagger","Sucker Punch","Backflip"],"picked":"SKIP","floor":4.0},{"not_picked":["Venomology","PiercingWail"],"picked":"Dash","floor":7.0},{"not_picked":["Dodge and Roll","Deadly Poison"],"picked":"Crippling Poison","floor":10.0},{"not_picked":["Bane","Crippling Poison"],"picked":"Deadly Poison","floor":12.0},{"not_picked":["A Thousand Cuts","Night Terror"],"picked":"Wraith Form v2","floor":16.0},{"not_picked":["Slice","Deflect","Finisher+1"],"picked":"SKIP","floor":18.0},{"not_picked":["Flechettes","Distraction+1","Predator+1"],"picked":"SKIP","floor":19.0},{"not_picked":["Outmaneuver+1","Deflect"],"picked":"Adrenaline","floor":23.0},{"not_picked":["Prepared","PiercingWail"],"picked":"Tools of the Trade","floor":25.0},{"not_picked":["Riddle With Holes+1","Sucker Punch+1"],"picked":"Acrobatics","floor":27.0},{"not_picked":["Distraction","Prepared"],"picked":"Well Laid Plans","floor":29.0},{"not_picked":["Dagger Spray+1","PiercingWail","Acrobatics"],"picked":"SKIP","floor":30.0},{"not_picked":["Phantasmal Killer","Bullet Time"],"picked":"Burst","floor":33.0},{"not_picked":["Tactician","Noxious Fumes+1"],"picked":"Acrobatics","floor":35.0},{"not_picked":["Tactician","Dagger Spray+1","Finisher+1"],"picked":"SKIP","floor":38.0},{"not_picked":["Poisoned Stab+1","Blade Dance+1","Dodge and Roll"],"picked":"SKIP","floor":40.0},{"not_picked":["Quick Slash+1","Dagger Throw+1"],"picked":"Night Terror","floor":45.0},{"not_picked":["Setup+1","Eviscerate+1"],"picked":"PiercingWail+1","floor":47.0},{"not_picked":["Outmaneuver+1","Bane+1","Accuracy"],"picked":"SKIP","floor":48},{"not_picked":["Flying Knee+1","Bane+1","Noxious Fumes+1"],"picked":"SKIP","floor":54}],"player_experience":1865700,"relics_obtained":[{"floor":7.0,"key":"Omamori"},{"floor":9.0,"key":"Orichalcum"},{"floor":10.0,"key":"Mercury Hourglass"},{"floor":23.0,"key":"Molten Egg 2"},{"floor":25.0,"key":"Ginger"},{"floor":26.0,"key":"Happy Flower"},{"floor":29.0,"key":"Juzu Bracelet"},{"floor":40.0,"key":"Anchor"},{"floor":48,"key":"Art of War"},{"floor":54,"key":"Vajra"}],"event_choices":[{"damage_healed":0.0,"max_hp_gain":0.0,"max_hp_loss":6.0,"gold_gain":0.0,"event_name":"Golden Idol","player_choice":"Lose Max HP","floor":3.0,"gold_loss":0.0,"damage_taken":0.0,"relics_obtained":["Golden Idol"]},{"cards_removed":["Strike_G"],"damage_healed":0.0,"max_hp_gain":0.0,"max_hp_loss":0.0,"gold_gain":0.0,"event_name":"The Cleric","player_choice":"Card Removal","floor":5.0,"gold_loss":50.0,"damage_taken":0.0},{"damage_healed":23.0,"max_hp_gain":0.0,"max_hp_loss":0.0,"gold_gain":0.0,"event_name":"Big Fish","player_choice":"Banana","floor":14.0,"gold_loss":0.0,"damage_taken":0.0},{"damage_healed":0.0,"max_hp_gain":0.0,"max_hp_loss":0.0,"gold_gain":0.0,"event_name":"Colosseum","player_choice":"Fight","floor":20.0,"gold_loss":0.0,"damage_taken":0.0},{"damage_healed":0.0,"max_hp_gain":0.0,"max_hp_loss":0.0,"gold_gain":0.0,"event_name":"Colosseum","player_choice":"Fled From Nobs","floor":20.0,"gold_loss":0.0,"damage_taken":0.0},{"damage_healed":0.0,"max_hp_gain":0.0,"max_hp_loss":0.0,"gold_gain":0.0,"event_name":"Back to Basics","player_choice":"Simplicity","floor":21.0,"gold_loss":0.0,"damage_taken":0.0,"cards_upgraded":["Defend_G","Defend_G","Defend_G","Defend_G","Defend_G","Strike_G","Strike_G","Strike_G"]},{"damage_healed":0.0,"max_hp_gain":0.0,"max_hp_loss":36.0,"gold_gain":0.0,"event_name":"Ghosts","player_choice":"Became a Ghost","floor":22.0,"gold_loss":0.0,"damage_taken":0.0,"cards_obtained":["Ghostly","Ghostly","Ghostly","Ghostly","Ghostly"]},{"damage_healed":0.0,"max_hp_gain":0.0,"max_hp_loss":2.0,"gold_gain":0.0,"event_name":"Winding Halls","player_choice":"Max HP","floor":36.0,"gold_loss":0.0,"damage_taken":0.0},{"cards_removed":["Tools of the Trade"],"damage_healed":0.0,"max_hp_gain":0.0,"max_hp_loss":0.0,"gold_gain":0.0,"event_name":"Falling","player_choice":"Removed Power","floor":39.0,"gold_loss":0.0,"damage_taken":0.0}],"is_beta":false,"boss_relics":[{"not_picked":["Pandora\u0027s Box","White Beast Statue"],"picked":"Sozu"},{"not_picked":["Black Star","WristBlade"],"picked":"HoveringKite"}],"items_purged_floors":[13,37,41],"is_endless":false,"potions_floor_spawned":[4,16,27,30,33,38,40,47,54],"killed_by":"The Heart","ascension_level":11}