{"gold_per_floor":[111,73,84,84,84,84,95,106,133,133,153,153,169,122,122,226,226],"floor_reached":17,"playtime":448,"items_purged":[],"score":228,"play_id":"2861b9a1-ad18-4824-8f2f-cff322861b5b","local_time":"20190617133942","is_ascension_mode":true,"campfire_choices":[{"data":"Defend_R","floor":6,"key":"SMITH"},{"data":"Bash","floor":12,"key":"SMITH"},{"data":"Flame Barrier","floor":15,"key":"SMITH"}],"neow_cost":"NONE","seed_source_timestamp":4620590006260,"circlet_count":0,"master_deck":["AscendersBane","Strike_R","Strike_R","Strike_R","Strike_R","Strike_R","Defend_R","Defend_R","Defend_R","Defend_R+1","Bash+1","Forethought","Cleave","Rage","Flame Barrier+1","Flex","Thunderclap","Clothesline","Feed"],"relics":["Burning Blood","Matryoshka","Bottled Lightning","Mercury Hourglass","Juzu Bracelet","Boot"],"potions_floor_usage":[16],"damage_taken":[{"damage":6,"enemies":"Cultist","floor":1,"turns":4},{"damage":0,"enemies":"2 Louse","floor":3,"turns":3},{"damage":6,"enemies":"Jaw Worm","floor":7,"turns":2},{"damage":9,"enemies":"Gremlin Gang","floor":8,"turns":4},{"damage":0,"enemies":"Large Slime","floor":11,"turns":6},{"damage":11,"enemies":"Exordium Thugs","floor":13,"turns":4},{"damage":58,"enemies":"Hexaghost","floor":16,"turns":11}],"seed_played":"8799011380484504910","potions_obtained":[{"floor":3,"key":"Swift Potion"},{"floor":7,"key":"Strength Potion"},{"floor":11,"key":"BloodPotion"},{"floor":16,"key":"Block Potion"}],"is_trial":false,"path_per_floor":["M","?","M","?","T","R","M","M","T","?","M","R","M","$","R","B",null],"character_chosen":"IRONCLAD","items_purchased":["Clothesline"],"campfire_rested":0,"item_purchase_floors":[14],"current_hp_per_floor":[72,72,78,75,75,75,75,72,72,72,78,78,73,73,73,29,29],"gold":226,"neow_bonus":"RANDOM_COLORLESS","is_prod":false,"is_daily":false,"chose_seed":false,"campfire_upgraded":3,"win_rate":0,"timestamp":1560749982,"path_taken":["M","?","M","?","?","R","?","M","T","?","M","R","M","?","R","BOSS"],"build_version":"2019-01-23","purchased_purges":0,"victory":false,"max_hp_per_floor":[80,80,80,80,80,80,80,80,80,80,80,80,80,80,80,80,80],"card_choices":[{"not_picked":["Sword Boomerang","Headbutt"],"picked":"Cleave","floor":1},{"not_picked":["Flex","Body Slam"],"picked":"Rage","floor":3},{"not_picked":["Havoc","Armaments","Sword Boomerang"],"picked":"SKIP","floor":7},{"not_picked":["Iron Wave","Double Tap"],"picked":"Flame Barrier","floor":8},{"not_picked":["Feel No Pain","Rupture"],"picked":"Flex","floor":11},{"not_picked":["Headbutt","Rupture"],"picked":"Thunderclap","floor":13},{"not_picked":["Offering","Bludgeon"],"picked":"Feed","floor":16}],"player_experience":526204,"relics_obtained":[{"floor":5,"key":"Bottled Lightning"},{"floor":5,"key":"Mercury Hourglass"},{"floor":9,"key":"Juzu Bracelet"},{"floor":9,"key":"Boot"}],"event_choices":[{"damage_healed":0,"gold_gain":0,"player_choice":"Left Gold","damage_taken":0,"max_hp_gain":0,"max_hp_loss":0,"event_name":"World of Goop","floor":2,"gold_loss":38},{"damage_healed":0,"gold_gain":0,"player_choice":"Success","damage_taken":3,"relics_obtained":["Matryoshka"],"max_hp_gain":0,"max_hp_loss":0,"event_name":"Scrap Ooze","floor":4,"gold_loss":0},{"damage_healed":0,"gold_gain":0,"player_choice":"Got Potions","damage_taken":0,"max_hp_gain":0,"max_hp_loss":0,"event_name":"Lab","floor":10,"gold_loss":0}],"is_beta":false,"boss_relics":[],"items_purged_floors":[],"is_endless":false,"potions_floor_spawned":[3,7,11,16],"ascension_level":11}