{"gold_per_floor":[111,127,102,118,118,145,145,170,195,213,14,14,24,24,24,24],"floor_reached":16,"playtime":971,"items_purged":[],"score":110,"play_id":"f11198a4-2bbb-47e5-8746-024e7cd22e7a","local_time":"20181117023833","is_ascension_mode":false,"campfire_choices":[{"data":"Zap","floor":7,"key":"SMITH"},{"floor":15,"key":"REST"}],"neow_cost":"NONE","seed_source_timestamp":34940637592230,"circlet_count":0,"master_deck":["Strike_B","Strike_B","Strike_B","Strike_B","Defend_B","Defend_B","Defend_B","Defend_B","Zap+1","Dualcast","Double Energy+1","Redo","Stack","Tempest","Auto Shields","Rebound","Steam Power","FTL","Sweeping Beam","Self Repair","Sweeping Beam","Parasite","Double Energy"],"relics":["Cracked Core","NeowsBlessing","Strawberry","Dream Catcher","Juzu Bracelet"],"potions_floor_usage":[8,16,16,16],"damage_taken":[{"damage":0,"enemies":"Small Slimes","floor":1,"turns":1},{"damage":0,"enemies":"2 Louse","floor":2,"turns":1},{"damage":0,"enemies":"Jaw Worm","floor":4,"turns":1},{"damage":41,"enemies":"3 Sentries","floor":6,"turns":8},{"damage":26,"enemies":"Gremlin Nob","floor":8,"turns":4},{"damage":7,"enemies":"Blue Slaver","floor":10,"turns":3},{"damage":5,"enemies":"Looter","floor":13,"turns":3},{"damage":55,"enemies":"Slime Boss","floor":16,"turns":8}],"seed_played":"3409010039343485526","potions_obtained":[{"floor":1,"key":"SteroidPotion"},{"floor":2,"key":"Energy Potion"},{"floor":10,"key":"GamblersBrew"},{"floor":13,"key":"FearPotion"}],"is_trial":false,"path_per_floor":["M","M","$","M","?","E","R","E","T","M","$","?","M","?","R","B"],"character_chosen":"DEFECT","items_purchased":["Stack","FTL","Sweeping Beam","Self Repair"],"campfire_rested":1,"item_purchase_floors":[3,11,11,11],"current_hp_per_floor":[75,75,75,75,75,41,41,15,15,8,8,8,10,30,54,0],"gold":24,"neow_bonus":"THREE_ENEMY_KILL","is_prod":false,"is_daily":false,"chose_seed":false,"campfire_upgraded":1,"win_rate":0.0,"timestamp":1542440313,"path_taken":["M","M","$","M","?","E","R","E","T","M","$","?","M","?","R","BOSS"],"build_version":"2018-11-15","purchased_purges":0,"victory":false,"max_hp_per_floor":[75,75,75,75,75,82,82,82,82,82,82,82,82,82,82,82],"card_choices":[{"not_picked":["Rebound","Melter"],"picked":"Double Energy","floor":1},{"not_picked":["Darkness","Rebound"],"picked":"Redo","floor":2},{"not_picked":["Storm","Doom and Gloom"],"picked":"Tempest","floor":4},{"not_picked":["Cold Snap","Leap"],"picked":"Auto Shields","floor":6},{"not_picked":["Skim","Gash"],"picked":"Rebound","floor":8},{"not_picked":["Streamline","Conserve Battery"],"picked":"Steam Power","floor":10},{"not_picked":["Compile Driver","Beam Cell"],"picked":"Sweeping Beam","floor":13},{"not_picked":["Redo","Cold Snap"],"picked":"Double Energy","floor":15}],"player_experience":52844,"relics_obtained":[{"floor":6,"key":"Strawberry"},{"floor":8,"key":"Dream Catcher"},{"floor":9,"key":"Juzu Bracelet"}],"event_choices":[{"damage_healed":0,"gold_gain":0,"player_choice":"Grow","damage_taken":0,"max_hp_gain":0,"max_hp_loss":0,"event_name":"Living Wall","floor":5,"gold_loss":0,"cards_upgraded":["Double Energy"]},{"damage_healed":0,"gold_gain":0,"player_choice":"Ignored","damage_taken":0,"max_hp_gain":0,"max_hp_loss":0,"event_name":"Shining Light","floor":12,"gold_loss":0},{"damage_healed":20,"gold_gain":0,"player_choice":"Healed and dodged fight","damage_taken":0,"max_hp_gain":0,"max_hp_loss":0,"event_name":"Mushrooms","floor":14,"gold_loss":0,"cards_obtained":["Parasite"]}],"is_beta":false,"boss_relics":[],"items_purged_floors":[],"is_endless":false,"potions_floor_spawned":[1,2,10,13],"killed_by":"Slime Boss","ascension_level":0}