{"gold_per_floor":[118,118,118,84,6,6,16,46,46,57,57,71,71,71,71,170,170,182,182,182,194,194,194],"floor_reached":23,"playtime":571,"items_purged":[],"score":290,"play_id":"f391f963-b64d-43c9-addc-bc19e2f85b62","local_time":"20190620012434","is_ascension_mode":true,"campfire_choices":[{"data":"Noxious Fumes","floor":6.0,"key":"SMITH"},{"floor":11,"key":"REST"},{"floor":13,"key":"REST"},{"data":"Bouncing Flask","floor":15,"key":"SMITH"}],"neow_cost":"NONE","seed_source_timestamp":0,"circlet_count":0,"master_deck":["AscendersBane","Defend_G","Defend_G","Defend_G","Defend_G","Defend_G","Strike_G","Strike_G","Strike_G","Strike_G","Survivor","Neutralize","Crippling Poison","Flying Knee","Noxious Fumes+1","Bouncing Flask+1","Backflip","Bane","Flying Knee","Corpse Explosion","Blur"],"special_seed":0,"relics":["Ring of the Snake","Peace Pipe","Lantern","Blood Vial","White Beast Statue","Prayer Wheel"],"potions_floor_usage":[16,21,23,23],"damage_taken":[{"damage":7.0,"enemies":"Jaw Worm","floor":1.0,"turns":5.0},{"damage":4.0,"enemies":"2 Louse","floor":7.0,"turns":3.0},{"damage":29,"enemies":"Gremlin Nob","floor":8,"turns":4},{"damage":0,"enemies":"Small Slimes","floor":10,"turns":2},{"damage":7,"enemies":"Looter","floor":12,"turns":4},{"damage":4,"enemies":"The Guardian","floor":16,"turns":7},{"damage":0,"enemies":"3 Byrds","floor":18,"turns":3},{"damage":29,"enemies":"Chosen","floor":21,"turns":5},{"damage":40,"enemies":"Book of Stabbing","floor":23,"turns":6}],"seed_played":"-9034975120221429699","potions_obtained":[{"floor":12,"key":"GamblersBrew"},{"floor":16,"key":"SpeedPotion"},{"floor":18,"key":"SkillPotion"},{"floor":21,"key":"AttackPotion"}],"is_trial":false,"path_per_floor":["M","?","?","?","$","R","M","E","T","M","R","M","R","?","R","B",null,"M","?","T","M","?","E"],"character_chosen":"THE_SILENT","items_purchased":["Noxious Fumes"],"campfire_rested":2,"item_purchase_floors":[5],"current_hp_per_floor":[56,56,38,38,38,38,34,5,5,7,28,23,44,44,44,42,63,65,65,65,38,38,0],"gold":194,"neow_bonus":"TRANSFORM_CARD","is_prod":false,"is_daily":false,"chose_seed":false,"campfire_upgraded":2,"win_rate":0,"timestamp":1560965074,"path_taken":["M","?","?","?","?","R","M","E","T","M","R","M","R","?","R","BOSS","M","?","?","M","?","E"],"build_version":"2019-01-23","purchased_purges":0,"victory":false,"max_hp_per_floor":[70,70,70,70,70,70,70,70,70,70,70,70,70,70,70,70,70,70,70,70,70,70,70],"card_choices":[{"not_picked":["Dagger Throw","Quick Slash"],"picked":"Flying Knee","floor":1.0},{"not_picked":["Cloak And Dagger","Outmaneuver"],"picked":"Bouncing Flask","floor":7.0},{"not_picked":["Flying Knee","Envenom"],"picked":"Backflip","floor":8},{"not_picked":["Quick Slash","Endless Agony"],"picked":"Bane","floor":10},{"not_picked":["Endless Agony","Bouncing Flask"],"picked":"Flying Knee","floor":12},{"not_picked":["After Image","Venomology"],"picked":"Corpse Explosion","floor":16},{"not_picked":["Reflex","Setup","Quick Slash"],"picked":"SKIP","floor":18},{"not_picked":["Skewer","Sucker Punch+1"],"picked":"Blur","floor":21},{"not_picked":["Slice","Cloak And Dagger","Accuracy"],"picked":"SKIP","floor":21}],"player_experience":543331,"relics_obtained":[{"floor":8,"key":"Lantern"},{"floor":9,"key":"Blood Vial"},{"floor":20,"key":"Prayer Wheel"}],"event_choices":[{"damage_healed":0.0,"max_hp_gain":0.0,"max_hp_loss":0.0,"gold_gain":0.0,"event_name":"Golden Wing","player_choice":"Ignored","floor":2.0,"gold_loss":0.0,"damage_taken":0.0},{"damage_healed":0.0,"max_hp_gain":0.0,"max_hp_loss":0.0,"gold_gain":0.0,"event_name":"Scrap Ooze","player_choice":"Success","floor":3.0,"gold_loss":0.0,"damage_taken":18.0,"relics_obtained":["Peace Pipe"]},{"damage_healed":0.0,"max_hp_gain":0.0,"max_hp_loss":0.0,"gold_gain":0.0,"event_name":"World of Goop","player_choice":"Left Gold","floor":4.0,"gold_loss":34.0,"damage_taken":0.0},{"damage_healed":0,"gold_gain":0,"player_choice":"Ignored","damage_taken":0,"max_hp_gain":0,"max_hp_loss":0,"event_name":"Liars Game","floor":14,"gold_loss":0},{"damage_healed":0,"gold_gain":0,"player_choice":"Ignored","damage_taken":0,"max_hp_gain":0,"max_hp_loss":0,"event_name":"Cursed Tome","floor":19,"gold_loss":0},{"damage_healed":0,"gold_gain":0,"player_choice":"Ignored","damage_taken":0,"max_hp_gain":0,"max_hp_loss":0,"event_name":"Ghosts","floor":22,"gold_loss":0}],"is_beta":false,"boss_relics":[{"not_picked":["HoveringKite","Coffee Dripper"],"picked":"White Beast Statue"}],"items_purged_floors":[],"is_endless":false,"potions_floor_spawned":[12,16,18,21],"killed_by":"Book of Stabbing","ascension_level":11}