{"gold_per_floor":[109,89,103,29,48,75,75,93,116,127,1,76,104,114,114,114],"floor_reached":16,"playtime":694,"items_purged":["Strike_G"],"score":224,"play_id":"8799af56-0725-41bb-b845-b1ca4df1cf91","local_time":"20190616202527","is_ascension_mode":true,"campfire_choices":[{"data":"Dash","floor":7.0,"key":"SMITH"},{"floor":15.0,"key":"REST"}],"neow_cost":"NONE","seed_source_timestamp":48532072529671,"circlet_count":0,"master_deck":["AscendersBane","Strike_G","Strike_G","Strike_G","Strike_G","Defend_G","Defend_G","Defend_G","Defend_G","Defend_G","Survivor","Neutralize","Flying Knee","Dash+1","Backstab","Backflip","Deadly Poison","Bouncing Flask","Dagger Spray","Terror","PiercingWail","Footwork"],"special_seed":0,"relics":["Ring of the Snake","Vajra","Smiling Mask","Orichalcum","Bronze Scales"],"potions_floor_usage":[16,16],"damage_taken":[{"damage":2.0,"enemies":"Small Slimes","floor":1.0,"turns":4.0},{"damage":1.0,"enemies":"Cultist","floor":3.0,"turns":3.0},{"damage":0.0,"enemies":"2 Louse","floor":5.0,"turns":2.0},{"damage":8.0,"enemies":"Gremlin Nob","floor":6.0,"turns":4.0},{"damage":6.0,"enemies":"Red Slaver","floor":8.0,"turns":3.0},{"damage":0.0,"enemies":"Lots of Slimes","floor":10.0,"turns":4.0},{"damage":6.0,"enemies":"3 Sentries","floor":13.0,"turns":7.0},{"damage":5.0,"enemies":"2 Fungi Beasts","floor":14.0,"turns":2.0},{"damage":47,"enemies":"Slime Boss","floor":16,"turns":9}],"seed_played":"-1327075975831957926","potions_obtained":[{"floor":1.0,"key":"Weak Potion"},{"floor":2.0,"key":"EssenceOfSteel"},{"floor":8.0,"key":"SpeedPotion"},{"floor":10.0,"key":"Ancient Potion"}],"is_trial":false,"path_per_floor":["M","?","M","$","M","E","R","M","T","M","$","?","E","M","R","B"],"character_chosen":"THE_SILENT","items_purchased":["Backstab","Terror"],"campfire_rested":1,"item_purchase_floors":[4,11],"current_hp_per_floor":[57,57,56,56,56,48,48,42,42,42,42,31,25,20,39,0],"gold":114,"neow_bonus":"RANDOM_COMMON_RELIC","is_prod":false,"is_daily":false,"chose_seed":false,"campfire_upgraded":1,"win_rate":0,"timestamp":1560741927,"path_taken":["M","?","?","?","M","E","R","M","T","?","$","?","E","M","R","BOSS"],"build_version":"2019-06-13","purchased_purges":1,"victory":false,"max_hp_per_floor":[66,66,66,66,66,66,66,66,66,66,66,66,66,66,66,66],"card_choices":[{"not_picked":["Expertise","Escape Plan"],"picked":"Flying Knee","floor":1.0},{"not_picked":["Deflect","Finisher"],"picked":"Dash","floor":3.0},{"not_picked":["Setup","Heel Hook"],"picked":"Backflip","floor":5.0},{"not_picked":["Riddle With Holes","Choke"],"picked":"Deadly Poison","floor":6.0},{"not_picked":["Quick Slash","Blade Dance"],"picked":"Bouncing Flask","floor":8.0},{"not_picked":["Flying Knee","Grand Finale"],"picked":"Dagger Spray","floor":10.0},{"not_picked":["Reflex","Heel Hook"],"picked":"PiercingWail","floor":13.0},{"not_picked":["Dodge and Roll","Sucker Punch"],"picked":"Footwork","floor":14.0}],"player_experience":1677327,"relics_obtained":[{"floor":6.0,"key":"Smiling Mask"},{"floor":9.0,"key":"Orichalcum"},{"floor":13.0,"key":"Bronze Scales"}],"event_choices":[{"damage_healed":0.0,"max_hp_gain":0.0,"max_hp_loss":0.0,"gold_gain":0.0,"event_name":"The Woman in Blue","player_choice":"Bought 1 Potion","floor":2.0,"gold_loss":0.0,"damage_taken":0.0},{"damage_healed":0.0,"max_hp_gain":0.0,"max_hp_loss":0.0,"gold_gain":75.0,"event_name":"World of Goop","player_choice":"Gather Gold","floor":12.0,"gold_loss":0.0,"damage_taken":11.0}],"is_beta":true,"boss_relics":[],"items_purged_floors":[11],"is_endless":false,"potions_floor_spawned":[1,8,10,13],"killed_by":"Slime Boss","ascension_level":20}