{"gold_per_floor":[118,118,293,310,330,330,363,363,363,363,363,375,221,237,237,336,336,352,370,23,43,56,56,72,46,46,46,78,78,104,121,121,218,218,234,244,263,116,116,391,391,402,456,44,54,54,70,88,88,88],"floor_reached":51,"playtime":2286,"items_purged":["Strike_B","Strike_B","Regret"],"score":741,"play_id":"428958dd-2aa7-4ee6-891e-c6169a3f0d21","local_time":"20190523010505","is_ascension_mode":false,"campfire_choices":[{"data":"Hologram","floor":6.0,"key":"SMITH"},{"data":"Rainbow","floor":8.0,"key":"SMITH"},{"data":"Self Repair","floor":10.0,"key":"SMITH"},{"data":"Dualcast","floor":15.0,"key":"SMITH"},{"data":"Defragment","floor":23.0,"key":"SMITH"},{"data":"Capacitor","floor":27.0,"key":"SMITH"},{"data":"Capacitor","floor":29.0,"key":"SMITH"},{"data":"Tempest","floor":32,"key":"SMITH"},{"floor":41,"key":"REST"},{"data":"Fission","floor":46,"key":"SMITH"},{"floor":49,"key":"REST"}],"neow_cost":"NONE","seed_source_timestamp":0,"circlet_count":0,"master_deck":["Defend_B","Defend_B","Defend_B","Zap+1","Dualcast+1","Hologram+1","Self Repair+1","Rainbow+1","Capacitor+1","Capacitor+1","Tempest+1","Electrodynamics","Heatsinks+1","Echo Form+1","Redo+1","Go for the Eyes+1","Ball Lightning+1","Defragment+1","Ball Lightning","Cold Snap+1","Conserve Battery","Cold Snap+1","Rebound+1","Electrodynamics","Fission+1","Glacier","Defragment+1","Heatsinks+1"],"special_seed":0,"relics":["Cracked Core","Boot","Matryoshka","Pen Nib","StoneCalendar","Astrolabe","Happy Flower","Molten Egg 2","Anchor","Symbiotic Virus","Singing Bowl","Velvet Choker","DataDisk","Oddly Smooth Stone","Whetstone"],"potions_floor_usage":[33,50,50,50],"damage_taken":[{"damage":0.0,"enemies":"Cultist","floor":1.0,"turns":3.0},{"damage":1.0,"enemies":"Jaw Worm","floor":4.0,"turns":3.0},{"damage":1.0,"enemies":"2 Louse","floor":5.0,"turns":2.0},{"damage":25.0,"enemies":"Gremlin Nob","floor":7.0,"turns":4.0},{"damage":0.0,"enemies":"2 Fungi Beasts","floor":12.0,"turns":4.0},{"damage":2.0,"enemies":"3 Louse","floor":14.0,"turns":4.0},{"damage":22.0,"enemies":"Hexaghost","floor":16.0,"turns":8.0},{"damage":5.0,"enemies":"Chosen","floor":18.0,"turns":4.0},{"damage":8.0,"enemies":"3 Byrds","floor":19.0,"turns":3.0},{"damage":19.0,"enemies":"Shelled Parasite and Fungi","floor":21.0,"turns":4.0},{"damage":8.0,"enemies":"Snake Plant","floor":22.0,"turns":3.0},{"damage":25.0,"enemies":"Snecko","floor":24.0,"turns":4.0},{"damage":21.0,"enemies":"Gremlin Leader","floor":28.0,"turns":4.0},{"damage":19,"enemies":"Slavers","floor":30,"turns":3},{"damage":6,"enemies":"Sentry and Sphere","floor":31,"turns":3},{"damage":32,"enemies":"Automaton","floor":33,"turns":8},{"damage":0,"enemies":"3 Shapes","floor":35,"turns":3},{"damage":7,"enemies":"Orb Walker","floor":36,"turns":4},{"damage":53,"enemies":"Transient","floor":37,"turns":5},{"damage":15,"enemies":"Writhing Mass","floor":42,"turns":5},{"damage":10,"enemies":"3 Darklings","floor":45,"turns":2},{"damage":15,"enemies":"Jaw Worm Horde","floor":47,"turns":4},{"damage":14,"enemies":"Sphere and 2 Shapes","floor":48,"turns":4},{"damage":55,"enemies":"Time Eater","floor":50,"turns":9}],"seed_played":"-3593919434803467533","potions_obtained":[{"floor":4.0,"key":"SteroidPotion"},{"floor":16.0,"key":"FocusPotion"},{"floor":18.0,"key":"Strength Potion"},{"floor":21.0,"key":"Regen Potion"},{"floor":30,"key":"Dexterity Potion"},{"floor":35,"key":"SteroidPotion"},{"floor":42,"key":"Weak Potion"}],"is_trial":false,"path_per_floor":["M","T","?","M","M","R","E","R","T","R","?","M","$","M","R","B",null,"M","M","$","M","M","R","M","$","T","R","E","R","E","M","R","B",null,"M","M","M","$","?","?","R","M","T","$","M","R","M","M","R","B",null],"character_chosen":"DEFECT","items_purchased":["Capacitor","Defragment","Ball Lightning","Happy Flower","Cold Snap","DataDisk","Regen Potion","Regen Potion","Whetstone"],"campfire_rested":2,"item_purchase_floors":[13,20,20,20,25,38,44,44,44],"current_hp_per_floor":[75,75,75,74,73,73,55,55,55,55,48,58,58,66,66,54,75,75,75,75,66,68,68,53,53,53,53,54,54,47,51,51,29,77,79,79,36,36,32,32,57,64,64,64,64,64,51,59,86,75],"gold":88,"neow_bonus":"UPGRADE_CARD","is_prod":false,"is_daily":false,"chose_seed":false,"campfire_upgraded":9,"win_rate":0,"timestamp":1558595105,"path_taken":["M","?","?","M","M","R","E","R","T","R","?","M","$","M","R","BOSS","M","M","$","M","M","R","M","$","T","R","E","R","E","M","R","BOSS","M","M","M","$","?","?","R","M","T","$","M","R","M","?","R","BOSS"],"build_version":"2019-01-23","purchased_purges":3,"victory":true,"max_hp_per_floor":[75,75,75,75,75,75,75,75,75,75,75,75,75,75,75,75,75,75,75,75,75,75,75,75,75,75,75,75,75,77,77,77,77,77,79,79,79,79,85,85,85,87,87,87,87,87,89,91,91,91],"card_choices":[{"not_picked":["Compile Driver","Beam Cell","Turbo"],"picked":"SKIP","floor":1.0},{"not_picked":["Cold Snap","Rip and Tear"],"picked":"Hologram","floor":4.0},{"not_picked":["Sweeping Beam","Darkness"],"picked":"Self Repair","floor":5.0},{"not_picked":["Streamline","Rebound"],"picked":"Rainbow","floor":7.0},{"not_picked":["Compile Driver","Lockon"],"picked":"Capacitor","floor":12.0},{"not_picked":["Ball Lightning","Doom and Gloom"],"picked":"Tempest","floor":14.0},{"not_picked":["Fission","Echo Form"],"picked":"Electrodynamics","floor":16.0},{"not_picked":["Cold Snap","Melter"],"picked":"Go for the Eyes","floor":18.0},{"not_picked":["Barrage+1","Turbo"],"picked":"Ball Lightning+1","floor":19.0},{"not_picked":["Stack","Sweeping Beam+1"],"picked":"Cold Snap+1","floor":21.0},{"not_picked":["Stack","Gash","Streamline"],"picked":"SKIP","floor":22.0},{"not_picked":["FTL","Loop"],"picked":"Conserve Battery","floor":24.0},{"not_picked":["Reprogram+1","Compile Driver+1"],"picked":"Rebound+1","floor":28.0},{"not_picked":["Capacitor","Doom and Gloom+1","Coolheaded"],"picked":"Singing Bowl","floor":30},{"not_picked":["White Noise","Auto Shields"],"picked":"Electrodynamics","floor":31},{"not_picked":["Echo Form","Multi-Cast"],"picked":"Fission","floor":33},{"not_picked":["Rebound+1","Streamline+1","Barrage+1"],"picked":"Singing Bowl","floor":35},{"not_picked":["Turbo+1","Rebound+1"],"picked":"Glacier","floor":36},{"not_picked":["Consume+1","Go for the Eyes+1"],"picked":"Defragment+1","floor":37},{"not_picked":["Chrysalis","Trip","Purity"],"picked":"Singing Bowl","floor":39},{"not_picked":["Forethought","Jack Of All Trades","Purity"],"picked":"Singing Bowl","floor":39},{"not_picked":["Discovery","Mind Blast+1","Flash of Steel+1"],"picked":"Singing Bowl","floor":39},{"not_picked":["Skim","Hologram+1","Hello World+1"],"picked":"Singing Bowl","floor":42},{"not_picked":["Melter+1","Scrape+1"],"picked":"Heatsinks+1","floor":45},{"not_picked":["Beam Cell+1","Chaos","Double Energy"],"picked":"Singing Bowl","floor":47},{"not_picked":["Barrage+1","Streamline+1","Go for the Eyes+1"],"picked":"Singing Bowl","floor":48}],"player_experience":1465282,"relics_obtained":[{"floor":2.0,"key":"Boot"},{"floor":7.0,"key":"Matryoshka"},{"floor":9.0,"key":"Pen Nib"},{"floor":9.0,"key":"StoneCalendar"},{"floor":26.0,"key":"Molten Egg 2"},{"floor":26.0,"key":"Anchor"},{"floor":28.0,"key":"Symbiotic Virus"},{"floor":30,"key":"Singing Bowl"},{"floor":43,"key":"Oddly Smooth Stone"}],"event_choices":[{"damage_healed":0.0,"max_hp_gain":0.0,"max_hp_loss":0.0,"gold_gain":175.0,"event_name":"Liars Game","player_choice":"AGREE","floor":3.0,"gold_loss":0.0,"damage_taken":0.0,"cards_obtained":["Doubt"]},{"cards_removed":["Doubt"],"damage_healed":0.0,"max_hp_gain":0.0,"max_hp_loss":0.0,"gold_gain":0.0,"event_name":"Golden Wing","player_choice":"Card Removal","floor":11.0,"gold_loss":0.0,"damage_taken":7.0},{"damage_healed":0,"gold_gain":0,"player_choice":"Memory 3","damage_taken":10,"max_hp_gain":0,"max_hp_loss":0,"event_name":"SensoryStone","floor":39,"gold_loss":0},{"damage_healed":0,"gold_gain":275,"player_choice":"Desecrate","damage_taken":0,"max_hp_gain":0,"max_hp_loss":0,"event_name":"Golden Shrine","floor":40,"gold_loss":0,"cards_obtained":["Regret"]}],"is_beta":false,"boss_relics":[{"not_picked":["Black Star","FrozenCore"],"picked":"Astrolabe"},{"not_picked":["White Beast Statue","Snecko Eye"],"picked":"Velvet Choker"}],"items_purged_floors":[13,20,44],"is_endless":false,"potions_floor_spawned":[4,16,18,21,30,35,42,45],"ascension_level":0}