{"gold_per_floor":[118,129,146,162,180,180,180,211,211,230,249,26,26,52,52,153,153,164,164,42,42,42,68,80,92,104,116,162,174,186,198,210,222],"floor_reached":33,"playtime":3528,"items_purged":["Strike_B"],"score":349,"play_id":"b19871a7-5e08-401c-9717-743b71a82ab4","local_time":"20190619140724","is_ascension_mode":true,"campfire_choices":[{"data":"Seek","floor":6,"key":"SMITH"},{"data":"Go for the Eyes","floor":13,"key":"SMITH"},{"floor":15,"key":"REST"},{"floor":25,"key":"REST"},{"data":"Zap","floor":27,"key":"SMITH"},{"data":"Dualcast","floor":29,"key":"SMITH"},{"data":"Leap","floor":32,"key":"SMITH"}],"neow_cost":"NONE","seed_source_timestamp":11106734749900,"circlet_count":0,"master_deck":["Strike_B","Strike_B","Strike_B","Defend_B","Defend_B","Defend_B","Defend_B","Zap+1","Dualcast+1","Seek+1","Gash","Leap+1","Melter","Go for the Eyes+1","Parasite","All For One","Gash","Sweeping Beam","Self Repair","Echo Form","Conserve Battery+1","Rebound","RitualDagger"],"relics":["Cracked Core","Potion Belt","Gremlin Horn","Omamori","Bag of Marbles","Eternal Feather","MutagenicStrength","Singing Bowl","MawBank","Vajra","PreservedInsect"],"potions_floor_usage":[8,11,14,16,23,33,33,33,33,33,33,33],"damage_taken":[{"damage":1,"enemies":"Cultist","floor":1,"turns":3},{"damage":5,"enemies":"2 Louse","floor":2,"turns":3},{"damage":4,"enemies":"Jaw Worm","floor":3,"turns":4},{"damage":3,"enemies":"3 Louse","floor":4,"turns":3},{"damage":1,"enemies":"2 Fungi Beasts","floor":5,"turns":3},{"damage":21,"enemies":"3 Sentries","floor":8,"turns":6},{"damage":1,"enemies":"Looter","floor":10,"turns":3},{"damage":0,"enemies":"3 Louse","floor":11,"turns":2},{"damage":20,"enemies":"Lagavulin","floor":14,"turns":5},{"damage":17,"enemies":"The Guardian","floor":16,"turns":10},{"damage":0,"enemies":"Spheric Guardian","floor":18,"turns":1},{"damage":68,"enemies":"Book of Stabbing","floor":23,"turns":8},{"damage":20,"enemies":"Slavers","floor":28,"turns":2},{"damage":75,"enemies":"Collector","floor":33,"turns":9}],"seed_played":"-7334933027756603481","potions_obtained":[{"floor":1,"key":"Fire Potion"},{"floor":4,"key":"SpeedPotion"},{"floor":8,"key":"Explosive Potion"},{"floor":11,"key":"Regen Potion"},{"floor":14,"key":"SteroidPotion"},{"floor":23,"key":"FocusPotion"},{"floor":28,"key":"EntropicBrew"}],"is_trial":false,"path_per_floor":["M","M","M","M","M","R","?","E","T","M","M","$","R","E","R","B",null,"M","?","$","?","?","E","?","R","T","R","E","R","$","$","R","B"],"character_chosen":"DEFECT","items_purchased":["Omamori","Self Repair","Rebound"],"campfire_rested":2,"item_purchase_floors":[12,12,20],"current_hp_per_floor":[74,69,65,62,61,61,75,54,54,53,53,53,53,52,74,64,75,75,75,75,75,69,10,10,45,45,57,39,51,51,51,63,0],"gold":222,"neow_bonus":"ONE_RANDOM_RARE_CARD","is_prod":false,"is_daily":false,"chose_seed":false,"campfire_upgraded":5,"win_rate":0,"timestamp":1560971244,"path_taken":["M","?","?","M","M","R","?","E","T","M","M","$","R","E","R","BOSS","M","?","$","?","?","E","?","R","T","R","E","R","?","$","R","BOSS"],"build_version":"2019-01-23","purchased_purges":1,"victory":false,"max_hp_per_floor":[75,75,75,75,75,75,75,75,75,75,75,75,75,75,75,75,75,75,75,75,75,75,77,77,77,77,77,79,79,79,79,79,79],"card_choices":[{"not_picked":["Loop","Steam"],"picked":"Gash","floor":1},{"not_picked":["Steam","Auto Shields"],"picked":"Leap","floor":2},{"not_picked":["Rip and Tear","Aggregate"],"picked":"Melter","floor":3},{"not_picked":["Auto Shields","Beam Cell","Blizzard"],"picked":"SKIP","floor":4},{"not_picked":["Leap","Aggregate"],"picked":"Go for the Eyes","floor":5},{"not_picked":["Redo","Lockon"],"picked":"All For One","floor":8},{"not_picked":["Coolheaded","Double Energy"],"picked":"Gash","floor":10},{"not_picked":["BootSequence","Compile Driver"],"picked":"Sweeping Beam","floor":11},{"not_picked":["Streamline","Cold Snap","Turbo"],"picked":"SKIP","floor":14},{"not_picked":["Multi-Cast","Creative AI"],"picked":"Echo Form","floor":16},{"not_picked":["Defragment","Melter"],"picked":"Conserve Battery+1","floor":18},{"not_picked":["Recycle","Compile Driver","Sunder+1"],"picked":"Singing Bowl","floor":23},{"not_picked":["Compile Driver","Hologram","Turbo"],"picked":"Singing Bowl","floor":28}],"player_experience":476772,"relics_obtained":[{"floor":8,"key":"Potion Belt"},{"floor":9,"key":"Gremlin Horn"},{"floor":14,"key":"Bag of Marbles"},{"floor":23,"key":"MawBank"},{"floor":28,"key":"PreservedInsect"}],"event_choices":[{"damage_healed":18,"gold_gain":0,"player_choice":"Healed and dodged fight","damage_taken":0,"max_hp_gain":0,"max_hp_loss":0,"event_name":"Mushrooms","floor":7,"gold_loss":0,"cards_obtained":["Parasite"]},{"damage_healed":0,"gold_gain":0,"player_choice":"Inject Mutagens","damage_taken":0,"relics_obtained":["MutagenicStrength"],"max_hp_gain":0,"max_hp_loss":0,"event_name":"Drug Dealer","floor":19,"gold_loss":0},{"damage_healed":0,"gold_gain":0,"player_choice":"Opened","damage_taken":0,"relics_obtained":["Singing Bowl"],"max_hp_gain":0,"max_hp_loss":0,"event_name":"The Mausoleum","floor":21,"gold_loss":0},{"damage_healed":0,"gold_gain":0,"player_choice":"Joined the Cult","damage_taken":6,"max_hp_gain":0,"max_hp_loss":0,"event_name":"Nest","floor":22,"gold_loss":0,"cards_obtained":["RitualDagger"]},{"damage_healed":0,"gold_gain":0,"player_choice":"Stole Relic","damage_taken":0,"relics_obtained":["Vajra"],"max_hp_gain":0,"max_hp_loss":0,"event_name":"Addict","floor":24,"gold_loss":0,"cards_obtained":["Shame"]}],"is_beta":false,"boss_relics":[{"not_picked":["Empty Cage","Ectoplasm"],"picked":"Eternal Feather"}],"items_purged_floors":[20],"is_endless":false,"potions_floor_spawned":[1,4,8,11,14,23,28],"killed_by":"Collector","ascension_level":4}