{"gold_per_floor":[117,128,147,160,170,170,183,183,183,183,194,194,209,234,234,330,330,347,362,372,372,372,372,391,275,298,298,298,316,316,334,334,432,432,445,345,345,364,239,266,278,300,312,324,336],"floor_reached":45,"playtime":1501,"items_purged":["Strike_B","Strike_B","Strike_B"],"score":489,"play_id":"ada0e266-9b0f-4635-b162-e9fac877566d","local_time":"20190521044211","is_ascension_mode":false,"campfire_choices":[{"data":"Zap","floor":6.0,"key":"SMITH"},{"data":"Darkness","floor":8.0,"key":"SMITH"},{"data":"Dualcast","floor":12.0,"key":"SMITH"},{"data":"Reinforced Body","floor":15.0,"key":"SMITH"},{"data":"Rainbow","floor":23.0,"key":"SMITH"},{"data":"Hologram","floor":27.0,"key":"SMITH"},{"data":"Defragment","floor":30.0,"key":"SMITH"},{"data":"Coolheaded","floor":32.0,"key":"SMITH"},{"data":"Discovery","floor":41.0,"key":"SMITH"},{"floor":44,"key":"REST"}],"neow_cost":"NONE","seed_source_timestamp":2383580768524,"circlet_count":0,"master_deck":["Strike_B","Defend_B","Defend_B","Defend_B","Defend_B","Zap+1","Dualcast+1","Coolheaded+1","Reinforced Body+1","Darkness+1","Hologram+1","Rebound","Electrodynamics","Leap","Rainbow+1","Ball Lightning","Ball Lightning","Conserve Battery","Defragment+1","Discovery+1","Undo+1"],"special_seed":0,"relics":["Cracked Core","NeowsBlessing","Shuriken","Calipers","Orichalcum","Runic Dome","Omamori","Busted Crown","MawBank","Ice Cream"],"potions_floor_usage":[],"damage_taken":[{"damage":0.0,"enemies":"Jaw Worm","floor":1.0,"turns":1.0},{"damage":0.0,"enemies":"Cultist","floor":2.0,"turns":1.0},{"damage":0.0,"enemies":"Small Slimes","floor":3.0,"turns":1.0},{"damage":0.0,"enemies":"2 Fungi Beasts","floor":4.0,"turns":5.0},{"damage":3.0,"enemies":"Looter","floor":5.0,"turns":4.0},{"damage":4.0,"enemies":"Large Slime","floor":7.0,"turns":5.0},{"damage":0.0,"enemies":"2 Fungi Beasts","floor":11.0,"turns":3.0},{"damage":6.0,"enemies":"Red Slaver","floor":13.0,"turns":4.0},{"damage":0.0,"enemies":"Hexaghost","floor":16.0,"turns":7.0},{"damage":7.0,"enemies":"Shell Parasite","floor":18.0,"turns":4.0},{"damage":2.0,"enemies":"Chosen","floor":19.0,"turns":3.0},{"damage":7.0,"enemies":"Snake Plant","floor":20.0,"turns":4.0},{"damage":0.0,"enemies":"Sentry and Sphere","floor":24.0,"turns":3.0},{"damage":16.0,"enemies":"Snecko","floor":29.0,"turns":5.0},{"damage":3.0,"enemies":"Snake Plant","floor":31.0,"turns":3.0},{"damage":46.0,"enemies":"Automaton","floor":33.0,"turns":8.0},{"damage":9.0,"enemies":"Orb Walker","floor":35.0,"turns":4.0},{"damage":15.0,"enemies":"3 Darklings","floor":38.0,"turns":3.0},{"damage":12.0,"enemies":"Reptomancer","floor":40.0,"turns":5.0},{"damage":0,"enemies":"Sphere and 2 Shapes","floor":42,"turns":4},{"damage":73,"enemies":"Giant Head","floor":45,"turns":8}],"seed_played":"-6663718834572676212","potions_obtained":[{"floor":1.0,"key":"GamblersBrew"},{"floor":4.0,"key":"EntropicBrew"},{"floor":5.0,"key":"PowerPotion"},{"floor":11.0,"key":"Energy Potion"},{"floor":24.0,"key":"SpeedPotion"},{"floor":38.0,"key":"Fire Potion"},{"floor":40.0,"key":"Regen Potion"}],"is_trial":false,"path_per_floor":["M","M","M","M","M","R","M","R","T","?","M","R","M","T","R","B",null,"M","M","M","?","?","R","M","$","T","R","?","M","R","M","R","B",null,"M","$","?","M","$","E","R","M","T","R","E"],"character_chosen":"DEFECT","items_purchased":["Defragment"],"campfire_rested":1,"item_purchase_floors":[25],"current_hp_per_floor":[75,75,75,75,72,72,68,68,68,56,56,56,50,50,50,50,75,68,66,59,59,59,59,59,59,59,59,59,43,43,40,40,9,75,66,66,61,46,46,34,34,34,34,56,0],"gold":336,"neow_bonus":"THREE_ENEMY_KILL","is_prod":false,"is_daily":false,"chose_seed":false,"campfire_upgraded":9,"win_rate":0,"timestamp":1558435331,"path_taken":["M","M","M","M","M","R","M","R","T","?","M","R","M","?","R","BOSS","M","M","?","?","?","R","M","$","T","R","?","M","R","M","R","BOSS","M","$","?","M","$","E","R","M","T","R","E"],"build_version":"2019-01-23","purchased_purges":3,"victory":false,"max_hp_per_floor":[75,75,75,75,75,75,75,75,75,75,75,75,75,75,75,75,75,75,75,75,75,75,75,75,75,75,75,75,75,75,75,75,75,75,75,75,75,75,75,75,75,75,75,75,75],"card_choices":[{"not_picked":["FTL","Leap"],"picked":"Coolheaded","floor":1.0},{"not_picked":["Conserve Battery","Skim"],"picked":"Reinforced Body","floor":2.0},{"not_picked":["Double Energy","Leap"],"picked":"Darkness","floor":3.0},{"not_picked":["Compile Driver","Consume","Streamline"],"picked":"SKIP","floor":4.0},{"not_picked":["Barrage","Coolheaded"],"picked":"Hologram","floor":5.0},{"not_picked":["Beam Cell","Sunder"],"picked":"Rebound","floor":7.0},{"not_picked":["Cold Snap","Stack"],"picked":"Electrodynamics","floor":11.0},{"not_picked":["Barrage","Streamline"],"picked":"Leap","floor":13.0},{"not_picked":["Thunder Strike","Fission"],"picked":"Rainbow","floor":16.0},{"not_picked":["Steam Power+1","Conserve Battery"],"picked":"Ball Lightning","floor":18.0},{"not_picked":["Coolheaded","Force Field+1","Gash"],"picked":"SKIP","floor":19.0},{"not_picked":["Coolheaded","Cold Snap","Sweeping Beam"],"picked":"SKIP","floor":20.0},{"not_picked":["Streamline","Force Field+1"],"picked":"Conserve Battery","floor":24.0},{"not_picked":["Leap","Steam+1","Gash"],"picked":"SKIP","floor":29.0},{"not_picked":["Gash","Compile Driver","Recycle"],"picked":"SKIP","floor":31.0},{"not_picked":["Cold Snap"],"picked":"SKIP","floor":35.0},{"not_picked":[],"picked":"Discovery","floor":37.0},{"not_picked":["Storm"],"picked":"SKIP","floor":38.0},{"not_picked":[],"picked":"Undo+1","floor":40.0},{"not_picked":["Rebound"],"picked":"SKIP","floor":42}],"player_experience":1459405,"relics_obtained":[{"floor":9.0,"key":"Shuriken"},{"floor":14.0,"key":"Orichalcum"},{"floor":26.0,"key":"Omamori"},{"floor":40.0,"key":"MawBank"},{"floor":43,"key":"Ice Cream"}],"event_choices":[{"damage_healed":0.0,"max_hp_gain":0.0,"max_hp_loss":0.0,"gold_gain":0.0,"event_name":"Scrap Ooze","player_choice":"Success","floor":10.0,"gold_loss":0.0,"damage_taken":12.0,"relics_obtained":["Calipers"]},{"damage_healed":0.0,"max_hp_gain":0.0,"max_hp_loss":0.0,"gold_gain":0.0,"event_name":"Ghosts","player_choice":"Ignored","floor":21.0,"gold_loss":0.0,"damage_taken":0.0},{"damage_healed":0.0,"max_hp_gain":0.0,"max_hp_loss":0.0,"gold_gain":0.0,"event_name":"The Library","player_choice":"Read","floor":22.0,"gold_loss":0.0,"damage_taken":0.0,"cards_obtained":["Ball Lightning"]},{"damage_healed":0.0,"max_hp_gain":0.0,"max_hp_loss":0.0,"gold_gain":0.0,"event_name":"Vampires","player_choice":"Ignored","floor":28.0,"gold_loss":0.0,"damage_taken":0.0},{"damage_healed":0.0,"max_hp_gain":0.0,"max_hp_loss":0.0,"gold_gain":0.0,"event_name":"SensoryStone","player_choice":"Memory 2","floor":37.0,"gold_loss":0.0,"damage_taken":5.0}],"is_beta":false,"boss_relics":[{"not_picked":["Ectoplasm","Lizard Tail"],"picked":"Runic Dome"},{"not_picked":["Cursed Key","Philosopher\u0027s Stone"],"picked":"Busted Crown"}],"items_purged_floors":[25,36,39],"is_endless":false,"potions_floor_spawned":[1,4,5,11,13,24,38,40],"killed_by":"Giant Head","ascension_level":0}