{"gold_per_floor":[115,131,142,159,177,177,191,216,216,229,229,36,61,61,61,162,162,175,274,274,29,29,29,57,57,57,31,58,72,72,97,97,97],"floor_reached":33,"playtime":2832,"items_purged":[],"score":369,"play_id":"a608ce88-ad0f-458e-842c-a36b8b1f29c4","local_time":"20190619005840","is_ascension_mode":true,"campfire_choices":[{"data":"Finisher","floor":6.0,"key":"SMITH"},{"floor":11.0,"key":"REST"},{"data":"Backflip","floor":15.0,"key":"SMITH"},{"data":"Phantasmal Killer","floor":23.0,"key":"SMITH"},{"data":"Well Laid Plans","floor":25.0,"key":"SMITH"},{"floor":30,"key":"REST"},{"floor":32,"key":"REST"}],"neow_cost":"TEN_PERCENT_HP_LOSS","seed_source_timestamp":0,"circlet_count":0,"master_deck":["Defend_G","Defend_G","Defend_G","Defend_G","Defend_G","Strike_G","Strike_G","Strike_G","Strike_G","Survivor","Neutralize","Thinking Ahead","Deep Breath","Acrobatics","Well Laid Plans+1","Terror","PiercingWail","Finisher+1","Backflip+1","Night Terror","Dagger Throw+1","Escape Plan","Outmaneuver","Slice+1","Sucker Punch+1","Expertise","Phantasmal Killer+1","Flechettes+1","Shame","Underhanded Strike+1","Blade Dance","All Out Attack+1","Slice+1","Underhanded Strike+1","PiercingWail+1"],"special_seed":0,"relics":["Ring of the Snake","Torii","Molten Egg 2","Boot","Velvet Choker","Ninja Scroll","Dream Catcher","Bottled Tornado","Potion Belt","Snake Skull","Question Card"],"potions_floor_usage":[28],"damage_taken":[{"damage":5.0,"enemies":"Cultist","floor":1.0,"turns":5.0},{"damage":4.0,"enemies":"Small Slimes","floor":2.0,"turns":5.0},{"damage":1.0,"enemies":"Jaw Worm","floor":3.0,"turns":4.0},{"damage":2.0,"enemies":"2 Fungi Beasts","floor":4.0,"turns":5.0},{"damage":6.0,"enemies":"Looter","floor":5.0,"turns":3.0},{"damage":16.0,"enemies":"Exordium Thugs","floor":7.0,"turns":4.0},{"damage":18.0,"enemies":"3 Sentries","floor":8.0,"turns":12.0},{"damage":2.0,"enemies":"Exordium Wildlife","floor":10.0,"turns":7.0},{"damage":15.0,"enemies":"Gremlin Nob","floor":13.0,"turns":4.0},{"damage":1.0,"enemies":"Hexaghost","floor":16.0,"turns":9.0},{"damage":1.0,"enemies":"Spheric Guardian","floor":18.0,"turns":3.0},{"damage":21.0,"enemies":"Book of Stabbing","floor":24.0,"turns":6.0},{"damage":2,"enemies":"Gremlin Leader","floor":28,"turns":5},{"damage":18,"enemies":"2 Thieves","floor":29,"turns":3},{"damage":29,"enemies":"Book of Stabbing","floor":31,"turns":5},{"damage":33,"enemies":"Collector","floor":33,"turns":3}],"seed_played":"-4747031618086407189","potions_obtained":[{"floor":2.0,"key":"Ancient Potion"},{"floor":3.0,"key":"SkillPotion"},{"floor":4.0,"key":"EssenceOfSteel"},{"floor":8.0,"key":"GamblersBrew"},{"floor":16.0,"key":"AttackPotion"},{"floor":18.0,"key":"AttackPotion"},{"floor":24.0,"key":"SpeedPotion"},{"floor":31,"key":"FearPotion"}],"is_trial":false,"path_per_floor":["M","M","M","M","M","R","M","E","T","M","R","$","E","?","R","B",null,"M","?","?","$","?","R","E","R","T","$","E","M","R","E","R","B"],"character_chosen":"THE_SILENT","items_purchased":["Escape Plan","Outmaneuver","Block Potion","Slice+1","Ninja Scroll","Blade Dance"],"campfire_rested":3,"item_purchase_floors":[12,12,12,12,21,27],"current_hp_per_floor":[58,54,53,51,45,45,29,11,11,9,27,27,12,12,12,11,63,62,62,62,62,62,62,41,41,41,41,39,21,39,10,28,0],"gold":97,"neow_bonus":"RANDOM_COLORLESS_2","is_prod":false,"is_daily":false,"chose_seed":false,"campfire_upgraded":4,"win_rate":0,"timestamp":1560920320,"path_taken":["M","M","?","M","M","R","M","E","T","M","R","$","E","?","R","BOSS","M","?","?","$","?","R","E","R","T","?","E","M","R","E","R","BOSS"],"build_version":"2019-01-23","purchased_purges":0,"victory":false,"max_hp_per_floor":[63,63,63,63,63,63,63,63,63,63,63,63,63,63,63,63,63,63,63,63,63,63,63,63,63,63,63,63,63,63,63,63,63],"card_choices":[{"not_picked":["Expertise","Slice"],"picked":"Acrobatics","floor":1.0},{"not_picked":["Skewer","Choke"],"picked":"Well Laid Plans","floor":2.0},{"not_picked":["Masterful Stab","Dagger Throw"],"picked":"Terror","floor":3.0},{"not_picked":["Dagger Throw","Slice"],"picked":"PiercingWail","floor":4.0},{"not_picked":["Accuracy","Backflip"],"picked":"Finisher","floor":5.0},{"not_picked":["Acrobatics","Choke"],"picked":"Backflip","floor":7.0},{"not_picked":["Blade Dance","PiercingWail"],"picked":"Night Terror","floor":8.0},{"not_picked":["Quick Slash+1","Poisoned Stab+1"],"picked":"Dagger Throw+1","floor":10.0},{"not_picked":["Blur","Distraction"],"picked":"Sucker Punch+1","floor":13.0},{"not_picked":["Night Terror","Wraith Form v2"],"picked":"Phantasmal Killer","floor":16.0},{"not_picked":["Infinite Blades","Acrobatics"],"picked":"Flechettes+1","floor":18.0},{"not_picked":["Slice+1","Accuracy"],"picked":"Underhanded Strike+1","floor":24.0},{"not_picked":["After Image","Bane+1","Expertise+1"],"picked":"SKIP","floor":28},{"not_picked":["Backflip","Bane+1"],"picked":"All Out Attack+1","floor":29},{"not_picked":["Deadly Poison","Endless Agony+1"],"picked":"Slice+1","floor":30},{"not_picked":["Slice+1","Bane+1"],"picked":"Underhanded Strike+1","floor":31},{"not_picked":["Acrobatics","Outmaneuver+1","Endless Agony+1"],"picked":"PiercingWail+1","floor":32}],"player_experience":323696,"relics_obtained":[{"floor":8.0,"key":"Torii"},{"floor":9.0,"key":"Molten Egg 2"},{"floor":13.0,"key":"Boot"},{"floor":24.0,"key":"Bottled Tornado"},{"floor":26.0,"key":"Potion Belt"},{"floor":28,"key":"Snake Skull"},{"floor":31,"key":"Question Card"}],"event_choices":[{"damage_healed":0.0,"max_hp_gain":0.0,"max_hp_loss":0.0,"gold_gain":0.0,"cards_transformed":["Strike_G"],"event_name":"Living Wall","player_choice":"Change","floor":14.0,"gold_loss":0.0,"damage_taken":0.0,"cards_obtained":["Expertise"]},{"damage_healed":0.0,"max_hp_gain":0.0,"max_hp_loss":0.0,"gold_gain":99.0,"event_name":"Nest","player_choice":"Stole From Cult","floor":19.0,"gold_loss":0.0,"damage_taken":0.0},{"damage_healed":0.0,"max_hp_gain":0.0,"max_hp_loss":0.0,"gold_gain":0.0,"event_name":"Ghosts","player_choice":"Ignored","floor":20.0,"gold_loss":0.0,"damage_taken":0.0},{"damage_healed":0.0,"max_hp_gain":0.0,"max_hp_loss":0.0,"gold_gain":0.0,"event_name":"Addict","player_choice":"Stole Relic","floor":22.0,"gold_loss":0.0,"damage_taken":0.0,"relics_obtained":["Dream Catcher"],"cards_obtained":["Shame"]}],"is_beta":false,"boss_relics":[{"not_picked":["White Beast Statue","Fusion Hammer"],"picked":"Velvet Choker"}],"items_purged_floors":[],"is_endless":false,"potions_floor_spawned":[2,3,4,8,16,18,24,31],"killed_by":"Collector","ascension_level":2}