{"gold_per_floor":[17,17,35,35,35,53,53,69,121,137,137,150,150,225,225,225],"floor_reached":16,"playtime":507,"items_purged":[],"score":143,"play_id":"bd7b3aa1-12e5-4650-a545-de74f0adfde1","local_time":"20190619013044","is_ascension_mode":true,"campfire_choices":[{"data":"After Image","floor":7,"key":"SMITH"},{"data":"Flying Knee","floor":11,"key":"SMITH"},{"data":"Infinite Blades","floor":13,"key":"SMITH"},{"data":"Backflip","floor":15,"key":"SMITH"}],"neow_cost":"NO_GOLD","seed_source_timestamp":55631188556232,"circlet_count":0,"master_deck":["AscendersBane","Defend_G","Defend_G","Defend_G","Defend_G","Defend_G","Strike_G","Strike_G","Strike_G","Strike_G","Strike_G","Survivor","Neutralize+1","After Image+1","Backflip+1","Flying Knee+1","Infinite Blades+1"],"relics":["Ring of the Snake","Potion Belt"],"potions_floor_usage":[16],"damage_taken":[{"damage":2,"enemies":"2 Louse","floor":1,"turns":5},{"damage":8,"enemies":"Jaw Worm","floor":3,"turns":5},{"damage":4,"enemies":"Cultist","floor":6,"turns":5},{"damage":0,"enemies":"2 Fungi Beasts","floor":8,"turns":6},{"damage":1,"enemies":"3 Louse","floor":10,"turns":4},{"damage":7,"enemies":"Large Slime","floor":12,"turns":10},{"damage":36,"enemies":"Hexaghost","floor":16,"turns":15}],"seed_played":"-2657772612769070613","potions_obtained":[{"floor":1,"key":"GamblersBrew"},{"floor":8,"key":"Block Potion"}],"is_trial":false,"path_per_floor":["M","?","M","?","?","M","R","M","T","M","R","M","R","?","R","B"],"character_chosen":"THE_SILENT","items_purchased":[],"campfire_rested":0,"item_purchase_floors":[],"current_hp_per_floor":[61,61,53,58,58,54,54,54,54,53,53,46,46,35,35,0],"gold":225,"neow_bonus":"THREE_RARE_CARDS","is_prod":false,"is_daily":false,"chose_seed":false,"campfire_upgraded":4,"win_rate":0,"timestamp":1560879044,"path_taken":["M","?","M","?","?","M","R","?","T","M","R","M","R","?","R","BOSS"],"build_version":"2019-01-23","purchased_purges":0,"victory":false,"max_hp_per_floor":[70,70,70,75,75,75,75,75,75,75,75,75,75,75,75,75],"card_choices":[{"not_picked":["Phantasmal Killer","A Thousand Cuts"],"picked":"After Image","floor":0},{"not_picked":["Setup","Heel Hook","Dodge and Roll"],"picked":"SKIP","floor":1},{"not_picked":["Underhanded Strike","Expertise","Tactician"],"picked":"SKIP","floor":3},{"not_picked":["All Out Attack","Poisoned Stab"],"picked":"Backflip","floor":6},{"not_picked":["Prepared","PiercingWail"],"picked":"Flying Knee","floor":8},{"not_picked":["Bane","Crippling Poison","Concentrate"],"picked":"SKIP","floor":10},{"not_picked":["Choke","Bane"],"picked":"Infinite Blades","floor":12}],"player_experience":540927,"relics_obtained":[{"floor":9,"key":"Potion Belt"}],"event_choices":[{"damage_healed":0,"gold_gain":0,"player_choice":"Ignored","damage_taken":0,"max_hp_gain":0,"max_hp_loss":0,"event_name":"Golden Idol","floor":2,"gold_loss":0},{"damage_healed":0,"gold_gain":0,"player_choice":"Donut","damage_taken":0,"max_hp_gain":5,"max_hp_loss":0,"event_name":"Big Fish","floor":4,"gold_loss":0},{"damage_healed":0,"gold_gain":0,"player_choice":"Upgraded","damage_taken":0,"max_hp_gain":0,"max_hp_loss":0,"event_name":"Upgrade Shrine","floor":5,"gold_loss":0,"cards_upgraded":["Neutralize"]},{"damage_healed":0,"gold_gain":75,"player_choice":"Gather Gold","damage_taken":11,"max_hp_gain":0,"max_hp_loss":0,"event_name":"World of Goop","floor":14,"gold_loss":0}],"is_beta":false,"boss_relics":[],"items_purged_floors":[],"is_endless":false,"potions_floor_spawned":[1,8],"killed_by":"Hexaghost","ascension_level":11}