{"gold_per_floor":[117,131,131,149,165,165,3,15,15,40,40,96,96],"floor_reached":13,"playtime":780,"items_purged":[],"score":85,"play_id":"5a8764d9-c372-4ef5-83de-545f335267f9","local_time":"20181215155324","is_ascension_mode":false,"campfire_choices":[{"data":"Hello World","floor":6,"key":"SMITH"},{"floor":11,"key":"REST"}],"neow_cost":"NONE","seed_source_timestamp":1375069985587,"circlet_count":0,"master_deck":["Strike_B","Strike_B","Strike_B","Strike_B","Defend_B","Defend_B","Defend_B","Defend_B","Zap","Dualcast","Rebound","Capacitor","Swift Strike","Zap","Tempest","Hello World+1","Master of Strategy","Leap","White Noise"],"relics":["Cracked Core","NeowsBlessing","Sundial","Bottled Tornado","Shuriken"],"potions_floor_usage":[5],"damage_taken":[{"damage":0,"enemies":"Jaw Worm","floor":1,"turns":1},{"damage":0,"enemies":"Cultist","floor":2,"turns":1},{"damage":0,"enemies":"Small Slimes","floor":4,"turns":1},{"damage":21,"enemies":"Gremlin Gang","floor":5,"turns":3},{"damage":12,"enemies":"Looter","floor":8,"turns":4},{"damage":18,"enemies":"Lagavulin","floor":10,"turns":6},{"damage":34,"enemies":"Gremlin Nob","floor":12,"turns":5},{"damage":13,"enemies":"2 Fungi Beasts","floor":13,"turns":2}],"seed_played":"-7143617063292019724","potions_obtained":[{"floor":1,"key":"PowerPotion"},{"floor":2,"key":"PowerPotion"},{"floor":5,"key":"Energy Potion"},{"floor":12,"key":"Weak Potion"}],"is_trial":false,"path_per_floor":["M","M","?","M","M","R","$","M","T","E","R","?","M"],"character_chosen":"DEFECT","items_purchased":["Master of Strategy"],"campfire_rested":1,"item_purchase_floors":[7],"current_hp_per_floor":[75,75,75,75,54,54,54,42,42,24,46,12,0],"gold":96,"neow_bonus":"THREE_ENEMY_KILL","is_prod":false,"is_daily":false,"chose_seed":false,"campfire_upgraded":1,"win_rate":0.0,"timestamp":1544907204,"path_taken":["M","M","?","M","?","R","$","M","T","E","R","?","M"],"build_version":"2018-12-13","purchased_purges":0,"victory":false,"max_hp_per_floor":[75,75,75,75,75,75,75,75,75,75,75,75,75],"card_choices":[{"not_picked":["Glacier","Coolheaded"],"picked":"Rebound","floor":1},{"not_picked":["Beam Cell","Compile Driver"],"picked":"Capacitor","floor":2},{"not_picked":["Redo","Undo"],"picked":"Tempest","floor":4},{"not_picked":["Go for the Eyes","Turbo"],"picked":"Hello World","floor":5},{"not_picked":["Go for the Eyes","Skim"],"picked":"Leap","floor":8},{"not_picked":["Blizzard","Buffer","Beam Cell"],"picked":"SKIP","floor":10},{"not_picked":["Sweeping Beam","Compile Driver"],"picked":"White Noise","floor":12}],"player_experience":92364,"relics_obtained":[{"floor":9,"key":"Sundial"},{"floor":10,"key":"Bottled Tornado"}],"event_choices":[{"damage_healed":0,"gold_gain":0,"player_choice":"2 cards matched","damage_taken":0,"max_hp_gain":0,"max_hp_loss":0,"event_name":"Match and Keep!","floor":3,"gold_loss":0,"cards_obtained":["Swift Strike","Zap"]},{"damage_healed":0,"gold_gain":0,"player_choice":"Searched \u00272\u0027 times","damage_taken":0,"relics_obtained":["Shuriken"],"max_hp_gain":0,"max_hp_loss":0,"event_name":"Dead Adventurer","floor":12,"gold_loss":0}],"is_beta":false,"boss_relics":[],"items_purged_floors":[],"is_endless":false,"potions_floor_spawned":[1,2,5,12],"killed_by":"2 Fungi Beasts","ascension_level":0}