{"gold_per_floor":[115,290,304,84,84,84,99,115,115,15,15,15,26,36,36,139,139,154,171,46,46,1,1,18,18,42,42,57,57,57,74,74,74],"floor_reached":33,"playtime":1637,"items_purged":["Doubt","Strike_B","Strike_B"],"score":237,"play_id":"049cec31-8d37-40d0-aff3-04471747420f","local_time":"20190613013232","is_ascension_mode":false,"campfire_choices":[{"data":"Zap","floor":6,"key":"SMITH"},{"data":"Zap","floor":15,"key":"SMITH"},{"floor":23,"key":"REST"},{"data":"Defragment","floor":25,"key":"SMITH"},{"data":"Dualcast","floor":32,"key":"SMITH"}],"neow_cost":"NONE","seed_source_timestamp":926285949499,"circlet_count":0,"master_deck":["Defend_B","Zap+1","Dualcast+1","Streamline","Cold Snap","Consume+1","Capacitor","Zap+1","Streamline","Panacea","Go for the Eyes","Streamline","Core Surge","Defragment+1","Rebound","Leap+1","Leap+1","Blizzard","Consume"],"special_seed":0,"relics":["Empty Cage","Ornamental Fan","Nuclear Battery","Torii","Juzu Bracelet"],"potions_floor_usage":[8,16,24,31],"damage_taken":[{"damage":5.0,"enemies":"Small Slimes","floor":1.0,"turns":4.0},{"damage":7.0,"enemies":"2 Louse","floor":3.0,"turns":2.0},{"damage":0,"enemies":"Cultist","floor":7,"turns":4},{"damage":0,"enemies":"Exordium Thugs","floor":8,"turns":3},{"damage":0,"enemies":"3 Louse","floor":13,"turns":2},{"damage":5,"enemies":"Red Slaver","floor":14,"turns":4},{"damage":17,"enemies":"Hexaghost","floor":16,"turns":9},{"damage":25,"enemies":"Spheric Guardian","floor":18,"turns":4},{"damage":22,"enemies":"Shell Parasite","floor":19,"turns":6},{"damage":9,"enemies":"Shelled Parasite and Fungi","floor":24,"turns":5},{"damage":0,"enemies":"Snecko","floor":28,"turns":5},{"damage":0,"enemies":"Centurion and Healer","floor":31,"turns":5},{"damage":41,"enemies":"Automaton","floor":33,"turns":10}],"seed_played":"5189190365744474257","potions_obtained":[{"floor":7,"key":"Fire Potion"},{"floor":8,"key":"Weak Potion"},{"floor":14,"key":"Weak Potion"},{"floor":19,"key":"Explosive Potion"},{"floor":31,"key":"Poison Potion"}],"is_trial":false,"path_per_floor":["M","?","M","$","?","R","M","M","T","$","$","?","M","M","R","B",null,"M","M","$","?","$","R","M","R","T","?","M","?","?","M","R","B"],"character_chosen":"DEFECT","items_purchased":["Consume","Capacitor","Rebound"],"campfire_rested":1,"item_purchase_floors":[4,4,22],"current_hp_per_floor":[70,70,63,63,63,63,63,63,63,63,63,63,63,58,58,41,75,50,28,28,28,28,50,41,41,41,41,41,41,41,41,41,0],"gold":74,"neow_bonus":"BOSS_RELIC","is_prod":false,"is_daily":false,"chose_seed":false,"campfire_upgraded":4,"win_rate":0,"timestamp":1560411152,"path_taken":["M","?","M","$","?","R","M","?","T","?","$","?","M","M","R","BOSS","M","M","$","?","?","R","M","R","T","?","M","?","?","M","R","BOSS"],"build_version":"2019-01-23","purchased_purges":3,"victory":false,"max_hp_per_floor":[75,75,75,75,75,75,75,75,75,75,75,75,75,75,75,75,75,75,75,75,75,75,75,75,75,75,75,75,75,75,75,75,75],"card_choices":[{"not_picked":["Gash","Coolheaded"],"picked":"Streamline","floor":1.0},{"not_picked":["Leap","FTL"],"picked":"Cold Snap","floor":3.0},{"not_picked":["Compile Driver","Darkness","Steam"],"picked":"SKIP","floor":7},{"not_picked":["Compile Driver","Barrage","Redo"],"picked":"SKIP","floor":8},{"not_picked":["Conserve Battery","Doom and Gloom"],"picked":"Streamline","floor":13},{"not_picked":["Turbo","Coolheaded","Redo"],"picked":"SKIP","floor":14},{"not_picked":["Creative AI","Thunder Strike"],"picked":"Core Surge","floor":16},{"not_picked":["Rebound+1","Heatsinks"],"picked":"Defragment","floor":18},{"not_picked":["Loop","Redo","Melter"],"picked":"SKIP","floor":19},{"not_picked":["Gash+1","Sweeping Beam+1"],"picked":"Leap+1","floor":24},{"not_picked":["Undo+1","Redo"],"picked":"Leap+1","floor":28},{"not_picked":["Redo","Hello World","Go for the Eyes+1"],"picked":"SKIP","floor":31}],"player_experience":1486810,"relics_obtained":[{"floor":9,"key":"Ornamental Fan"},{"floor":21,"key":"Torii"},{"floor":26,"key":"Juzu Bracelet"}],"event_choices":[{"damage_healed":0.0,"max_hp_gain":0.0,"max_hp_loss":0.0,"gold_gain":175.0,"event_name":"Liars Game","player_choice":"AGREE","floor":2.0,"gold_loss":0.0,"damage_taken":0.0,"cards_obtained":["Doubt"]},{"damage_healed":0,"gold_gain":0,"player_choice":"3 cards matched","damage_taken":0,"max_hp_gain":0,"max_hp_loss":0,"event_name":"Match and Keep!","floor":5,"gold_loss":0,"cards_obtained":["Zap","Streamline","Panacea"]},{"damage_healed":0,"gold_gain":0,"cards_transformed":["Strike_B"],"player_choice":"Transformed","damage_taken":0,"max_hp_gain":0,"max_hp_loss":0,"event_name":"Transmorgrifier","floor":12,"gold_loss":0,"cards_obtained":["Go for the Eyes"]},{"damage_healed":0,"gold_gain":0,"player_choice":"Relic","damage_taken":0,"max_hp_gain":0,"max_hp_loss":0,"event_name":"Wheel of Change","floor":21,"gold_loss":0},{"damage_healed":0,"gold_gain":0,"cards_transformed":["Defend_B","Defend_B"],"player_choice":"Became Test Subject","damage_taken":0,"max_hp_gain":0,"max_hp_loss":0,"event_name":"Drug Dealer","floor":29,"gold_loss":0,"cards_obtained":["Blizzard","Consume"]},{"damage_healed":0,"gold_gain":0,"player_choice":"Upgraded","damage_taken":0,"max_hp_gain":0,"max_hp_loss":0,"event_name":"Upgrade Shrine","floor":30,"gold_loss":0,"cards_upgraded":["Consume"]}],"is_beta":false,"boss_relics":[{"not_picked":["Astrolabe","Pandora\u0027s Box"],"picked":"Nuclear Battery"}],"items_purged_floors":[4,10,20],"is_endless":false,"potions_floor_spawned":[7,8,14,19,31],"killed_by":"Automaton","ascension_level":0}