{"gold_per_floor":[119,139,139,314,327,327,362,362,362,462,503,521,521,545,545,545],"floor_reached":16,"playtime":517,"items_purged":[],"score":149,"play_id":"51a32181-bcba-4972-b059-9817c5c6a99f","local_time":"20190528021702","is_ascension_mode":true,"campfire_choices":[{"floor":6.0,"key":"REST"},{"data":"Searing Blow","floor":8.0,"key":"SMITH"},{"data":"Searing Blow+1","floor":13.0,"key":"SMITH"},{"data":"Searing Blow+2","floor":15.0,"key":"SMITH"}],"neow_cost":"PERCENT_DAMAGE","seed_source_timestamp":40292198495094,"circlet_count":0,"master_deck":["Strike_R","Strike_R","Strike_R","Defend_R","Defend_R","Defend_R","Defend_R","Bash","Body Slam","Dropkick","Headbutt","Whirlwind","Doubt","Thunderclap","Searing Blow+3","Demon Form","Clothesline"],"special_seed":0,"relics":["Burning Blood","Golden Idol","Pocketwatch","Mercury Hourglass","Boot"],"potions_floor_usage":[16,16],"damage_taken":[{"damage":11.0,"enemies":"Small Slimes","floor":1.0,"turns":6.0},{"damage":1.0,"enemies":"Cultist","floor":2.0,"turns":3.0},{"damage":0.0,"enemies":"2 Louse","floor":5.0,"turns":1.0},{"damage":40.0,"enemies":"3 Sentries","floor":7.0,"turns":6.0},{"damage":24.0,"enemies":"Gremlin Nob","floor":11.0,"turns":4.0},{"damage":1.0,"enemies":"Exordium Wildlife","floor":12.0,"turns":2.0},{"damage":0.0,"enemies":"2 Fungi Beasts","floor":14.0,"turns":2.0},{"damage":22,"enemies":"The Guardian","floor":16,"turns":7}],"seed_played":"4223358525404989103","potions_obtained":[{"floor":5.0,"key":"GamblersBrew"},{"floor":7.0,"key":"PowerPotion"},{"floor":11.0,"key":"Weak Potion"},{"floor":14.0,"key":"Fire Potion"}],"is_trial":false,"path_per_floor":["M","M","?","?","M","R","E","R","T","?","E","M","R","M","R","B"],"character_chosen":"IRONCLAD","items_purchased":[],"campfire_rested":1,"item_purchase_floors":[],"current_hp_per_floor":[46,51,31,31,37,61,27,27,27,27,9,14,14,20,20,0],"gold":545,"neow_bonus":"TRANSFORM_TWO_CARDS","is_prod":false,"is_daily":false,"chose_seed":false,"campfire_upgraded":3,"win_rate":0,"timestamp":1559024222,"path_taken":["M","M","?","?","M","R","E","R","T","?","E","M","R","?","R","BOSS"],"build_version":"2019-01-23","purchased_purges":0,"victory":false,"max_hp_per_floor":[80,80,80,80,80,80,80,80,80,80,80,80,80,80,80,80],"card_choices":[{"not_picked":["Clothesline","Reckless Charge"],"picked":"Headbutt","floor":1.0},{"not_picked":["Rampage","Intimidate"],"picked":"Whirlwind","floor":2.0},{"not_picked":["Body Slam","Blood for Blood"],"picked":"Thunderclap","floor":5.0},{"not_picked":["Blood for Blood","Sword Boomerang"],"picked":"Searing Blow","floor":7.0},{"not_picked":["Anger","Flame Barrier"],"picked":"Demon Form","floor":11.0},{"not_picked":["Heavy Blade","Perfected Strike"],"picked":"Clothesline","floor":12.0},{"not_picked":["Reckless Charge","Anger","True Grit"],"picked":"SKIP","floor":14.0}],"player_experience":292935,"relics_obtained":[{"floor":7.0,"key":"Pocketwatch"},{"floor":9.0,"key":"Mercury Hourglass"},{"floor":11.0,"key":"Boot"}],"event_choices":[{"damage_healed":0.0,"max_hp_gain":0.0,"max_hp_loss":0.0,"gold_gain":0.0,"event_name":"Golden Idol","player_choice":"Take Damage","floor":3.0,"gold_loss":0.0,"damage_taken":20.0,"relics_obtained":["Golden Idol"]},{"damage_healed":0.0,"max_hp_gain":0.0,"max_hp_loss":0.0,"gold_gain":175.0,"event_name":"Liars Game","player_choice":"AGREE","floor":4.0,"gold_loss":0.0,"damage_taken":0.0,"cards_obtained":["Doubt"]},{"damage_healed":0.0,"max_hp_gain":0.0,"max_hp_loss":0.0,"gold_gain":100.0,"event_name":"Golden Shrine","player_choice":"Pray","floor":10.0,"gold_loss":0.0,"damage_taken":0.0}],"is_beta":false,"boss_relics":[],"items_purged_floors":[],"is_endless":false,"potions_floor_spawned":[5,7,11,14],"killed_by":"The Guardian","ascension_level":7}