{"gold_per_floor":[14,14,14,14,92,106,106,121,121,121,146,146,180,198,198,329,329,354,57,57,57,57,57,57,57,57,75,75,75,75,99,99,219,219,238,259,1258,372,397,397,421,421,446,460,478,478,496,509,509,509],"floor_reached":51,"playtime":1482,"items_purged":["Normality"],"score":745,"play_id":"a873efa2-44f9-4699-8bfb-5187c028c871","local_time":"20190602045510","is_ascension_mode":false,"campfire_choices":[{"data":"Zap","floor":10.0,"key":"SMITH"},{"data":"Dualcast","floor":12.0,"key":"SMITH"},{"data":"Defragment","floor":15.0,"key":"SMITH"},{"data":"Strike_B","floor":23.0,"key":"PURGE"},{"data":"Strike_B","floor":25.0,"key":"PURGE"},{"data":"Decay","floor":30.0,"key":"PURGE"},{"data":"Defend_B","floor":32.0,"key":"PURGE"},{"data":"Normality","floor":40.0,"key":"PURGE"},{"floor":42.0,"key":"REST"},{"floor":46.0,"key":"REST"},{"floor":49.0,"key":"REST"}],"neow_cost":"NO_GOLD","seed_source_timestamp":5298077090782,"circlet_count":0,"master_deck":["Strike_B","Defend_B","Zap+1","Dualcast+1","Storm","Storm","Go for the Eyes","Defragment+1","Tempest","Biased Cognition","Force Field","Hello World","Magnetism","Ball Lightning+1","Ball Lightning+1","Cold Snap+1"],"special_seed":0,"relics":["Cracked Core","Mummified Hand","Golden Idol","Girya","Oddly Smooth Stone","Busted Crown","Peace Pipe","Pocketwatch","White Beast Statue","OrangePellets","Anchor","Pen Nib","Vajra","Dream Catcher"],"potions_floor_usage":[50,50,50],"damage_taken":[{"damage":3.0,"enemies":"Jaw Worm","floor":1.0,"turns":3.0},{"damage":1.0,"enemies":"2 Louse","floor":6.0,"turns":2.0},{"damage":5.0,"enemies":"Small Slimes","floor":8.0,"turns":3.0},{"damage":17.0,"enemies":"Gremlin Gang","floor":11.0,"turns":3.0},{"damage":16.0,"enemies":"Lagavulin","floor":13.0,"turns":6.0},{"damage":1.0,"enemies":"2 Fungi Beasts","floor":14.0,"turns":3.0},{"damage":0.0,"enemies":"Slime Boss","floor":16.0,"turns":7.0},{"damage":0.0,"enemies":"Spheric Guardian","floor":18.0,"turns":2.0},{"damage":0.0,"enemies":"Chosen","floor":27.0,"turns":3.0},{"damage":3.0,"enemies":"Snecko","floor":31.0,"turns":4.0},{"damage":7.0,"enemies":"Champ","floor":33.0,"turns":8.0},{"damage":7.0,"enemies":"3 Shapes","floor":35.0,"turns":3.0},{"damage":27.0,"enemies":"3 Darklings","floor":36.0,"turns":4.0},{"damage":15.0,"enemies":"Jaw Worm Horde","floor":39.0,"turns":4.0},{"damage":20.0,"enemies":"Writhing Mass","floor":44.0,"turns":3.0},{"damage":6.0,"enemies":"Spire Growth","floor":45.0,"turns":3.0},{"damage":18.0,"enemies":"Maw","floor":47.0,"turns":4.0},{"damage":18.0,"enemies":"Jaw Worm Horde","floor":48.0,"turns":3.0},{"damage":20,"enemies":"Time Eater","floor":50,"turns":7}],"seed_played":"-605881921397353525","potions_obtained":[{"floor":8.0,"key":"LiquidBronze"},{"floor":14.0,"key":"EntropicBrew"},{"floor":16.0,"key":"Poison Potion"},{"floor":18.0,"key":"Swift Potion"},{"floor":31.0,"key":"AttackPotion"},{"floor":35.0,"key":"Swift Potion"},{"floor":36.0,"key":"SteroidPotion"},{"floor":39.0,"key":"LiquidBronze"},{"floor":44.0,"key":"PowerPotion"},{"floor":45.0,"key":"FearPotion"},{"floor":47.0,"key":"SteroidPotion"},{"floor":48.0,"key":"SteroidPotion"}],"is_trial":false,"path_per_floor":["M","$","?","?","T","M","?","M","T","R","M","R","E","M","R","B",null,"M","$","?","T","$","R","?","R","T","M","?","?","R","M","R","B",null,"M","M","?","$","M","R","T","R","T","M","M","R","M","M","R","B",null],"character_chosen":"DEFECT","items_purchased":["Peace Pipe","Hello World","OrangePellets","Anchor","Pen Nib","SkillPotion","Magnetism"],"campfire_rested":3,"item_purchase_floors":[19,38,38,38,38,38,38],"current_hp_per_floor":[72,72,77,77,77,76,74,69,69,69,52,52,36,35,35,35,74,74,74,74,74,74,74,74,74,74,74,74,74,74,71,71,64,74,67,40,40,40,25,25,25,47,47,27,21,43,25,7,29,9],"gold":509,"neow_bonus":"REMOVE_TWO","is_prod":false,"is_daily":false,"chose_seed":false,"campfire_upgraded":3,"win_rate":0,"timestamp":1559472910,"path_taken":["M","$","?","?","?","M","?","M","T","R","?","R","E","M","R","BOSS","M","$","?","?","?","R","?","R","T","?","?","?","R","M","R","BOSS","M","M","?","$","M","R","?","R","T","M","?","R","M","M","R","BOSS"],"build_version":"2019-01-23","purchased_purges":1,"victory":true,"max_hp_per_floor":[75,75,80,80,80,80,74,74,74,74,74,74,74,74,74,74,74,74,74,74,74,74,74,74,74,74,74,74,74,74,74,74,74,74,74,74,74,74,74,74,74,74,74,74,74,74,74,74,74,74],"card_choices":[{"not_picked":["Steam","Genetic Algorithm"],"picked":"Storm","floor":1.0},{"not_picked":["Cold Snap","Capacitor"],"picked":"Storm","floor":6.0},{"not_picked":["Compile Driver","Leap"],"picked":"Go for the Eyes","floor":8.0},{"not_picked":["Turbo","Undo","Sweeping Beam"],"picked":"SKIP","floor":11.0},{"not_picked":["Conserve Battery","Static Discharge"],"picked":"Defragment","floor":13.0},{"not_picked":["Blizzard","Leap"],"picked":"Tempest","floor":14.0},{"not_picked":["Thunder Strike","Hyperbeam"],"picked":"Biased Cognition","floor":16.0},{"not_picked":["Aggregate+1"],"picked":"SKIP","floor":18.0},{"not_picked":[],"picked":"Force Field","floor":27.0},{"not_picked":["Gash"],"picked":"SKIP","floor":31.0},{"not_picked":["Lockon+1"],"picked":"SKIP","floor":35.0},{"not_picked":["Redo+1"],"picked":"SKIP","floor":36.0},{"not_picked":["Steam"],"picked":"SKIP","floor":39.0},{"not_picked":[],"picked":"Ball Lightning+1","floor":44.0},{"not_picked":["FTL"],"picked":"SKIP","floor":45.0},{"not_picked":[],"picked":"Ball Lightning+1","floor":46.0},{"not_picked":["Turbo"],"picked":"SKIP","floor":47.0},{"not_picked":["Streamline+1"],"picked":"SKIP","floor":48.0},{"not_picked":[],"picked":"Cold Snap+1","floor":49.0}],"player_experience":1477105,"relics_obtained":[{"floor":5.0,"key":"Mummified Hand"},{"floor":9.0,"key":"Girya"},{"floor":13.0,"key":"Oddly Smooth Stone"},{"floor":21.0,"key":"Pocketwatch"},{"floor":41.0,"key":"Vajra"},{"floor":43.0,"key":"Dream Catcher"}],"event_choices":[{"damage_healed":0.0,"max_hp_gain":5.0,"max_hp_loss":0.0,"gold_gain":0.0,"event_name":"Big Fish","player_choice":"Donut","floor":3.0,"gold_loss":0.0,"damage_taken":0.0},{"damage_healed":0.0,"max_hp_gain":0.0,"max_hp_loss":0.0,"gold_gain":0.0,"event_name":"The Cleric","player_choice":"Leave","floor":4.0,"gold_loss":0.0,"damage_taken":0.0},{"damage_healed":0.0,"max_hp_gain":0.0,"max_hp_loss":6.0,"gold_gain":0.0,"event_name":"Golden Idol","player_choice":"Lose Max HP","floor":7.0,"gold_loss":0.0,"damage_taken":0.0,"relics_obtained":["Golden Idol"]},{"damage_healed":0.0,"max_hp_gain":0.0,"max_hp_loss":0.0,"gold_gain":0.0,"event_name":"Ghosts","player_choice":"Ignored","floor":20.0,"gold_loss":0.0,"damage_taken":0.0},{"damage_healed":0.0,"max_hp_gain":0.0,"max_hp_loss":0.0,"gold_gain":0.0,"event_name":"NoteForYourself","player_choice":"Ignored","floor":24.0,"gold_loss":0.0,"damage_taken":0.0},{"cards_removed":["Defend_B"],"damage_healed":0.0,"max_hp_gain":0.0,"max_hp_loss":0.0,"gold_gain":0.0,"event_name":"Back to Basics","player_choice":"Elegance","floor":28.0,"gold_loss":0.0,"damage_taken":0.0},{"damage_healed":0.0,"max_hp_gain":0.0,"max_hp_loss":0.0,"gold_gain":0.0,"event_name":"Wheel of Change","player_choice":"Cursed","floor":29.0,"gold_loss":0.0,"damage_taken":0.0,"cards_obtained":["Decay"]},{"damage_healed":0.0,"max_hp_gain":0.0,"max_hp_loss":0.0,"gold_gain":999.0,"event_name":"MindBloom","player_choice":"Gold","floor":37.0,"gold_loss":0.0,"damage_taken":0.0,"cards_obtained":["Normality","Normality"]}],"is_beta":false,"boss_relics":[{"not_picked":["Nuclear Battery","Astrolabe"],"picked":"Busted Crown"},{"not_picked":["Black Star","Lizard Tail"],"picked":"White Beast Statue"}],"items_purged_floors":[38],"is_endless":false,"potions_floor_spawned":[8,14,16,18,31,35,36,39,44,45,47,48],"ascension_level":0}