{"gold_per_floor":[118,41,41,316,332,332,346,346,371,371,382,396,411,443,443,547,547,564,582,243,243,271,284,284,299,375,375,405,415,435,470,470,573,573,584,584,31,131,145,145,180,180,180,180,192,212,212,212,212,212],"floor_reached":50,"playtime":1882,"items_purged":["Regret","Defend_B"],"score":664,"play_id":"b90d48cd-5537-4c16-9ebd-f567873cd293","local_time":"20190520074306","is_ascension_mode":false,"campfire_choices":[{"data":"Zap","floor":6,"key":"SMITH"},{"data":"Defragment","floor":8,"key":"SMITH"},{"data":"Streamline","floor":10,"key":"SMITH"},{"data":"Dualcast","floor":15,"key":"SMITH"},{"data":"Darkness","floor":24,"key":"SMITH"},{"data":"Darkness","floor":27,"key":"SMITH"},{"floor":32,"key":"REST"},{"data":"Amplify","floor":40,"key":"SMITH"},{"data":"Buffer","floor":42,"key":"SMITH"},{"data":"White Noise","floor":44,"key":"SMITH"},{"data":"Darkness","floor":49,"key":"SMITH"}],"neow_cost":"NONE","seed_source_timestamp":52557443769689,"circlet_count":0,"master_deck":["Strike_B","Defend_B","Defend_B","Defend_B","Zap+1","Dualcast+1","Streamline+1","Defragment+1","Reinforced Body","Go for the Eyes","White Noise","Conserve Battery","Darkness+1","Biased Cognition","Electrodynamics","Streamline+1","Recycle","Coolheaded","Conserve Battery","Cold Snap","Beam Cell","Good Instincts","Redo","Darkness+1","Coolheaded+1","Loop+1","Buffer+1","White Noise","White Noise+1","White Noise+1","Loop+1","Echo Form+1","Defragment+1","Amplify+1","Ball Lightning+1","Echo Form+1","Regret","Darkness+1","Ball Lightning+1","Doubt"],"relics":["Cracked Core","PreservedInsect","Ancient Tea Set","Oddly Smooth Stone","White Beast Statue","Red Mask","Frozen Egg 2","Orichalcum","Regal Pillow","Cursed Key","ClockworkSouvenir","Tiny Chest","Happy Flower","Pantograph"],"potions_floor_usage":[16,18,22,22,28,28,29,31,31,31,33,41,41,46,48,50,50],"damage_taken":[{"damage":1,"enemies":"2 Louse","floor":1,"turns":2},{"damage":8,"enemies":"Jaw Worm","floor":5,"turns":5},{"damage":2,"enemies":"Cultist","floor":7,"turns":3},{"damage":1,"enemies":"Large Slime","floor":11,"turns":3},{"damage":5,"enemies":"Looter","floor":12,"turns":3},{"damage":10,"enemies":"2 Fungi Beasts","floor":13,"turns":3},{"damage":2,"enemies":"Lagavulin","floor":14,"turns":4},{"damage":30,"enemies":"The Guardian","floor":16,"turns":7},{"damage":11,"enemies":"2 Thieves","floor":18,"turns":4},{"damage":12,"enemies":"Shell Parasite","floor":19,"turns":5},{"damage":7,"enemies":"Masked Bandits","floor":22,"turns":3},{"damage":6,"enemies":"Cultist and Chosen","floor":23,"turns":7},{"damage":3,"enemies":"Snake Plant","floor":25,"turns":4},{"damage":4,"enemies":"Book of Stabbing","floor":28,"turns":5},{"damage":18,"enemies":"3 Cultists","floor":29,"turns":6},{"damage":10,"enemies":"Centurion and Healer","floor":30,"turns":7},{"damage":0,"enemies":"Gremlin Leader","floor":31,"turns":4},{"damage":11,"enemies":"Champ","floor":33,"turns":9},{"damage":0,"enemies":"Orb Walker","floor":35,"turns":5},{"damage":4,"enemies":"3 Shapes","floor":39,"turns":3},{"damage":21,"enemies":"Nemesis","floor":41,"turns":6},{"damage":0,"enemies":"Transient","floor":45,"turns":5},{"damage":17,"enemies":"Maw","floor":46,"turns":6},{"damage":0,"enemies":"Writhing Mass","floor":48,"turns":1},{"damage":76,"enemies":"Time Eater","floor":50,"turns":8}],"seed_played":"-1938560828019376802","potions_obtained":[{"floor":1,"key":"LiquidBronze"},{"floor":12,"key":"SpeedPotion"},{"floor":16,"key":"SteroidPotion"},{"floor":18,"key":"Strength Potion"},{"floor":19,"key":"Dexterity Potion"},{"floor":22,"key":"Ancient Potion"},{"floor":23,"key":"Swift Potion"},{"floor":28,"key":"Regen Potion"},{"floor":29,"key":"Weak Potion"},{"floor":30,"key":"SteroidPotion"},{"floor":31,"key":"Block Potion"},{"floor":33,"key":"Regen Potion"},{"floor":35,"key":"Strength Potion"},{"floor":39,"key":"EssenceOfSteel"},{"floor":41,"key":"Poison Potion"},{"floor":45,"key":"SpeedPotion"},{"floor":46,"key":"SmokeBomb"}],"is_trial":false,"path_per_floor":["M","$","?","?","M","R","M","R","T","R","M","M","M","E","R","B",null,"M","M","$","?","?","M","R","M","T","R","E","M","M","E","R","B",null,"M","?","$","?","M","R","E","R","T","R","M","M","?","M","R","B"],"character_chosen":"DEFECT","items_purchased":["Defragment","Coolheaded","Conserve Battery","Cold Snap","Beam Cell","Good Instincts","ClockworkSouvenir","Tiny Chest","Amplify"],"campfire_rested":1,"item_purchase_floors":[2,20,20,20,20,20,37,37,37],"current_hp_per_floor":[74,74,67,67,59,59,57,57,57,57,56,51,41,39,39,9,75,64,52,52,52,45,39,39,36,36,36,32,29,19,19,56,45,75,75,71,71,71,67,67,56,56,56,56,56,39,71,71,71,0],"gold":212,"neow_bonus":"RANDOM_COMMON_RELIC","is_prod":false,"is_daily":false,"chose_seed":false,"campfire_upgraded":10,"win_rate":0,"timestamp":1558359786,"path_taken":["M","$","?","?","M","R","M","R","T","R","M","M","?","E","R","BOSS","M","M","$","?","?","M","R","M","T","R","E","M","M","E","R","BOSS","M","?","$","?","M","R","E","R","T","R","M","?","?","M","R","BOSS"],"build_version":"2019-01-23","purchased_purges":2,"victory":false,"max_hp_per_floor":[75,75,75,75,75,75,75,75,75,75,75,75,75,75,75,75,75,75,75,75,75,75,75,75,75,75,75,75,75,75,75,75,75,75,75,71,71,71,71,71,71,71,71,71,71,71,71,71,71,71],"card_choices":[{"not_picked":["Heatsinks","Genetic Algorithm"],"picked":"Streamline","floor":1},{"not_picked":["Sweeping Beam","Barrage"],"picked":"Reinforced Body","floor":5},{"not_picked":["Genetic Algorithm","Stack"],"picked":"Go for the Eyes","floor":7},{"not_picked":["Steam","Coolheaded"],"picked":"White Noise","floor":11},{"not_picked":["Stack","Leap"],"picked":"Conserve Battery","floor":12},{"not_picked":["Capacitor","Sweeping Beam"],"picked":"Darkness","floor":13},{"not_picked":["Beam Cell","Capacitor"],"picked":"Biased Cognition","floor":14},{"not_picked":["Fission","Echo Form"],"picked":"Electrodynamics","floor":16},{"not_picked":["Coolheaded","Rebound"],"picked":"Streamline+1","floor":18},{"not_picked":["Redo","Melter"],"picked":"Recycle","floor":19},{"not_picked":["Melter","Stack+1"],"picked":"Coolheaded+1","floor":22},{"not_picked":["Sunder","BootSequence"],"picked":"Loop+1","floor":23},{"not_picked":["Scrape","Fusion+1"],"picked":"Buffer","floor":25},{"not_picked":["Coolheaded","Steam"],"picked":"White Noise","floor":28},{"not_picked":["Skim","Sweeping Beam"],"picked":"White Noise","floor":29},{"not_picked":["Storm+1","Barrage"],"picked":"White Noise+1","floor":30},{"not_picked":["Compile Driver+1","Blizzard"],"picked":"Loop+1","floor":31},{"not_picked":["Amplify","All For One"],"picked":"Echo Form+1","floor":33},{"not_picked":["Redo","FTL"],"picked":"Defragment+1","floor":35},{"not_picked":["Coolheaded+1","Streamline+1"],"picked":"Ball Lightning+1","floor":39},{"not_picked":["Barrage+1","Heatsinks+1"],"picked":"Echo Form+1","floor":41},{"not_picked":["Chill+1","Barrage+1"],"picked":"Darkness","floor":45},{"not_picked":["Go for the Eyes","Chaos"],"picked":"Ball Lightning+1","floor":46}],"player_experience":1456224,"relics_obtained":[{"floor":9,"key":"Ancient Tea Set"},{"floor":14,"key":"Oddly Smooth Stone"},{"floor":22,"key":"Red Mask"},{"floor":26,"key":"Frozen Egg 2"},{"floor":28,"key":"Orichalcum"},{"floor":31,"key":"Regal Pillow"},{"floor":41,"key":"Happy Flower"},{"floor":43,"key":"Pantograph"}],"event_choices":[{"cards_removed":["Strike_B"],"damage_healed":0,"gold_gain":0,"player_choice":"Card Removal","damage_taken":7,"max_hp_gain":0,"max_hp_loss":0,"event_name":"Golden Wing","floor":3,"gold_loss":0},{"damage_healed":0,"gold_gain":275,"player_choice":"Desecrate","damage_taken":0,"max_hp_gain":0,"max_hp_loss":0,"event_name":"Golden Shrine","floor":4,"gold_loss":0,"cards_obtained":["Regret"]},{"damage_healed":0,"gold_gain":0,"cards_transformed":["Strike_B","Strike_B"],"player_choice":"Became Test Subject","damage_taken":0,"max_hp_gain":0,"max_hp_loss":0,"event_name":"Drug Dealer","floor":21,"gold_loss":0,"cards_obtained":["Redo","Darkness"]},{"damage_healed":0,"gold_gain":0,"player_choice":"Fought Bandits","damage_taken":0,"max_hp_gain":0,"max_hp_loss":0,"event_name":"Masked Bandits","floor":22,"gold_loss":0},{"damage_healed":0,"gold_gain":0,"player_choice":"Max HP","damage_taken":0,"max_hp_gain":0,"max_hp_loss":4,"event_name":"Winding Halls","floor":36,"gold_loss":0},{"damage_healed":0,"gold_gain":100,"player_choice":"Pray","damage_taken":0,"max_hp_gain":0,"max_hp_loss":0,"event_name":"Golden Shrine","floor":38,"gold_loss":0},{"damage_healed":32,"gold_gain":0,"player_choice":"Heal","damage_taken":0,"max_hp_gain":0,"max_hp_loss":0,"event_name":"MindBloom","floor":47,"gold_loss":0,"cards_obtained":["Doubt"]}],"is_beta":false,"boss_relics":[{"not_picked":["Lizard Tail","Runic Pyramid"],"picked":"White Beast Statue"},{"not_picked":["Calling Bell","Astrolabe"],"picked":"Cursed Key"}],"items_purged_floors":[20,37],"is_endless":false,"potions_floor_spawned":[1,12,16,18,19,22,23,25,28,29,30,31,33,35,39,41,45,46,48],"killed_by":"Time Eater","ascension_level":0}