{"gold_per_floor":[119,119,47,47,47,76,89,89,169,169,344,344,382,398,398,524,524,548,548,541,466,466],"floor_reached":22,"playtime":780,"items_purged":[],"score":301,"play_id":"f6e9fffe-1d90-4308-8b9e-c0c656ebd67f","local_time":"20190530044520","is_ascension_mode":true,"campfire_choices":[{"data":"Demon Form","floor":10.0,"key":"SMITH"},{"data":"Flame Barrier","floor":12.0,"key":"SMITH"},{"data":"Immolate","floor":15.0,"key":"SMITH"}],"neow_cost":"NONE","seed_source_timestamp":144863520843786,"circlet_count":0,"master_deck":["Strike_R","Strike_R+1","Defend_R","Defend_R","Defend_R","Defend_R","Bash","Shrug It Off","Evolve","Carnage+1","Demon Form+1","Pommel Strike","Bash","Flame Barrier+1","Disarm","Immolate+1","Feed","Sever Soul+1","Metallicize","Corruption","Metallicize","Ghostly Armor+1"],"special_seed":0,"relics":["Burning Blood","NeowsBlessing","Oddly Smooth Stone","Golden Idol","Bottled Tornado","Whetstone","Astrolabe"],"potions_floor_usage":[],"damage_taken":[{"damage":0.0,"enemies":"Jaw Worm","floor":1.0,"turns":1.0},{"damage":0.0,"enemies":"Lagavulin","floor":6.0,"turns":1.0},{"damage":0.0,"enemies":"Cultist","floor":7.0,"turns":1.0},{"damage":24.0,"enemies":"Gremlin Nob","floor":13.0,"turns":4.0},{"damage":0.0,"enemies":"2 Louse","floor":14.0,"turns":2.0},{"damage":38.0,"enemies":"Slime Boss","floor":16.0,"turns":4.0},{"damage":56.0,"enemies":"3 Byrds","floor":18.0,"turns":3.0},{"damage":16.0,"enemies":"2 Thieves","floor":20.0,"turns":4.0},{"damage":19,"enemies":"Snake Plant","floor":22,"turns":5}],"seed_played":"-1829115680683824536","potions_obtained":[{"floor":7.0,"key":"Weak Potion"},{"floor":13.0,"key":"Explosive Potion"},{"floor":18.0,"key":"Regen Potion"}],"is_trial":false,"path_per_floor":["M","?","$","?","$","E","M","?","T","R","?","R","E","M","R","B",null,"M","?","M","?","M"],"character_chosen":"IRONCLAD","items_purchased":["Carnage"],"campfire_rested":0,"item_purchase_floors":[3],"current_hp_per_floor":[78,78,78,78,78,80,80,60,60,60,60,60,42,48,48,16,64,14,14,18,18,0],"gold":466,"neow_bonus":"THREE_ENEMY_KILL","is_prod":false,"is_daily":false,"chose_seed":false,"campfire_upgraded":3,"win_rate":0,"timestamp":1559205920,"path_taken":["M","?","$","?","$","E","?","?","T","R","?","R","E","M","R","BOSS","M","?","M","?","M"],"build_version":"2019-01-23","purchased_purges":0,"victory":false,"max_hp_per_floor":[80,80,80,80,80,80,80,80,80,80,80,80,80,80,80,80,80,80,80,80,80,80],"card_choices":[{"not_picked":["Iron Wave","Dual Wield"],"picked":"Shrug It Off","floor":1.0},{"not_picked":["Sword Boomerang","Uppercut"],"picked":"Flame Barrier","floor":6.0},{"not_picked":["Blood for Blood","Thunderclap"],"picked":"Disarm","floor":7.0},{"not_picked":["Burning Pact","Iron Wave"],"picked":"Immolate","floor":13.0},{"not_picked":["Havoc","Twin Strike"],"picked":"Warcry","floor":14.0},{"not_picked":["Brutality","Demon Form"],"picked":"Feed","floor":16.0},{"not_picked":["Blood for Blood","Havoc"],"picked":"Metallicize","floor":18.0},{"not_picked":["Body Slam+1","Warcry"],"picked":"Ghostly Armor+1","floor":20.0}],"player_experience":298900,"relics_obtained":[{"floor":6.0,"key":"Oddly Smooth Stone"},{"floor":9.0,"key":"Bottled Tornado"},{"floor":13.0,"key":"Whetstone"}],"event_choices":[{"damage_healed":0.0,"max_hp_gain":0.0,"max_hp_loss":0.0,"gold_gain":0.0,"cards_transformed":["Strike_R"],"event_name":"Living Wall","player_choice":"Change","floor":2.0,"gold_loss":0.0,"damage_taken":0.0,"cards_obtained":["Evolve"]},{"damage_healed":0.0,"max_hp_gain":0.0,"max_hp_loss":0.0,"gold_gain":0.0,"event_name":"Match and Keep!","player_choice":"3 cards matched","floor":4.0,"gold_loss":0.0,"damage_taken":0.0,"cards_obtained":["Demon Form","Pommel Strike","Bash"]},{"damage_healed":0.0,"max_hp_gain":0.0,"max_hp_loss":0.0,"gold_gain":0.0,"event_name":"Golden Idol","player_choice":"Take Damage","floor":8.0,"gold_loss":0.0,"damage_taken":20.0,"relics_obtained":["Golden Idol"]},{"damage_healed":0.0,"max_hp_gain":0.0,"max_hp_loss":0.0,"gold_gain":175.0,"event_name":"Liars Game","player_choice":"AGREE","floor":11.0,"gold_loss":0.0,"damage_taken":0.0,"cards_obtained":["Doubt"]},{"damage_healed":0.0,"max_hp_gain":0.0,"max_hp_loss":0.0,"gold_gain":0.0,"cards_transformed":["Strike_R","Berserk"],"event_name":"Drug Dealer","player_choice":"Became Test Subject","floor":19.0,"gold_loss":0.0,"damage_taken":0.0,"cards_obtained":["Corruption","Metallicize"]},{"cards_removed":["Clumsy"],"damage_healed":0.0,"max_hp_gain":0.0,"max_hp_loss":0.0,"gold_gain":0.0,"event_name":"Beggar","player_choice":"Gave Gold","floor":21.0,"gold_loss":75.0,"damage_taken":0.0}],"is_beta":false,"boss_relics":[{"not_picked":["Snecko Eye","Calling Bell"],"picked":"Astrolabe"}],"items_purged_floors":[],"is_endless":false,"potions_floor_spawned":[7,13,18],"killed_by":"Snake Plant","ascension_level":8}