{"gold_per_floor":[112,126,51,226,238,270,270,305,305,305,55,55,66,81,81,81],"floor_reached":16,"playtime":1218,"items_purged":["Strike_R"],"score":121,"play_id":"efaad49c-b7bf-4c67-b5b3-65e376ad3c96","local_time":"20190331154429","is_ascension_mode":true,"campfire_choices":[{"floor":10,"key":"REST"},{"data":"Berserk","floor":12,"key":"SMITH"},{"floor":15,"key":"REST"}],"neow_cost":"NONE","seed_source_timestamp":12958382985237,"circlet_count":0,"master_deck":["Strike_R","Strike_R+1","Strike_R","Strike_R","Defend_R","Defend_R","Defend_R","Defend_R","Bash","Inflame","Inflame","Doubt","Twin Strike","Shrug It Off+1","Cleave","Berserk+1","Panacea","Heavy Blade","Demon Form"],"relics":["Burning Blood","NeowsBlessing","Blue Candle","Question Card","Bottled Flame"],"potions_floor_usage":[16,16],"damage_taken":[{"damage":0,"enemies":"2 Louse","floor":1,"turns":1},{"damage":0,"enemies":"Small Slimes","floor":2,"turns":1},{"damage":0,"enemies":"Jaw Worm","floor":5,"turns":1},{"damage":26,"enemies":"Lagavulin","floor":6,"turns":7},{"damage":40,"enemies":"3 Sentries","floor":8,"turns":9},{"damage":11,"enemies":"Gremlin Gang","floor":13,"turns":4},{"damage":12,"enemies":"Exordium Wildlife","floor":14,"turns":3},{"damage":47,"enemies":"The Guardian","floor":16,"turns":4}],"seed_played":"-7538036042995995416","potions_obtained":[{"floor":5,"key":"SkillPotion"},{"floor":13,"key":"EssenceOfSteel"}],"is_trial":false,"path_per_floor":["M","M","$","?","M","E","?","E","T","R","$","R","M","M","R","B"],"character_chosen":"IRONCLAD","items_purchased":["Berserk","Panacea"],"campfire_rested":2,"item_purchase_floors":[11,11],"current_hp_per_floor":[80,80,80,80,80,60,44,10,10,34,34,34,29,23,47,0],"gold":81,"neow_bonus":"THREE_ENEMY_KILL","is_prod":false,"is_daily":false,"chose_seed":false,"campfire_upgraded":1,"win_rate":0,"timestamp":1554061469,"path_taken":["M","M","$","?","M","E","?","E","T","R","$","R","M","M","R","BOSS"],"build_version":"2019-01-23","purchased_purges":1,"victory":false,"max_hp_per_floor":[80,80,80,80,80,80,80,80,80,80,80,80,80,80,80,80],"card_choices":[{"not_picked":["Shrug It Off","Iron Wave"],"picked":"Inflame","floor":1},{"not_picked":["Wild Strike","Flex"],"picked":"Inflame","floor":2},{"not_picked":["Clothesline","Intimidate"],"picked":"Twin Strike","floor":5},{"not_picked":["Pommel Strike","Second Wind"],"picked":"Shrug It Off","floor":6},{"not_picked":["Uppercut","Whirlwind"],"picked":"Cleave","floor":8},{"not_picked":["Perfected Strike","Armaments","Shrug It Off"],"picked":"Heavy Blade","floor":13},{"not_picked":["Combust","Heavy Blade","Clash"],"picked":"Demon Form","floor":14}],"player_experience":150869,"relics_obtained":[{"floor":6,"key":"Blue Candle"},{"floor":8,"key":"Question Card"},{"floor":9,"key":"Bottled Flame"}],"event_choices":[{"damage_healed":0,"gold_gain":175,"player_choice":"AGREE","damage_taken":0,"max_hp_gain":0,"max_hp_loss":0,"event_name":"Liars Game","floor":4,"gold_loss":0,"cards_obtained":["Doubt"]},{"damage_healed":0,"gold_gain":0,"player_choice":"Entered Light","damage_taken":16,"max_hp_gain":0,"max_hp_loss":0,"event_name":"Shining Light","floor":7,"gold_loss":0,"cards_upgraded":["Shrug It Off","Strike_R"]}],"is_beta":false,"boss_relics":[],"items_purged_floors":[3],"is_endless":false,"potions_floor_spawned":[5,13],"killed_by":"The Guardian","ascension_level":2}