{"gold_per_floor":[110,120,140,140,151,151,176,176,176,196,216,216,245,245,245,346,346,364,364,136,146,159,159,187,187,233,251,271,371,389,415,415,510,510,530,550,550,562,579,579,596,596,623,623,640,640,650,28,28,28],"floor_reached":51,"playtime":1692,"items_purged":["Strike_B","Strike_B"],"score":783,"play_id":"dc1e2c28-921e-4298-b406-f4eeb37bbdcf","local_time":"20190501092033","is_ascension_mode":false,"campfire_choices":[{"data":"Zap","floor":6.0,"key":"SMITH"},{"data":"Hologram","floor":8.0,"key":"SMITH"},{"data":"Dualcast","floor":12.0,"key":"SMITH"},{"data":"Tempest","floor":15,"key":"SMITH"},{"data":"Multi-Cast","floor":23,"key":"SMITH"},{"data":"Hologram","floor":25,"key":"SMITH"},{"data":"Tempest","floor":32,"key":"SMITH"},{"data":"Fission","floor":40,"key":"SMITH"},{"data":"White Noise","floor":42,"key":"SMITH"},{"data":"Coolheaded","floor":44,"key":"SMITH"},{"data":"Loop","floor":49,"key":"SMITH"}],"neow_cost":"NONE","seed_source_timestamp":8520697369946,"circlet_count":0,"master_deck":["Strike_B+1","Strike_B","Defend_B","Defend_B","Defend_B","Defend_B+1","Zap+1","Dualcast+1","Hologram+1","Cold Snap","Sunder+1","Tempest+1","White Noise+1","Compile Driver","Cold Snap+1","Machine Learning","Ball Lightning","Chaos","Multi-Cast+1","Ball Lightning","Hologram+1","Steam","Meteor Strike","Tempest+1","Redo+1","Turbo","Coolheaded+1","Steam","Aggregate+1","Defragment+1","Turbo","Turbo","Chaos+1","Self Repair+1","Steam+1","Ball Lightning","Steam Power","Reboot","Fission+1","Coolheaded","Cold Snap+1","White Noise+1","Hologram+1","White Noise","Capacitor+1","Compile Driver","Coolheaded","Cold Snap","Redo","Blind","Loop+1","Streamline","Mayhem"],"special_seed":0,"relics":["Eternal Feather","Turnip","Prayer Wheel","Coffee Dripper","Nloth\u0027s Gift","Happy Flower","Ancient Tea Set","Whetstone","Ice Cream","Pear","Blood Vial","Philosopher\u0027s Stone","Centennial Puzzle"],"potions_floor_usage":[16,22,24,29,33,50,50,50],"damage_taken":[{"damage":5.0,"enemies":"Jaw Worm","floor":1.0,"turns":5.0},{"damage":4.0,"enemies":"2 Louse","floor":2.0,"turns":4.0},{"damage":0.0,"enemies":"Cultist","floor":3.0,"turns":5.0},{"damage":1.0,"enemies":"Lots of Slimes","floor":5.0,"turns":5.0},{"damage":20.0,"enemies":"Gremlin Nob","floor":7.0,"turns":4.0},{"damage":1.0,"enemies":"Exordium Wildlife","floor":10.0,"turns":5.0},{"damage":0.0,"enemies":"Large Slime","floor":11.0,"turns":4.0},{"damage":7.0,"enemies":"3 Sentries","floor":13.0,"turns":3.0},{"damage":12,"enemies":"Slime Boss","floor":16,"turns":8},{"damage":2,"enemies":"Spheric Guardian","floor":18,"turns":3},{"damage":3,"enemies":"Chosen","floor":21,"turns":3},{"damage":7,"enemies":"Snecko","floor":22,"turns":3},{"damage":43,"enemies":"Slavers","floor":24,"turns":3},{"damage":0,"enemies":"Chosen and Byrds","floor":27,"turns":3},{"damage":0,"enemies":"Cultist and Chosen","floor":28,"turns":4},{"damage":21,"enemies":"Colosseum Slavers","floor":29,"turns":3},{"damage":19,"enemies":"Colosseum Nobs","floor":29,"turns":3},{"damage":0,"enemies":"Sentry and Sphere","floor":30,"turns":3},{"damage":11,"enemies":"Champ","floor":33,"turns":7},{"damage":0,"enemies":"3 Shapes","floor":35,"turns":2},{"damage":5,"enemies":"Orb Walker","floor":36,"turns":2},{"damage":21,"enemies":"Writhing Mass","floor":38,"turns":4},{"damage":13,"enemies":"Sphere and 2 Shapes","floor":39,"turns":3},{"damage":0,"enemies":"4 Shapes","floor":41,"turns":5},{"damage":0,"enemies":"Writhing Mass","floor":45,"turns":4},{"damage":4,"enemies":"Maw","floor":47,"turns":4},{"damage":57,"enemies":"Time Eater","floor":50,"turns":7}],"seed_played":"-597956631874559112","potions_obtained":[{"floor":5.0,"key":"GamblersBrew"},{"floor":10.0,"key":"AttackPotion"},{"floor":13.0,"key":"Energy Potion"},{"floor":16,"key":"Poison Potion"},{"floor":18,"key":"Energy Potion"},{"floor":21,"key":"FocusPotion"},{"floor":27,"key":"SteroidPotion"},{"floor":30,"key":"Poison Potion"},{"floor":36,"key":"Ancient Potion"},{"floor":45,"key":"LiquidBronze"}],"is_trial":false,"path_per_floor":["M","M","M","?","M","R","E","R","T","M","M","R","E","?","R","B",null,"M","?","$","M","M","R","E","R","T","M","M","?","M","T","R","B",null,"M","M","?","M","M","R","M","R","T","R","M","?","M","$","R","B",null],"character_chosen":"DEFECT","items_purchased":["Happy Flower","Coolheaded","Cold Snap","Redo","Blind","Loop","Streamline","Mayhem"],"campfire_rested":0,"item_purchase_floors":[20,48,48,48,48,48,48,48],"current_hp_per_floor":[70,66,66,51,50,56,36,45,45,44,44,53,46,46,58,46,75,73,73,73,70,63,75,32,47,47,47,47,17,17,17,35,26,85,85,80,80,71,60,84,85,85,85,85,85,95,91,91,95,38],"gold":28,"neow_bonus":"BOSS_RELIC","is_prod":false,"is_daily":false,"chose_seed":false,"campfire_upgraded":11,"win_rate":0,"timestamp":1556724033,"path_taken":["M","M","M","?","M","R","E","R","T","M","M","R","E","?","R","BOSS","M","?","$","M","?","R","E","R","T","M","M","?","M","?","R","BOSS","M","M","?","M","M","R","M","R","T","R","M","?","?","$","R","BOSS"],"build_version":"2019-01-23","purchased_purges":2,"victory":true,"max_hp_per_floor":[75,75,75,75,75,75,75,75,75,75,75,75,75,75,75,75,75,75,75,75,75,75,75,75,75,75,75,75,85,85,85,85,85,85,85,85,85,85,85,85,85,85,85,85,85,95,95,95,95,95],"card_choices":[{"not_picked":["Compile Driver","Barrage"],"picked":"Hologram","floor":1.0},{"not_picked":["Streamline","Loop"],"picked":"Cold Snap","floor":2.0},{"not_picked":["Scrape","Undo"],"picked":"Sunder","floor":3.0},{"not_picked":["Consume","Turbo"],"picked":"Tempest","floor":5.0},{"not_picked":["Cold Snap","FTL"],"picked":"White Noise","floor":7.0},{"not_picked":["Rip and Tear","Darkness"],"picked":"Compile Driver","floor":10.0},{"not_picked":["Auto Shields","Force Field"],"picked":"Cold Snap","floor":10.0},{"not_picked":["Compile Driver","Auto Shields"],"picked":"Machine Learning","floor":11.0},{"not_picked":["Steam","Sunder"],"picked":"Ball Lightning","floor":11.0},{"not_picked":["Hyperbeam","Steam"],"picked":"Chaos","floor":13.0},{"not_picked":["Reboot","Echo Form"],"picked":"Multi-Cast","floor":16},{"not_picked":["Redo","Conserve Battery+1"],"picked":"Ball Lightning","floor":18},{"not_picked":["Chaos","Redo"],"picked":"Hologram","floor":18},{"not_picked":["BootSequence+1","Turbo"],"picked":"Steam","floor":21},{"not_picked":["Gash","Beam Cell"],"picked":"Meteor Strike","floor":21},{"not_picked":["Recycle","Redo"],"picked":"Tempest","floor":22},{"not_picked":["Gash","Rebound+1"],"picked":"Redo+1","floor":22},{"not_picked":["Redo","Darkness"],"picked":"Turbo","floor":24},{"not_picked":["Compile Driver","Rebound"],"picked":"Coolheaded","floor":27},{"not_picked":["Leap","Force Field+1"],"picked":"Steam","floor":27},{"not_picked":["Compile Driver","Gash"],"picked":"Aggregate+1","floor":28},{"not_picked":["Streamline","Storm"],"picked":"Defragment+1","floor":28},{"not_picked":["Stack","Creative AI"],"picked":"Turbo","floor":30},{"not_picked":["Hologram","Stack"],"picked":"Turbo","floor":30},{"not_picked":["Hyperbeam","Biased Cognition"],"picked":"Rainbow","floor":33},{"not_picked":["Go for the Eyes","Conserve Battery+1"],"picked":"Chaos+1","floor":35},{"not_picked":["Rebound","Biased Cognition"],"picked":"Self Repair+1","floor":35},{"not_picked":["Chaos","Beam Cell+1"],"picked":"Steam+1","floor":36},{"not_picked":["Beam Cell+1","Self Repair+1"],"picked":"Ball Lightning","floor":36},{"not_picked":["Stack+1","Chaos"],"picked":"Steam Power","floor":38},{"not_picked":["Core Surge","Cold Snap+1"],"picked":"Reboot","floor":38},{"not_picked":["Ball Lightning","Streamline"],"picked":"Fission","floor":39},{"not_picked":["Doom and Gloom+1","Cold Snap+1"],"picked":"Coolheaded","floor":39},{"not_picked":["Doom and Gloom","Sweeping Beam"],"picked":"Cold Snap+1","floor":41},{"not_picked":["Force Field+1","Coolheaded"],"picked":"White Noise+1","floor":41},{"not_picked":["Leap+1","Redo"],"picked":"Hologram+1","floor":45},{"not_picked":["Stack+1","Gash+1"],"picked":"White Noise","floor":45},{"not_picked":["Barrage","Sweeping Beam+1"],"picked":"Capacitor+1","floor":47},{"not_picked":["Conserve Battery","Coolheaded"],"picked":"Compile Driver","floor":47}],"player_experience":1348453,"relics_obtained":[{"floor":7.0,"key":"Turnip"},{"floor":9.0,"key":"Prayer Wheel"},{"floor":13.0,"key":"Darkstone Periapt"},{"floor":24,"key":"Ancient Tea Set"},{"floor":26,"key":"Whetstone"},{"floor":29,"key":"Ice Cream"},{"floor":29,"key":"Pear"},{"floor":31,"key":"Blood Vial"},{"floor":43,"key":"Centennial Puzzle"}],"event_choices":[{"damage_healed":0.0,"max_hp_gain":0.0,"max_hp_loss":0.0,"gold_gain":0.0,"event_name":"Shining Light","player_choice":"Entered Light","floor":4.0,"gold_loss":0.0,"damage_taken":15.0,"cards_upgraded":["Sunder","Defend_B"]},{"damage_healed":0,"gold_gain":0,"player_choice":"Bought 0 Potions","damage_taken":0,"max_hp_gain":0,"max_hp_loss":0,"event_name":"The Woman in Blue","floor":14,"gold_loss":0},{"damage_healed":0,"gold_gain":0,"player_choice":"Traded Relic","damage_taken":0,"relics_obtained":["Nloth\u0027s Gift"],"max_hp_gain":0,"max_hp_loss":0,"event_name":"N\u0027loth","floor":19,"relics_lost":["Darkstone Periapt"],"gold_loss":0},{"damage_healed":0,"gold_gain":0,"player_choice":"Fight","damage_taken":0,"max_hp_gain":0,"max_hp_loss":0,"event_name":"Colosseum","floor":29,"gold_loss":0},{"damage_healed":0,"gold_gain":0,"player_choice":"Fought Nobs","damage_taken":0,"max_hp_gain":0,"max_hp_loss":0,"event_name":"Colosseum","floor":29,"gold_loss":0},{"damage_healed":0,"gold_gain":0,"player_choice":"Ignored","damage_taken":0,"max_hp_gain":0,"max_hp_loss":0,"event_name":"Tomb of Lord Red Mask","floor":37,"gold_loss":0},{"cards_removed":["Rainbow"],"damage_healed":0,"gold_gain":0,"player_choice":"Offered Rare","damage_taken":0,"max_hp_gain":10,"max_hp_loss":0,"event_name":"Bonfire Elementals","floor":46,"gold_loss":0}],"is_beta":false,"boss_relics":[{"not_picked":["Orrery","Calling Bell"],"picked":"Coffee Dripper"},{"not_picked":["Astrolabe","Runic Dome"],"picked":"Philosopher\u0027s Stone"}],"items_purged_floors":[20,48],"is_endless":false,"potions_floor_spawned":[5,10,13,16,18,21,27,29,30,36,45,47],"ascension_level":0}