{"gold_per_floor":[17,35,35,35,110,140,29,41,41,41,17,34,53,63,63,168,168,188,188,20,37,48,48,61,61,61,95,95,95],"floor_reached":29,"playtime":2802,"items_purged":["Regret","Terror"],"score":257,"play_id":"6e785d70-bf95-45b0-8cfa-d4ecc3143e16","local_time":"20190504035515","is_ascension_mode":true,"campfire_choices":[{"floor":10.0,"key":"REST"},{"data":"Catalyst","floor":15.0,"key":"SMITH"},{"data":"Footwork","floor":23.0,"key":"SMITH"}],"neow_cost":"NO_GOLD","seed_source_timestamp":44712988425893,"circlet_count":0,"master_deck":["Defend_G","Defend_G","Defend_G","Defend_G","Defend_G","Strike_G+1","Strike_G","Strike_G","Survivor+1","Caltrops","Deflect","Catalyst+1","Acrobatics","Footwork+1","PiercingWail","Deadly Poison","Bouncing Flask","Deadly Poison","After Image","Backflip+1","Noxious Fumes","Acrobatics","Deflect"],"special_seed":0,"relics":["Ring of the Snake","FossilizedHelix","Calipers","Tingsha","White Beast Statue","Bottled Tornado","Boot"],"potions_floor_usage":[29],"damage_taken":[{"damage":2.0,"enemies":"Small Slimes","floor":1.0,"turns":5.0},{"damage":1.0,"enemies":"Jaw Worm","floor":2.0,"turns":5.0},{"damage":29.0,"enemies":"Gremlin Nob","floor":6.0,"turns":5.0},{"damage":0.0,"enemies":"Cultist","floor":8.0,"turns":3.0},{"damage":0.0,"enemies":"Red Slaver","floor":12.0,"turns":6.0},{"damage":0.0,"enemies":"2 Fungi Beasts","floor":13.0,"turns":6.0},{"damage":0.0,"enemies":"Exordium Wildlife","floor":14.0,"turns":2.0},{"damage":16.0,"enemies":"Slime Boss","floor":16.0,"turns":14.0},{"damage":15.0,"enemies":"Shell Parasite","floor":18.0,"turns":4.0},{"damage":5.0,"enemies":"Chosen","floor":21.0,"turns":3.0},{"damage":0.0,"enemies":"Snake Plant","floor":22.0,"turns":3.0},{"damage":18.0,"enemies":"Chosen and Byrds","floor":24.0,"turns":5.0},{"damage":49.0,"enemies":"Slavers","floor":27.0,"turns":7.0},{"damage":29,"enemies":"Gremlin Leader","floor":29,"turns":6}],"seed_played":"-799968875658802031","potions_obtained":[{"floor":1.0,"key":"Fire Potion"},{"floor":2.0,"key":"SpeedPotion"},{"floor":12.0,"key":"Dexterity Potion"},{"floor":16.0,"key":"Poison Potion"},{"floor":18.0,"key":"Block Potion"},{"floor":21.0,"key":"SkillPotion"},{"floor":24.0,"key":"Regen Potion"},{"floor":27.0,"key":"Ancient Potion"}],"is_trial":false,"path_per_floor":["M","M","?","?","?","E","$","M","T","R","$","M","M","M","R","B",null,"M","?","$","M","M","R","M","$","T","E","?","E"],"character_chosen":"THE_SILENT","items_purchased":["Footwork","Deadly Poison","Noxious Fumes"],"campfire_rested":1,"item_purchase_floors":[7,11,20],"current_hp_per_floor":[68,67,53,53,42,13,13,13,13,34,34,34,34,34,34,18,70,55,80,80,75,75,75,57,57,57,23,23,0],"gold":95,"neow_bonus":"TRANSFORM_TWO_CARDS","is_prod":false,"is_daily":false,"chose_seed":false,"campfire_upgraded":2,"win_rate":0,"timestamp":1556956515,"path_taken":["M","M","?","?","?","E","?","M","T","R","$","M","?","M","R","BOSS","M","?","$","?","M","R","M","?","T","E","?","E"],"build_version":"2019-01-23","purchased_purges":2,"victory":false,"max_hp_per_floor":[70,70,70,70,70,70,70,70,70,70,70,70,70,70,70,70,70,70,80,80,80,80,80,80,80,80,80,80,80],"card_choices":[{"not_picked":["Prepared","Bane"],"picked":"Deflect","floor":1.0},{"not_picked":["Dagger Throw","Underhanded Strike"],"picked":"Catalyst","floor":2.0},{"not_picked":["Prepared","Underhanded Strike"],"picked":"Acrobatics","floor":6.0},{"not_picked":["Blade Dance","Heel Hook"],"picked":"PiercingWail","floor":8.0},{"not_picked":["Underhanded Strike","Flying Knee"],"picked":"Bouncing Flask","floor":12.0},{"not_picked":["Cloak And Dagger","Blade Dance"],"picked":"Deadly Poison","floor":13.0},{"not_picked":["Flying Knee","Choke"],"picked":"After Image","floor":14.0},{"not_picked":["Unload","Phantasmal Killer"],"picked":"Doppelganger","floor":16.0},{"not_picked":["Choke","Dagger Throw"],"picked":"Backflip+1","floor":18.0},{"not_picked":["Bane","Dodge and Roll","Dagger Throw"],"picked":"SKIP","floor":21.0},{"not_picked":["Underhanded Strike","Masterful Stab"],"picked":"Acrobatics","floor":22.0},{"not_picked":["Setup","Predator","Slice"],"picked":"SKIP","floor":24.0},{"not_picked":["Predator","Bane"],"picked":"Deflect","floor":27.0}],"player_experience":207135,"relics_obtained":[{"floor":6.0,"key":"Calipers"},{"floor":9.0,"key":"Tingsha"},{"floor":26.0,"key":"Bottled Tornado"},{"floor":27.0,"key":"Boot"}],"event_choices":[{"damage_healed":0.0,"max_hp_gain":0.0,"max_hp_loss":0.0,"gold_gain":0.0,"event_name":"Shining Light","player_choice":"Entered Light","floor":3.0,"gold_loss":0.0,"damage_taken":14.0,"cards_upgraded":["Survivor","Strike_G"]},{"damage_healed":0.0,"max_hp_gain":0.0,"max_hp_loss":0.0,"gold_gain":0.0,"event_name":"Big Fish","player_choice":"Box","floor":4.0,"gold_loss":0.0,"damage_taken":0.0,"relics_obtained":["FossilizedHelix"],"cards_obtained":["Regret"]},{"damage_healed":0.0,"max_hp_gain":0.0,"max_hp_loss":0.0,"gold_gain":75.0,"event_name":"World of Goop","player_choice":"Gather Gold","floor":5.0,"gold_loss":0.0,"damage_taken":11.0},{"cards_removed":["Doppelganger"],"damage_healed":15.0,"max_hp_gain":10.0,"max_hp_loss":0.0,"gold_gain":0.0,"event_name":"Bonfire Elementals","player_choice":"Offered Rare","floor":19.0,"gold_loss":0.0,"damage_taken":0.0},{"cards_removed":["Strike_G"],"damage_healed":0.0,"max_hp_gain":0.0,"max_hp_loss":0.0,"gold_gain":0.0,"event_name":"Back to Basics","player_choice":"Elegance","floor":28.0,"gold_loss":0.0,"damage_taken":0.0}],"is_beta":false,"boss_relics":[{"not_picked":["Sozu","Busted Crown"],"picked":"White Beast Statue"}],"items_purged_floors":[7,20],"is_endless":false,"potions_floor_spawned":[1,2,12,16,18,21,22,24,27],"killed_by":"Gremlin Leader","ascension_level":1}