{"gold_per_floor":[113,125,125,145,2,37,37,68,68,84,112,112,287,287,287,386,386,401,416,12,26,39,69,69,69,69,69,4,35,35,68,68,68],"floor_reached":33,"playtime":2342,"items_purged":["Pain"],"score":448,"play_id":"45ed3c56-f736-4c20-8356-044a5515527b","local_time":"20190601201803","is_ascension_mode":true,"campfire_choices":[{"data":"Combust","floor":7.0,"key":"SMITH"},{"data":"Spot Weakness","floor":12.0,"key":"SMITH"},{"data":"Bash","floor":15.0,"key":"SMITH"},{"data":"J.A.X.","floor":27.0,"key":"SMITH"},{"floor":30.0,"key":"REST"},{"data":"Limit Break","floor":32.0,"key":"SMITH"}],"neow_cost":"NONE","seed_source_timestamp":371944235042113,"circlet_count":0,"master_deck":["Bash+1","Havoc","Pommel Strike","Combust+1","Metallicize","Power Through","Headbutt","Spot Weakness+1","Dual Wield","Immolate","Dual Wield","Dual Wield","Bloodletting","Reckless Charge","Disarm","Dropkick","Iron Wave","Cleave","Wild Strike","Battle Trance","Heavy Blade","Corruption","Double Tap","Headbutt+1","Shrug It Off","J.A.X.+1","Seeing Red","Sentinel","Limit Break+1"],"special_seed":0,"relics":["Burning Blood","NeowsBlessing","WarpedTongs","Gremlin Horn","Art of War","The Courier","Boot","Spirit Poop","Pandora\u0027s Box","Strange Spoon","Anchor","Omamori","Torii","Meat on the Bone","Frozen Egg 2","Thread and Needle"],"potions_floor_usage":[33],"damage_taken":[{"damage":0.0,"enemies":"Jaw Worm","floor":1.0,"turns":1.0},{"damage":0.0,"enemies":"Cultist","floor":2.0,"turns":1.0},{"damage":0.0,"enemies":"Small Slimes","floor":4.0,"turns":1.0},{"damage":34.0,"enemies":"3 Sentries","floor":6.0,"turns":6.0},{"damage":23.0,"enemies":"Lagavulin","floor":8.0,"turns":8.0},{"damage":2.0,"enemies":"Exordium Wildlife","floor":10.0,"turns":3.0},{"damage":15.0,"enemies":"3 Sentries","floor":11.0,"turns":5.0},{"damage":25.0,"enemies":"Hexaghost","floor":16.0,"turns":8.0},{"damage":5.0,"enemies":"3 Byrds","floor":18.0,"turns":4.0},{"damage":25.0,"enemies":"Spheric Guardian","floor":19.0,"turns":5.0},{"damage":1.0,"enemies":"Centurion and Healer","floor":21.0,"turns":5.0},{"damage":16.0,"enemies":"Snecko","floor":22.0,"turns":4.0},{"damage":5.0,"enemies":"Gremlin Leader","floor":23.0,"turns":4.0},{"damage":21.0,"enemies":"Slavers","floor":29.0,"turns":4.0},{"damage":52.0,"enemies":"Book of Stabbing","floor":31.0,"turns":9.0},{"damage":34,"enemies":"Automaton","floor":33,"turns":4}],"seed_played":"-7387319121627720397","potions_obtained":[{"floor":1.0,"key":"Poison Potion"},{"floor":10.0,"key":"AttackPotion"},{"floor":11.0,"key":"Swift Potion"},{"floor":19.0,"key":"Fire Potion"},{"floor":31.0,"key":"SneckoOil"}],"is_trial":false,"path_per_floor":["M","M","?","M","$","E","R","E","T","M","E","R","?","?","R","B",null,"M","M","$","M","M","E","?","?","T","R","$","E","R","E","R","B"],"character_chosen":"IRONCLAD","items_purchased":["Metallicize","Strange Spoon","Corruption","Anchor","Double Tap","Seeing Red"],"campfire_rested":1,"item_purchase_floors":[5,20,20,20,20,28],"current_hp_per_floor":[78,80,80,80,80,52,52,35,35,39,30,30,30,30,30,11,63,64,45,45,50,40,41,41,41,41,41,41,38,62,28,28,0],"gold":68,"neow_bonus":"THREE_ENEMY_KILL","is_prod":false,"is_daily":false,"chose_seed":false,"campfire_upgraded":5,"win_rate":0,"timestamp":1559434683,"path_taken":["M","M","?","M","$","E","R","E","T","?","E","R","?","?","R","BOSS","M","M","$","M","?","E","?","?","T","R","$","E","R","E","R","BOSS"],"build_version":"2019-01-23","purchased_purges":1,"victory":false,"max_hp_per_floor":[80,80,80,80,80,80,80,80,80,80,80,80,80,80,80,80,80,80,80,80,80,80,80,80,80,80,80,80,80,80,80,80,80],"card_choices":[{"not_picked":["Ghostly Armor","True Grit"],"picked":"Havoc","floor":1.0},{"not_picked":["Armaments","Havoc"],"picked":"Pommel Strike","floor":2.0},{"not_picked":["Wild Strike","Cleave"],"picked":"Combust","floor":4.0},{"not_picked":["Thunderclap","Flex"],"picked":"Power Through","floor":6.0},{"not_picked":["Armaments","True Grit"],"picked":"Headbutt","floor":8.0},{"not_picked":["Thunderclap","Impervious"],"picked":"Spot Weakness","floor":10.0},{"not_picked":["Havoc","Armaments"],"picked":"Dual Wield","floor":11.0},{"not_picked":["Dark Embrace","Feed"],"picked":"Immolate","floor":16.0},{"not_picked":["Armaments","Perfected Strike"],"picked":"Battle Trance","floor":18.0},{"not_picked":["Havoc","Fire Breathing"],"picked":"Heavy Blade","floor":19.0},{"not_picked":["Second Wind","Dropkick","Clothesline"],"picked":"SKIP","floor":21.0},{"not_picked":["Thunderclap","Sword Boomerang"],"picked":"Headbutt+1","floor":22.0},{"not_picked":["Clothesline+1","Perfected Strike"],"picked":"Shrug It Off","floor":23.0},{"not_picked":["Bloodletting","Iron Wave"],"picked":"Sentinel","floor":29.0},{"not_picked":["Sentinel","Flex+1"],"picked":"Limit Break","floor":31.0}],"player_experience":300308,"relics_obtained":[{"floor":6.0,"key":"Gremlin Horn"},{"floor":8.0,"key":"Art of War"},{"floor":9.0,"key":"The Courier"},{"floor":11.0,"key":"Boot"},{"floor":23.0,"key":"Omamori"},{"floor":26.0,"key":"Meat on the Bone"},{"floor":29.0,"key":"Frozen Egg 2"},{"floor":31.0,"key":"Thread and Needle"}],"event_choices":[{"damage_healed":0.0,"max_hp_gain":0.0,"max_hp_loss":0.0,"gold_gain":0.0,"event_name":"Accursed Blacksmith","player_choice":"Rummage","floor":3.0,"gold_loss":0.0,"damage_taken":0.0,"relics_obtained":["WarpedTongs"],"cards_obtained":["Pain"]},{"damage_healed":0.0,"max_hp_gain":0.0,"max_hp_loss":0.0,"gold_gain":175.0,"event_name":"Liars Game","player_choice":"AGREE","floor":13.0,"gold_loss":0.0,"damage_taken":0.0,"cards_obtained":["Doubt"]},{"cards_removed":["Doubt"],"damage_healed":0.0,"max_hp_gain":0.0,"max_hp_loss":0.0,"gold_gain":0.0,"event_name":"Bonfire Elementals","player_choice":"Offered Curse","floor":14.0,"gold_loss":0.0,"damage_taken":0.0,"relics_obtained":["Spirit Poop"]},{"damage_healed":0.0,"max_hp_gain":0.0,"max_hp_loss":0.0,"gold_gain":0.0,"event_name":"Drug Dealer","player_choice":"Obtain J.A.X.","floor":24.0,"gold_loss":0.0,"damage_taken":0.0,"cards_obtained":["J.A.X."]},{"damage_healed":0.0,"max_hp_gain":0.0,"max_hp_loss":0.0,"gold_gain":0.0,"event_name":"The Mausoleum","player_choice":"Opened","floor":25.0,"gold_loss":0.0,"damage_taken":0.0,"relics_obtained":["Torii"],"cards_obtained":["Writhe"]}],"is_beta":false,"boss_relics":[{"not_picked":["Ectoplasm","Cursed Key"],"picked":"Pandora\u0027s Box"}],"items_purged_floors":[5],"is_endless":false,"potions_floor_spawned":[1,10,11,19,31],"killed_by":"Automaton","ascension_level":8}