{"gold_per_floor":[119,138,152,168,185,185,219,219,219,238,238,2,2,2,2,104,154,173,190,8,23,42,71,71,81,107,107,118,8,8,20,20,20],"floor_reached":33,"playtime":2582,"items_purged":[],"score":321,"play_id":"d5cbcde1-278d-42b3-8011-bd6e55dbcded","local_time":"20181117042542","is_ascension_mode":false,"campfire_choices":[{"data":"Zap","floor":6,"key":"SMITH"},{"data":"Biased Cognition","floor":8,"key":"SMITH"},{"floor":15,"key":"REST"},{"floor":24,"key":"REST"},{"floor":27,"key":"REST"},{"floor":32,"key":"REST"}],"neow_cost":"NONE","seed_source_timestamp":39757801255516,"circlet_count":0,"master_deck":["Strike_B","Strike_B","Strike_B","Strike_B","Defend_B","Defend_B","Defend_B","Defend_B","Zap+1","Dualcast","Coolheaded","Ball Lightning","Hologram","Conserve Battery+1","Leap","Barrage","Biased Cognition+1","Skim","Ball Lightning","BootSequence","Rebound","Discovery","Thunder Strike","Ball Lightning","Leap","Ball Lightning","The Bomb","Conserve Battery","Loop","Fusion","Hologram+1","Auto Shields","Capacitor","FTL","Static Discharge+1"],"relics":["Cracked Core","Letter Opener","Kunai","NlothsMask","Tiny House","FossilizedHelix"],"potions_floor_usage":[16,22,23,23,33,33,33],"damage_taken":[{"damage":2,"enemies":"Small Slimes","floor":1,"turns":3},{"damage":0,"enemies":"Cultist","floor":2,"turns":3},{"damage":1,"enemies":"Jaw Worm","floor":3,"turns":4},{"damage":17,"enemies":"Lots of Slimes","floor":4,"turns":4},{"damage":2,"enemies":"Exordium Thugs","floor":5,"turns":5},{"damage":14,"enemies":"3 Sentries","floor":7,"turns":7},{"damage":2,"enemies":"Blue Slaver","floor":10,"turns":3},{"damage":32,"enemies":"The Guardian","floor":16,"turns":9},{"damage":0,"enemies":"Chosen","floor":18,"turns":3},{"damage":0,"enemies":"Spheric Guardian","floor":19,"turns":3},{"damage":20,"enemies":"Snake Plant","floor":21,"turns":3},{"damage":21,"enemies":"Centurion and Healer","floor":22,"turns":7},{"damage":41,"enemies":"Gremlin Leader","floor":23,"turns":7},{"damage":22,"enemies":"Sentry and Sphere","floor":25,"turns":6},{"damage":10,"enemies":"Snecko","floor":28,"turns":4},{"damage":3,"enemies":"Cultist and Chosen","floor":31,"turns":5},{"damage":66,"enemies":"Collector","floor":33,"turns":9}],"seed_played":"-8015329099655259749","potions_obtained":[{"floor":3,"key":"SpeedPotion"},{"floor":10,"key":"Regen Potion"},{"floor":16,"key":"AttackPotion"},{"floor":17,"key":"Dexterity Potion"},{"floor":23,"key":"GamblersBrew"},{"floor":28,"key":"EssenceOfSteel"},{"floor":31,"key":"Block Potion"}],"is_trial":false,"path_per_floor":["M","M","M","M","M","R","E","R","T","M","?","$","$","?","R","B",null,"M","M","$","M","M","E","R","M","T","R","M","$","?","M","R","B"],"character_chosen":"DEFECT","items_purchased":["Ball Lightning","BootSequence","Rebound","Discovery","The Bomb","Capacitor","FTL"],"campfire_rested":4,"item_purchase_floors":[12,12,12,12,20,29,29],"current_hp_per_floor":[73,73,72,55,53,53,39,39,39,37,30,30,30,30,52,20,80,80,80,80,60,39,13,37,15,15,39,29,29,29,26,50,0],"gold":20,"neow_bonus":"THREE_CARDS","is_prod":false,"is_daily":false,"chose_seed":false,"campfire_upgraded":2,"win_rate":0.0,"timestamp":1542446742,"path_taken":["M","M","M","M","M","R","E","R","T","M","?","?","$","?","R","BOSS","M","M","$","M","M","E","R","?","T","R","M","$","?","M","R","BOSS"],"build_version":"2018-11-15","purchased_purges":0,"victory":false,"max_hp_per_floor":[75,75,75,75,75,75,75,75,75,75,75,75,75,75,75,75,80,80,80,80,80,80,80,80,80,80,80,80,80,80,80,80,80],"card_choices":[{"not_picked":["Lockon","Leap"],"picked":"Coolheaded","floor":0},{"not_picked":["Leap","Streamline"],"picked":"Ball Lightning","floor":1},{"not_picked":["Leap","Hello World"],"picked":"Hologram","floor":2},{"not_picked":["Leap","Sweeping Beam"],"picked":"Conserve Battery","floor":3},{"not_picked":["Force Field","Redo"],"picked":"Leap","floor":4},{"not_picked":["Go for the Eyes","Gash"],"picked":"Barrage","floor":5},{"not_picked":["Coolheaded","Rebound"],"picked":"Biased Cognition","floor":7},{"not_picked":["Force Field","Compile Driver"],"picked":"Skim","floor":10},{"not_picked":["Biased Cognition","Buffer"],"picked":"Thunder Strike","floor":16},{"not_picked":["Reinforced Body","Chaos"],"picked":"Ball Lightning","floor":17},{"not_picked":["Reinforced Body","Coolheaded"],"picked":"Leap","floor":18},{"not_picked":["Steam","Go for the Eyes"],"picked":"Ball Lightning","floor":19},{"not_picked":["Gash","Leap"],"picked":"Conserve Battery","floor":21},{"not_picked":["Conserve Battery","FTL"],"picked":"Loop","floor":22},{"not_picked":["Redo+1","Gash"],"picked":"Fusion","floor":23},{"not_picked":["Hello World","Redo"],"picked":"Hologram+1","floor":25},{"not_picked":["Heatsinks","Biased Cognition"],"picked":"Auto Shields","floor":28},{"not_picked":["Doom and Gloom","Chaos"],"picked":"Static Discharge+1","floor":31}],"player_experience":57621,"relics_obtained":[{"floor":7,"key":"Letter Opener"},{"floor":9,"key":"Kunai"},{"floor":23,"key":"FossilizedHelix"}],"event_choices":[{"damage_healed":0,"gold_gain":0,"player_choice":"Damaged","damage_taken":7,"max_hp_gain":0,"max_hp_loss":0,"event_name":"Wheel of Change","floor":11,"gold_loss":0},{"damage_healed":0,"gold_gain":0,"player_choice":"Trade","damage_taken":0,"relics_obtained":["NlothsMask"],"max_hp_gain":0,"max_hp_loss":0,"event_name":"FaceTrader","floor":14,"gold_loss":0},{"damage_healed":0,"gold_gain":0,"player_choice":"Ignored","damage_taken":0,"max_hp_gain":0,"max_hp_loss":0,"event_name":"Vampires","floor":30,"gold_loss":0}],"is_beta":false,"boss_relics":[{"not_picked":["Velvet Choker","Runic Dome"],"picked":"Tiny House"}],"items_purged_floors":[],"is_endless":false,"potions_floor_spawned":[3,10,16,19,23,28,31],"killed_by":"Collector","ascension_level":0}