{"gold_per_floor":[119,135,155,155,155,188,188,205,205,205,205,530,540,189,189,293,293,304,322,421,74,93,122,132,132,132,197,210,210,242,254,254,254],"floor_reached":33,"playtime":2487,"items_purged":["Strike_G"],"score":428,"play_id":"8a647eec-edad-4b6e-92e7-dab438a9a320","local_time":"20190205231143","is_ascension_mode":true,"campfire_choices":[{"data":"Neutralize","floor":7,"key":"SMITH"},{"data":"Bane","floor":11,"key":"SMITH"},{"data":"Footwork","floor":15,"key":"SMITH"},{"data":"Wraith Form v2","floor":25,"key":"SMITH"},{"data":"Predator","floor":32,"key":"SMITH"}],"neow_cost":"TEN_PERCENT_HP_LOSS","seed_source_timestamp":0,"circlet_count":0,"master_deck":["Defend_G","Defend_G","Defend_G","Defend_G","Defend_G","Strike_G","Strike_G","Strike_G","Survivor","Neutralize+1","Crippling Poison+1","Slice","PiercingWail","Poisoned Stab","Bane+1","Bane","Poisoned Stab","Footwork+1","Wraith Form v2+1","Dodge and Roll","Skewer+1","Crippling Poison","Deadly Poison+1","Dagger Spray","Predator+1"],"special_seed":0,"relics":["Ring of the Snake","Pocketwatch","Question Card","Shuriken","Old Coin","ClockworkSouvenir","Coffee Dripper","OrangePellets","PreservedInsect","FossilizedHelix","Tiny Chest","Bottled Flame"],"potions_floor_usage":[16,16,24,30,31,33],"damage_taken":[{"damage":0.0,"enemies":"Cultist","floor":1.0,"turns":4.0},{"damage":1.0,"enemies":"2 Louse","floor":2.0,"turns":2.0},{"damage":1.0,"enemies":"Small Slimes","floor":3.0,"turns":3.0},{"damage":13,"enemies":"3 Sentries","floor":6,"turns":6},{"damage":5,"enemies":"Blue Slaver","floor":8,"turns":4},{"damage":7,"enemies":"Gremlin Nob","floor":12,"turns":3},{"damage":0,"enemies":"Exordium Wildlife","floor":13,"turns":2},{"damage":1,"enemies":"Hexaghost","floor":16,"turns":9},{"damage":1,"enemies":"Spheric Guardian","floor":18,"turns":5},{"damage":2,"enemies":"Shell Parasite","floor":19,"turns":5},{"damage":16,"enemies":"Centurion and Healer","floor":22,"turns":5},{"damage":7,"enemies":"Slavers","floor":23,"turns":5},{"damage":2,"enemies":"Shelled Parasite and Fungi","floor":24,"turns":5},{"damage":0,"enemies":"Gremlin Leader","floor":27,"turns":4},{"damage":0,"enemies":"Snecko","floor":28,"turns":4},{"damage":2,"enemies":"Slavers","floor":30,"turns":4},{"damage":0,"enemies":"3 Cultists","floor":31,"turns":4},{"damage":47,"enemies":"Collector","floor":33,"turns":7}],"seed_played":"3354994521450500088","potions_obtained":[{"floor":1.0,"key":"GhostInAJar"},{"floor":3.0,"key":"GhostInAJar"},{"floor":12,"key":"GhostInAJar"},{"floor":19,"key":"Block Potion"},{"floor":23,"key":"PowerPotion"},{"floor":30,"key":"Fire Potion"}],"is_trial":false,"path_per_floor":["M","M","M","?","?","E","R","M","T","?","R","E","M","$","R","B",null,"M","M","?","$","M","E","M","R","T","E","M","?","E","M","R","B"],"character_chosen":"THE_SILENT","items_purchased":["Footwork","ClockworkSouvenir","OrangePellets","PreservedInsect"],"campfire_rested":0,"item_purchase_floors":[14,14,21,21],"current_hp_per_floor":[63,62,61,61,61,48,48,43,43,43,43,36,36,36,36,35,56,55,53,53,53,37,30,28,28,28,28,28,49,47,47,47,0],"gold":254,"neow_bonus":"ONE_RARE_RELIC","is_prod":false,"is_daily":false,"chose_seed":false,"campfire_upgraded":5,"win_rate":0,"timestamp":1549426303,"path_taken":["M","M","M","?","?","E","R","M","T","?","R","E","M","$","R","BOSS","M","?","?","$","M","E","M","R","T","E","M","?","E","M","R","BOSS"],"build_version":"2019-01-23","purchased_purges":1,"victory":false,"max_hp_per_floor":[63,63,63,63,63,63,63,63,63,63,63,63,63,63,63,63,63,63,63,63,63,63,63,63,63,63,63,63,63,63,63,63,63],"card_choices":[{"not_picked":["Accuracy","Slice"],"picked":"Crippling Poison","floor":1.0},{"not_picked":["Expertise","Calculated Gamble"],"picked":"Slice","floor":2.0},{"not_picked":["Choke","Calculated Gamble"],"picked":"PiercingWail","floor":3.0},{"not_picked":["Backflip","Quick Slash"],"picked":"Poisoned Stab","floor":6},{"not_picked":["Flying Knee","Slice","Dagger Throw"],"picked":"Bane","floor":8},{"not_picked":["Deflect","Cloak And Dagger","Tools of the Trade"],"picked":"Bane","floor":12},{"not_picked":["Dodge and Roll","Outmaneuver","Slice"],"picked":"Poisoned Stab","floor":13},{"not_picked":["Unload","Adrenaline","Venomology"],"picked":"Wraith Form v2","floor":16},{"not_picked":["Sucker Punch","Dagger Throw+1","Backflip+1"],"picked":"Dodge and Roll","floor":18},{"not_picked":["All Out Attack+1","Poisoned Stab","Sucker Punch+1"],"picked":"Skewer+1","floor":19},{"not_picked":["Skewer","Catalyst","Bouncing Flask"],"picked":"Crippling Poison","floor":22},{"not_picked":["Deflect+1","Bouncing Flask","Tactician+1"],"picked":"Deadly Poison+1","floor":23},{"not_picked":["PiercingWail+1","Bouncing Flask+1","Outmaneuver"],"picked":"Dagger Spray","floor":24},{"not_picked":["Dodge and Roll+1","Concentrate+1","Outmaneuver"],"picked":"Predator","floor":27},{"not_picked":["Calculated Gamble+1","All Out Attack","Acrobatics","Eviscerate"],"picked":"SKIP","floor":28},{"not_picked":["Phantasmal Killer","Slice","Accuracy","Underhanded Strike+1"],"picked":"SKIP","floor":30},{"not_picked":["Bane","Acrobatics","Slice","Dagger Throw"],"picked":"SKIP","floor":31}],"player_experience":1480911,"relics_obtained":[{"floor":6,"key":"Question Card"},{"floor":9,"key":"Shuriken"},{"floor":12,"key":"Old Coin"},{"floor":23,"key":"FossilizedHelix"},{"floor":27,"key":"Tiny Chest"},{"floor":30,"key":"Bottled Flame"}],"event_choices":[{"damage_healed":0.0,"max_hp_gain":0.0,"max_hp_loss":0.0,"gold_gain":0.0,"event_name":"Living Wall","player_choice":"Grow","floor":4.0,"gold_loss":0.0,"damage_taken":0.0,"cards_upgraded":["Crippling Poison"]},{"damage_healed":0.0,"max_hp_gain":0.0,"max_hp_loss":0.0,"gold_gain":0.0,"event_name":"Liars Game","player_choice":"Ignored","floor":5.0,"gold_loss":0.0,"damage_taken":0.0},{"cards_removed":["Strike_G"],"damage_healed":0,"gold_gain":0,"player_choice":"Offered Basic","damage_taken":0,"max_hp_gain":0,"max_hp_loss":0,"event_name":"Bonfire Elementals","floor":10,"gold_loss":0},{"damage_healed":0,"gold_gain":99,"player_choice":"Stole From Cult","damage_taken":0,"max_hp_gain":0,"max_hp_loss":0,"event_name":"Nest","floor":20,"gold_loss":0},{"damage_healed":21,"gold_gain":0,"player_choice":"Heal","damage_taken":0,"max_hp_gain":0,"max_hp_loss":0,"event_name":"The Library","floor":29,"gold_loss":0}],"is_beta":false,"boss_relics":[{"not_picked":["Orrery","Calling Bell"],"picked":"Coffee Dripper"}],"items_purged_floors":[14],"is_endless":false,"potions_floor_spawned":[1,3,12,19,23,30],"killed_by":"Collector","ascension_level":5}