{"gold_per_floor":[360,49,67,86,11,11,35,68,68,68,29,56,56,75,75,176,176,189,202,402,417,66,66,66,85,110,110,121,121,121,141,141,238,238,248,266,266,61,61,118,128,128,205,224,249,249,524,374,374,374],"floor_reached":50,"playtime":7370,"items_purged":["Strike_B","Strike_B","Defend_B","Regret"],"score":935,"play_id":"f4a20bd5-26fc-42a3-aa52-e65b69a0d4d0","local_time":"20190328150629","is_ascension_mode":true,"campfire_choices":[{"data":"Zap","floor":6.0,"key":"SMITH"},{"floor":10.0,"key":"REST"},{"data":"Defragment","floor":15.0,"key":"SMITH"},{"data":"Buffer","floor":23.0,"key":"SMITH"},{"floor":27.0,"key":"REST"},{"data":"Streamline","floor":30.0,"key":"SMITH"},{"data":"Sunder","floor":32.0,"key":"SMITH"},{"floor":42.0,"key":"RECALL"},{"data":"Undo","floor":46,"key":"SMITH"},{"data":"Barrage","floor":49,"key":"SMITH"}],"neow_cost":"PERCENT_DAMAGE","seed_source_timestamp":0,"circlet_count":0,"master_deck":["AscendersBane","Strike_B","Strike_B","Defend_B","Defend_B","Defend_B","Zap+1","Dualcast","Streamline+1","Ball Lightning","Barrage+1","Coolheaded+1","Sweeping Beam","Defragment+1","Sunder+1","Buffer+1","Undo+1","Self Repair","Doubt","Hologram+1","Steam+1","Glacier+1","Chill+1","Seek+1","Conserve Battery+1","Steam+1","Skim+1","Compile Driver+1","Hologram+1","Coolheaded+1","Consume+1","Amplify+1","Decay","Compile Driver+1","Fusion+1"],"special_seed":0,"relics":["Cracked Core","FossilizedHelix","Odd Mushroom","Dodecahedron","Dream Catcher","Bag of Preparation","Cursed Key","Toxic Egg 2","Regal Pillow","Orrery","Tiny Chest","Blue Candle"],"potions_floor_usage":[50],"damage_taken":[{"damage":6.0,"enemies":"Cultist","floor":1.0,"turns":4.0},{"damage":0.0,"enemies":"2 Louse","floor":3.0,"turns":2.0},{"damage":0.0,"enemies":"Jaw Worm","floor":4.0,"turns":2.0},{"damage":14.0,"enemies":"The Mushroom Lair","floor":7.0,"turns":4.0},{"damage":10.0,"enemies":"Lagavulin","floor":8.0,"turns":5.0},{"damage":15.0,"enemies":"Gremlin Nob","floor":12.0,"turns":4.0},{"damage":12.0,"enemies":"Large Slime","floor":14.0,"turns":4.0},{"damage":20.0,"enemies":"Slime Boss","floor":16.0,"turns":9.0},{"damage":0.0,"enemies":"Shell Parasite","floor":18.0,"turns":6.0},{"damage":12.0,"enemies":"3 Byrds","floor":19.0,"turns":4.0},{"damage":20.0,"enemies":"Centurion and Healer","floor":21.0,"turns":8.0},{"damage":0.0,"enemies":"Slavers","floor":24.0,"turns":1.0},{"damage":17.0,"enemies":"Snake Plant","floor":25.0,"turns":4.0},{"damage":0.0,"enemies":"Shelled Parasite and Fungi","floor":28.0,"turns":6.0},{"damage":2.0,"enemies":"3 Cultists","floor":31.0,"turns":6.0},{"damage":41.0,"enemies":"Collector","floor":33.0,"turns":16.0},{"damage":0.0,"enemies":"Orb Walker","floor":35.0,"turns":4.0},{"damage":0.0,"enemies":"3 Darklings","floor":36.0,"turns":9.0},{"damage":0.0,"enemies":"Giant Head","floor":40.0,"turns":10.0},{"damage":0.0,"enemies":"Sphere and 2 Shapes","floor":41.0,"turns":6.0},{"damage":0,"enemies":"Spire Growth","floor":44,"turns":7},{"damage":32,"enemies":"Nemesis","floor":45,"turns":13},{"damage":61,"enemies":"Awakened One","floor":50,"turns":6}],"seed_played":"8496112061323115655","potions_obtained":[{"floor":4.0,"key":"PowerPotion"},{"floor":7.0,"key":"SteroidPotion"},{"floor":14.0,"key":"Energy Potion"},{"floor":19.0,"key":"EssenceOfSteel"},{"floor":21.0,"key":"SmokeBomb"},{"floor":25.0,"key":"EssenceOfSteel"},{"floor":40.0,"key":"EssenceOfSteel"},{"floor":41.0,"key":"Fire Potion"},{"floor":44,"key":"FearPotion"}],"is_trial":false,"path_per_floor":["M","$","M","M","$","R","?","E","T","R","$","E","?","M","R","B",null,"M","M","?","M","$","R","E","M","T","R","M","?","R","M","R","B",null,"M","M","?","$","$","E","M","R","T","M","E","R","?","$","R","B"],"character_chosen":"DEFECT","items_purchased":["FossilizedHelix","Ball Lightning","Defragment","Toxic Egg 2","Consume+1"],"campfire_rested":2,"item_purchase_floors":[2,2,11,22,38],"current_hp_per_floor":[44,44,44,44,44,44,30,20,20,42,42,27,52,40,40,20,61,61,49,49,29,29,29,29,12,12,49,56,56,56,61,61,27,63,70,75,75,75,75,75,75,75,75,75,57,57,57,57,57,0],"gold":374,"neow_bonus":"TWO_FIFTY_GOLD","is_prod":false,"is_daily":false,"chose_seed":false,"campfire_upgraded":7,"win_rate":0,"timestamp":1553799989,"path_taken":["M","$","M","M","?","R","?","E","T","R","?","E","?","M","R","BOSS","M","M","?","M","?","R","E","M","T","R","M","?","R","M","R","BOSS","M","M","?","?","$","E","M","R","T","M","E","R","?","$","R","BOSS"],"build_version":"2019-01-23","purchased_purges":4,"victory":false,"max_hp_per_floor":[75,75,75,75,75,75,75,75,75,75,75,75,75,75,75,75,75,75,75,75,75,75,75,75,75,75,75,75,75,75,75,75,75,75,75,75,75,75,75,75,75,75,75,75,75,75,75,75,75,75],"card_choices":[{"not_picked":["Turbo","Chill"],"picked":"Streamline","floor":1.0},{"not_picked":["Gash","Barrage","White Noise"],"picked":"SKIP","floor":3.0},{"not_picked":["Heatsinks","Lockon","Barrage"],"picked":"SKIP","floor":4.0},{"not_picked":["Skim","Conserve Battery"],"picked":"Barrage","floor":7.0},{"not_picked":["Steam","Double Energy"],"picked":"Coolheaded","floor":8.0},{"not_picked":["Conserve Battery","Rip and Tear"],"picked":"Sweeping Beam","floor":10.0},{"not_picked":["Redo","Streamline"],"picked":"Sunder","floor":12.0},{"not_picked":["Sweeping Beam","Sunder","Gash"],"picked":"SKIP","floor":14.0},{"not_picked":["Core Surge","Amplify"],"picked":"Buffer","floor":16.0},{"not_picked":["Double Energy","Rebound","Ball Lightning"],"picked":"SKIP","floor":18.0},{"not_picked":["Rebound","Compile Driver"],"picked":"Undo","floor":19.0},{"not_picked":["Gash","Cold Snap","Heatsinks"],"picked":"SKIP","floor":21.0},{"not_picked":["Compile Driver","Fission+1"],"picked":"Self Repair","floor":25.0},{"not_picked":["Redo+1","Go for the Eyes"],"picked":"Hologram+1","floor":27.0},{"not_picked":["Turbo+1","Stack+1"],"picked":"Steam+1","floor":28.0},{"not_picked":["Loop","Redo+1"],"picked":"Chill+1","floor":31.0},{"not_picked":["Thunder Strike","Meteor Strike"],"picked":"Seek+1","floor":33.0},{"not_picked":["Chill+1","Ball Lightning"],"picked":"Conserve Battery+1","floor":34.0},{"not_picked":["Heatsinks","Leap+1"],"picked":"Steam+1","floor":34.0},{"not_picked":["Gash","Steam Power+1"],"picked":"Skim+1","floor":34.0},{"not_picked":["Heatsinks","Rebound"],"picked":"Compile Driver+1","floor":34.0},{"not_picked":["Turbo+1","Darkness+1"],"picked":"Hologram+1","floor":34.0},{"not_picked":["Go for the Eyes+1","Redo+1","Barrage"],"picked":"SKIP","floor":35.0},{"not_picked":["Beam Cell","Gash+1"],"picked":"Coolheaded+1","floor":36.0},{"not_picked":["Tempest+1","Self Repair","Steam Power+1"],"picked":"SKIP","floor":40.0},{"not_picked":["Gash","Reprogram+1"],"picked":"Amplify+1","floor":41.0},{"not_picked":["Leap+1","Gash"],"picked":"Compile Driver+1","floor":44},{"not_picked":["Ball Lightning","Lockon"],"picked":"Fusion+1","floor":45}],"player_experience":2025697,"relics_obtained":[{"floor":7.0,"key":"Odd Mushroom"},{"floor":8.0,"key":"Dodecahedron"},{"floor":9.0,"key":"Dream Catcher"},{"floor":12.0,"key":"Bag of Preparation"},{"floor":26.0,"key":"Regal Pillow"},{"floor":40.0,"key":"Tiny Chest"},{"floor":45,"key":"Blue Candle"}],"event_choices":[{"damage_healed":0.0,"max_hp_gain":0.0,"max_hp_loss":0.0,"gold_gain":0.0,"event_name":"Mushrooms","player_choice":"Fought Mushrooms","floor":7.0,"gold_loss":0.0,"damage_taken":0.0},{"damage_healed":25.0,"max_hp_gain":0.0,"max_hp_loss":0.0,"gold_gain":0.0,"event_name":"Big Fish","player_choice":"Banana","floor":13.0,"gold_loss":0.0,"damage_taken":0.0},{"damage_healed":0.0,"max_hp_gain":0.0,"max_hp_loss":0.0,"gold_gain":250.0,"event_name":"The Joust","player_choice":"Bet on Owner","floor":20.0,"gold_loss":50.0,"damage_taken":0.0},{"damage_healed":0.0,"max_hp_gain":0.0,"max_hp_loss":0.0,"gold_gain":0.0,"event_name":"The Library","player_choice":"Read","floor":29.0,"gold_loss":0.0,"damage_taken":0.0,"cards_obtained":["Glacier"]},{"damage_healed":0.0,"max_hp_gain":0.0,"max_hp_loss":0.0,"gold_gain":0.0,"event_name":"Accursed Blacksmith","player_choice":"Forge","floor":37.0,"gold_loss":0.0,"damage_taken":0.0,"cards_upgraded":["Coolheaded"]},{"damage_healed":0,"gold_gain":275,"player_choice":"Desecrate","damage_taken":0,"max_hp_gain":0,"max_hp_loss":0,"event_name":"Golden Shrine","floor":47,"gold_loss":0,"cards_obtained":["Regret"]}],"is_beta":false,"boss_relics":[{"not_picked":["Busted Crown","Empty Cage"],"picked":"Cursed Key"},{"not_picked":["White Beast Statue","Pandora\u0027s Box"],"picked":"Orrery"}],"items_purged_floors":[5,22,38,48],"is_endless":false,"potions_floor_spawned":[4,7,14,19,21,25,28,40,41,44],"killed_by":"Awakened One","ascension_level":12}