{"gold_per_floor":[111,36,53,66,241,267,267,283,283,283,315,332,349,349],"floor_reached":14,"playtime":429,"items_purged":["Strike_R"],"score":143,"play_id":"cb0f61e4-6aba-496b-9923-61a4e51c6195","local_time":"20190529062104","is_ascension_mode":true,"campfire_choices":[{"data":"Heavy Blade","floor":10,"key":"SMITH"}],"neow_cost":"NONE","seed_source_timestamp":64630813574960,"circlet_count":0,"master_deck":["Strike_R","Strike_R","Strike_R","Strike_R","Defend_R","Defend_R","Defend_R","Defend_R","Bash","Spot Weakness","Heavy Blade+1","Perfected Strike","Whirlwind","Shrug It Off+1","Shockwave+1","Shrug It Off+1","Heavy Blade"],"special_seed":0,"relics":["Burning Blood","Toxic Egg 2","Mummified Hand","Shuriken"],"potions_floor_usage":[14],"damage_taken":[{"damage":6.0,"enemies":"Cultist","floor":1.0,"turns":4.0},{"damage":0.0,"enemies":"Small Slimes","floor":3.0,"turns":3.0},{"damage":9.0,"enemies":"Jaw Worm","floor":4.0,"turns":3.0},{"damage":30.0,"enemies":"Lagavulin","floor":6.0,"turns":7.0},{"damage":14,"enemies":"Gremlin Gang","floor":8,"turns":3},{"damage":27,"enemies":"Gremlin Nob","floor":11,"turns":4},{"damage":15,"enemies":"2 Fungi Beasts","floor":12,"turns":3},{"damage":4,"enemies":"Blue Slaver","floor":13,"turns":4},{"damage":19,"enemies":"Lagavulin","floor":14,"turns":3}],"seed_played":"529285034443312961","potions_obtained":[{"floor":3.0,"key":"SpeedPotion"},{"floor":4.0,"key":"SteroidPotion"},{"floor":12,"key":"Poison Potion"}],"is_trial":false,"path_per_floor":["M","$","M","M","?","E","?","M","T","R","E","M","M","E"],"character_chosen":"IRONCLAD","items_purchased":[],"campfire_rested":0,"item_purchase_floors":[],"current_hp_per_floor":[72,72,78,75,75,51,51,43,43,43,22,13,15,0],"gold":349,"neow_bonus":"THREE_CARDS","is_prod":false,"is_daily":false,"chose_seed":false,"campfire_upgraded":1,"win_rate":0,"timestamp":1559125264,"path_taken":["M","$","M","M","?","E","?","M","T","R","E","M","M","E"],"build_version":"2019-01-23","purchased_purges":1,"victory":false,"max_hp_per_floor":[80,80,80,80,80,80,80,80,80,80,80,80,80,80],"card_choices":[{"not_picked":["Twin Strike","Armaments"],"picked":"Spot Weakness","floor":0.0},{"not_picked":["Flex","Carnage"],"picked":"Heavy Blade","floor":1.0},{"not_picked":["Thunderclap","Pommel Strike","Fire Breathing"],"picked":"SKIP","floor":3.0},{"not_picked":["Iron Wave","Corruption"],"picked":"Perfected Strike","floor":4.0},{"not_picked":["Havoc","Clothesline"],"picked":"Whirlwind","floor":6.0},{"not_picked":["Hemokinesis","Clothesline"],"picked":"Shrug It Off+1","floor":8},{"not_picked":["Anger","True Grit+1"],"picked":"Shockwave+1","floor":11},{"not_picked":["Pummel","Headbutt"],"picked":"Shrug It Off+1","floor":12},{"not_picked":["Anger","Shockwave+1"],"picked":"Heavy Blade","floor":13}],"player_experience":297315,"relics_obtained":[{"floor":6.0,"key":"Toxic Egg 2"},{"floor":9,"key":"Mummified Hand"},{"floor":11,"key":"Shuriken"}],"event_choices":[{"damage_healed":0.0,"max_hp_gain":0.0,"max_hp_loss":0.0,"gold_gain":175.0,"event_name":"Liars Game","player_choice":"AGREE","floor":5.0,"gold_loss":0.0,"damage_taken":0.0,"cards_obtained":["Doubt"]},{"cards_removed":["Doubt"],"damage_healed":0.0,"max_hp_gain":0.0,"max_hp_loss":0.0,"gold_gain":0.0,"event_name":"Living Wall","player_choice":"Forget","floor":7.0,"gold_loss":0.0,"damage_taken":0.0}],"is_beta":false,"boss_relics":[],"items_purged_floors":[2],"is_endless":false,"potions_floor_spawned":[3,4,12],"killed_by":"Lagavulin","ascension_level":8}