{"gold_per_floor":[116,132,60,72,83,118,118,134,134,147,182,147,160,192,192,291,291,301,316,113,113,125,150,150,167,217,249,4,36,36,56,56,151,151,164,179,199,3,3,37,137,162,162,188,202,202,214,214,214,214],"floor_reached":51,"playtime":5242,"items_purged":["Defend_B"],"score":957,"play_id":"ac60fca4-7eb2-43bc-86d7-6e43466a214a","local_time":"20190401022220","is_ascension_mode":true,"campfire_choices":[{"data":"Double Energy","floor":7.0,"key":"SMITH"},{"data":"Sunder","floor":15.0,"key":"SMITH"},{"floor":24.0,"key":"REST"},{"floor":32.0,"key":"REST"},{"data":"Double Energy","floor":49,"key":"SMITH"}],"neow_cost":"NONE","seed_source_timestamp":45710954531974,"circlet_count":0,"master_deck":["Strike_B","Strike_B","Strike_B","Strike_B","Defend_B","Defend_B+1","Defend_B","Zap","Dualcast","Ball Lightning","Hologram","Double Energy+1","FTL","Turbo","Double Energy+1","Aggregate","Sunder+1","Auto Shields","Tempest+1","Leap","Biased Cognition","Skim+1","Consume+1","Steam","Ball Lightning+1","Sunder+1","Turbo+1","Aggregate+1","Reinforced Body+1","Melter+1","Echo Form","Dramatic Entrance+1","Creative AI","Steam+1","Reboot+1","Capacitor+1","Defragment+1","Consume+1","Deep Breath+1","Mind Blast+1","Steam+1","Steam Power+1","Steam+1","Machine Learning","Steam+1","Melter+1","Writhe"],"special_seed":0,"relics":["Cracked Core","NeowsBlessing","Strawberry","Bottled Flame","Thread and Needle","Molten Egg 2","Black Star","Toxic Egg 2","Smiling Mask","Ginger","Centennial Puzzle","Du-Vu Doll","Ancient Tea Set","Lantern","Kunai","Pantograph","Inserter","War Paint","Juzu Bracelet","Oddly Smooth Stone","Mango","Pear","Regal Pillow","Gambling Chip","Dodecahedron","Calipers"],"potions_floor_usage":[40,50],"damage_taken":[{"damage":0.0,"enemies":"Cultist","floor":1.0,"turns":1.0},{"damage":0.0,"enemies":"Jaw Worm","floor":2.0,"turns":1.0},{"damage":0.0,"enemies":"2 Louse","floor":4.0,"turns":1.0},{"damage":10.0,"enemies":"Red Slaver","floor":5.0,"turns":2.0},{"damage":16.0,"enemies":"Lagavulin","floor":6.0,"turns":5.0},{"damage":10.0,"enemies":"Looter","floor":8.0,"turns":3.0},{"damage":4.0,"enemies":"2 Fungi Beasts","floor":10.0,"turns":2.0},{"damage":16.0,"enemies":"Gremlin Nob","floor":11.0,"turns":3.0},{"damage":0.0,"enemies":"3 Louse","floor":13.0,"turns":3.0},{"damage":15.0,"enemies":"Lagavulin","floor":14.0,"turns":5.0},{"damage":12.0,"enemies":"Hexaghost","floor":16.0,"turns":9.0},{"damage":0.0,"enemies":"Spheric Guardian","floor":18.0,"turns":3.0},{"damage":5.0,"enemies":"2 Thieves","floor":19.0,"turns":3.0},{"damage":5.0,"enemies":"3 Cultists","floor":22.0,"turns":4.0},{"damage":47.0,"enemies":"Gremlin Leader","floor":23.0,"turns":7.0},{"damage":7.0,"enemies":"Centurion and Healer","floor":25.0,"turns":5.0},{"damage":14.0,"enemies":"Book of Stabbing","floor":27.0,"turns":3.0},{"damage":4.0,"enemies":"Gremlin Leader","floor":29.0,"turns":2.0},{"damage":6.0,"enemies":"Snake Plant","floor":31.0,"turns":2.0},{"damage":66.0,"enemies":"Automaton","floor":33.0,"turns":8.0},{"damage":0.0,"enemies":"3 Darklings","floor":35.0,"turns":4.0},{"damage":3.0,"enemies":"3 Shapes","floor":36.0,"turns":3.0},{"damage":3.0,"enemies":"Jaw Worm Horde","floor":37.0,"turns":4.0},{"damage":25,"enemies":"Nemesis","floor":40,"turns":7},{"damage":5,"enemies":"Mind Bloom Boss Battle","floor":41,"turns":3},{"damage":9,"enemies":"Reptomancer","floor":42,"turns":6},{"damage":5,"enemies":"Giant Head","floor":44,"turns":6},{"damage":0,"enemies":"Sphere and 2 Shapes","floor":45,"turns":3},{"damage":21,"enemies":"Transient","floor":47,"turns":5},{"damage":57,"enemies":"Awakened One","floor":50,"turns":10}],"seed_played":"-5058114964493976523","potions_obtained":[{"floor":4.0,"key":"Explosive Potion"},{"floor":5.0,"key":"SteroidPotion"},{"floor":10.0,"key":"Fire Potion"},{"floor":11.0,"key":"SpeedPotion"},{"floor":13.0,"key":"SmokeBomb"},{"floor":19.0,"key":"Fire Potion"},{"floor":23.0,"key":"LiquidBronze"},{"floor":25.0,"key":"FocusPotion"},{"floor":31.0,"key":"Poison Potion"},{"floor":35.0,"key":"Block Potion"},{"floor":36.0,"key":"GamblersBrew"},{"floor":47,"key":"EssenceOfSteel"}],"is_trial":false,"path_per_floor":["M","M","$","M","M","E","R","M","T","M","E","?","M","E","R","B",null,"M","M","$","?","M","E","R","M","T","E","$","E","?","M","R","B",null,"M","M","M","$","?","E","?","E","T","E","M","?","M","?","R","B",null],"character_chosen":"DEFECT","items_purchased":["Double Energy","Meteor Strike+1","Steam","Lantern","Reinforced Body+1","Melter+1","War Paint"],"campfire_rested":2,"item_purchase_floors":[3,20,20,28,28,28,38],"current_hp_per_floor":[75,75,75,75,65,56,56,46,46,42,26,46,46,31,31,19,82,82,77,77,77,72,25,49,42,42,28,28,24,24,18,42,1,82,82,79,76,76,71,46,80,81,81,76,76,76,55,82,82,49],"gold":214,"neow_bonus":"THREE_ENEMY_KILL","is_prod":false,"is_daily":false,"chose_seed":false,"campfire_upgraded":3,"win_rate":0,"timestamp":1554099740,"path_taken":["M","M","$","M","M","E","R","M","T","?","E","?","M","E","R","BOSS","M","M","$","?","?","E","R","M","T","E","$","E","?","?","R","BOSS","M","M","M","$","?","E","?","E","T","E","M","?","M","?","R","BOSS"],"build_version":"2019-01-23","purchased_purges":1,"victory":true,"max_hp_per_floor":[75,75,75,75,75,82,82,82,82,82,82,82,82,82,82,82,82,82,82,82,82,82,82,82,82,82,82,82,82,82,82,82,82,82,82,82,82,82,82,82,96,106,106,106,106,106,106,106,106,106],"card_choices":[{"not_picked":["Coolheaded","Stack"],"picked":"Ball Lightning","floor":1.0},{"not_picked":["Gash","Compile Driver"],"picked":"Hologram","floor":2.0},{"not_picked":["BootSequence","Sweeping Beam"],"picked":"FTL","floor":4.0},{"not_picked":["Redo","Go for the Eyes"],"picked":"Turbo","floor":5.0},{"not_picked":["Force Field","Defragment"],"picked":"Double Energy","floor":6.0},{"not_picked":["Blizzard","Cold Snap"],"picked":"Aggregate","floor":8.0},{"not_picked":["Rebound","Consume"],"picked":"Sunder","floor":10.0},{"not_picked":["Beam Cell","Go for the Eyes"],"picked":"Auto Shields","floor":11.0},{"not_picked":["Turbo","Ball Lightning"],"picked":"Tempest","floor":13.0},{"not_picked":["Undo","Recycle"],"picked":"Leap","floor":14.0},{"not_picked":["Buffer","Reboot"],"picked":"Biased Cognition","floor":16.0},{"not_picked":["Self Repair","Cold Snap+1"],"picked":"Skim+1","floor":18.0},{"not_picked":["Conserve Battery","Hologram"],"picked":"Consume+1","floor":19.0},{"not_picked":["Rip and Tear+1","Stack+1"],"picked":"Ball Lightning+1","floor":22.0},{"not_picked":["Chill+1","Creative AI"],"picked":"Sunder+1","floor":23.0},{"not_picked":["Steam Power+1","Double Energy+1"],"picked":"Turbo+1","floor":25.0},{"not_picked":["Compile Driver+1","Hello World"],"picked":"Aggregate+1","floor":27.0},{"not_picked":["Coolheaded+1","Rebound+1"],"picked":"Echo Form","floor":29.0},{"not_picked":["Redo+1","Leap+1"],"picked":"Steam+1","floor":31.0},{"not_picked":["Rainbow+1","Electrodynamics"],"picked":"Reboot+1","floor":33.0},{"not_picked":["Beam Cell+1","Cold Snap+1"],"picked":"Capacitor+1","floor":35.0},{"not_picked":["Ball Lightning+1","Redo+1"],"picked":"Defragment+1","floor":36.0},{"not_picked":["Cold Snap+1","Reprogram+1"],"picked":"Consume+1","floor":37.0},{"not_picked":["Sadistic Nature","Swift Strike+1"],"picked":"Deep Breath+1","floor":39.0},{"not_picked":["Bandage Up+1","Finesse+1"],"picked":"Mind Blast+1","floor":39.0},{"not_picked":["Redo+1","Beam Cell+1"],"picked":"Steam+1","floor":40},{"not_picked":["Coolheaded+1","Ball Lightning+1"],"picked":"Steam Power+1","floor":41},{"not_picked":["Sweeping Beam+1","Scrape+1"],"picked":"Steam+1","floor":42},{"not_picked":["Conserve Battery+1","Steam+1"],"picked":"Machine Learning","floor":44},{"not_picked":["Gash+1","Fusion+1"],"picked":"Steam+1","floor":45},{"not_picked":["Streamline+1","Compile Driver+1"],"picked":"Melter+1","floor":47}],"player_experience":175500,"relics_obtained":[{"floor":6.0,"key":"Strawberry"},{"floor":9.0,"key":"Bottled Flame"},{"floor":11.0,"key":"Thread and Needle"},{"floor":14.0,"key":"Molten Egg 2"},{"floor":23.0,"key":"Smiling Mask"},{"floor":23.0,"key":"Ginger"},{"floor":26.0,"key":"Centennial Puzzle"},{"floor":27.0,"key":"Du-Vu Doll"},{"floor":27.0,"key":"Ancient Tea Set"},{"floor":29.0,"key":"Kunai"},{"floor":29.0,"key":"Pantograph"},{"floor":40,"key":"Juzu Bracelet"},{"floor":40,"key":"Oddly Smooth Stone"},{"floor":41,"key":"Mango"},{"floor":42,"key":"Pear"},{"floor":42,"key":"Regal Pillow"},{"floor":43,"key":"Gambling Chip"},{"floor":44,"key":"Dodecahedron"},{"floor":44,"key":"Calipers"}],"event_choices":[{"damage_healed":20.0,"max_hp_gain":0.0,"max_hp_loss":0.0,"gold_gain":0.0,"event_name":"The Cleric","player_choice":"Healed","floor":12.0,"gold_loss":35.0,"damage_taken":0.0},{"damage_healed":0.0,"max_hp_gain":0.0,"max_hp_loss":0.0,"gold_gain":0.0,"event_name":"WeMeetAgain","player_choice":"Gave Potion","floor":21.0,"gold_loss":0.0,"damage_taken":0.0,"relics_obtained":["Toxic Egg 2"]},{"damage_healed":0.0,"max_hp_gain":0.0,"max_hp_loss":0.0,"gold_gain":0.0,"event_name":"Match and Keep!","player_choice":"2 cards matched","floor":30.0,"gold_loss":0.0,"damage_taken":0.0,"cards_obtained":["Dramatic Entrance","Creative AI"]},{"damage_healed":0.0,"max_hp_gain":0.0,"max_hp_loss":0.0,"gold_gain":0.0,"event_name":"SensoryStone","player_choice":"Memory 2","floor":39.0,"gold_loss":0.0,"damage_taken":5.0},{"damage_healed":0,"gold_gain":0,"player_choice":"Fight","damage_taken":0,"max_hp_gain":0,"max_hp_loss":0,"event_name":"MindBloom","floor":41,"gold_loss":0},{"cards_removed":["Meteor Strike"],"damage_healed":0,"gold_gain":0,"player_choice":"Removed Attack","damage_taken":0,"max_hp_gain":0,"max_hp_loss":0,"event_name":"Falling","floor":46,"gold_loss":0},{"damage_healed":27,"gold_gain":0,"player_choice":"Writhe","damage_taken":0,"max_hp_gain":0,"max_hp_loss":0,"event_name":"Winding Halls","floor":48,"gold_loss":0,"cards_obtained":["Writhe"]}],"is_beta":false,"boss_relics":[{"not_picked":["Snecko Eye","Sozu"],"picked":"Black Star"},{"not_picked":["FrozenCore","Coffee Dripper"],"picked":"Inserter"}],"items_purged_floors":[38],"is_endless":false,"potions_floor_spawned":[4,5,10,11,13,19,23,25,31,35,36,47],"ascension_level":1}