{"gold_per_floor":[117,147,147,157,173,173,241,266,266,296,308,320,332,361,373,487,499,523,120,120,136,136,156,3,3,26,26,26,26,38,66,66,168,168,183,183,183,183,202,202,216,216,284,284,319,319,0,13,13,13],"floor_reached":50,"playtime":1392,"items_purged":[],"score":544,"play_id":"cb9b4807-cc28-46be-842a-c2f3b4a3721e","local_time":"20190625004204","is_ascension_mode":false,"campfire_choices":[{"data":"Neutralize","floor":6,"key":"SMITH"},{"data":"Dash","floor":11,"key":"SMITH"},{"floor":13,"key":"DIG"},{"floor":15,"key":"DIG"},{"data":"Blade Dance","floor":25,"key":"SMITH"},{"data":"Cloak And Dagger","floor":27,"key":"SMITH"},{"data":"Sucker Punch","floor":29,"key":"SMITH"},{"data":"Dash","floor":32,"key":"SMITH"},{"floor":40,"key":"DIG"},{"floor":42,"key":"DIG"},{"floor":44,"key":"DIG"},{"floor":46,"key":"DIG"},{"floor":49,"key":"DIG"}],"neow_cost":"NONE","seed_source_timestamp":6094839931362,"circlet_count":0,"master_deck":["Defend_G","Defend_G","Defend_G","Defend_G","Defend_G","Strike_G+1","Survivor+1","Neutralize+1","Finisher","Sucker Punch+1","Dash+1","Adrenaline+1","Bullet Time","Dagger Spray+1","Panache+1","Blade Dance+1","Dash+1","Cloak And Dagger+1","Caltrops+1","Dagger Spray","Escape Plan","Venomology","Skewer+1","Leg Sweep+1","Infinite Blades+1","Accuracy+1","Blade Dance+1","Caltrops+1"],"relics":["Runic Dome","Tiny Chest","Letter Opener","Shovel","Dream Catcher","MawBank","Matryoshka","Paper Crane","Busted Crown","Frozen Egg 2","Question Card","Shuriken","The Courier","Snake Skull","Whetstone","Boot","Empty Cage","Meat on the Bone","Bottled Lightning","Torii","Ninja Scroll","War Paint","Mummified Hand","Pen Nib","DollysMirror","Lantern"],"potions_floor_usage":[8,16,16,31,31,33,41,45,45,50,50,50,50],"damage_taken":[{"damage":0,"enemies":"Cultist","floor":1,"turns":4},{"damage":1,"enemies":"Jaw Worm","floor":4,"turns":4},{"damage":0,"enemies":"2 Louse","floor":5,"turns":2},{"damage":13,"enemies":"3 Sentries","floor":8,"turns":7},{"damage":25,"enemies":"Gremlin Nob","floor":10,"turns":6},{"damage":0,"enemies":"Red Slaver","floor":14,"turns":3},{"damage":26,"enemies":"Hexaghost","floor":16,"turns":16},{"damage":5,"enemies":"2 Thieves","floor":18,"turns":4},{"damage":1,"enemies":"Shell Parasite","floor":21,"turns":4},{"damage":21,"enemies":"Snake Plant","floor":23,"turns":5},{"damage":0,"enemies":"Sentry and Sphere","floor":30,"turns":4},{"damage":9,"enemies":"Slavers","floor":31,"turns":3},{"damage":23,"enemies":"Automaton","floor":33,"turns":7},{"damage":9,"enemies":"Orb Walker","floor":35,"turns":4},{"damage":0,"enemies":"3 Shapes","floor":39,"turns":3},{"damage":1,"enemies":"Jaw Worm Horde","floor":41,"turns":3},{"damage":8,"enemies":"Giant Head","floor":45,"turns":7},{"damage":1,"enemies":"Writhing Mass","floor":48,"turns":3},{"damage":53,"enemies":"Time Eater","floor":50,"turns":7}],"seed_played":"3269025977950605908","potions_obtained":[{"floor":1,"key":"Poison Potion"},{"floor":10,"key":"Explosive Potion"},{"floor":14,"key":"SkillPotion"},{"floor":16,"key":"Fire Potion"},{"floor":18,"key":"Poison Potion"},{"floor":30,"key":"Strength Potion"},{"floor":33,"key":"Block Potion"},{"floor":39,"key":"Fire Potion"}],"is_trial":false,"path_per_floor":["M","T","?","M","M","R","T","E","T","E","R","?","R","M","R","B",null,"M","$","T","M","T","M","$","R","T","R","?","R","M","E","R","B",null,"M","?","?","T","M","R","M","R","T","R","E","R","$","M","R","B"],"character_chosen":"THE_SILENT","items_purchased":["Frozen Egg 2","Panache+1","Cloak And Dagger","Caltrops+1","Regen Potion","Accuracy+1","DollysMirror","EssenceOfSteel","Dexterity Potion"],"campfire_rested":0,"item_purchase_floors":[19,19,24,24,24,47,47,47,47],"current_hp_per_floor":[70,70,70,69,69,69,69,56,56,31,31,31,31,31,31,5,70,65,65,65,64,64,43,43,43,43,43,43,43,43,43,43,20,70,61,61,61,61,61,61,60,60,60,60,52,52,52,51,51,0],"gold":13,"neow_bonus":"BOSS_RELIC","is_prod":false,"is_daily":false,"chose_seed":false,"campfire_upgraded":6,"win_rate":0,"timestamp":1561394524,"path_taken":["M","?","?","?","M","R","?","E","T","E","R","?","R","M","R","BOSS","M","$","?","M","?","?","?","R","T","R","?","R","M","E","R","BOSS","M","?","?","?","M","R","M","R","T","R","E","R","$","M","R","BOSS"],"build_version":"2019-01-23","purchased_purges":0,"victory":false,"max_hp_per_floor":[70,70,70,70,70,70,70,70,70,70,70,70,70,70,70,70,70,70,70,70,70,70,70,70,70,70,70,70,70,70,70,70,70,70,70,70,66,66,66,66,66,66,66,66,66,66,66,66,66,66],"card_choices":[{"not_picked":["Slice","Dagger Throw"],"picked":"Finisher","floor":1},{"not_picked":["Acrobatics","Underhanded Strike"],"picked":"Sucker Punch","floor":4},{"not_picked":["Dodge and Roll","Calculated Gamble","Bouncing Flask"],"picked":"SKIP","floor":5},{"not_picked":["Prepared","Riddle With Holes","Caltrops"],"picked":"SKIP","floor":8},{"not_picked":["Concentrate","Underhanded Strike"],"picked":"Dash","floor":10},{"not_picked":["Poisoned Stab","Acrobatics"],"picked":"Adrenaline","floor":14},{"not_picked":["Phantasmal Killer","Envenom"],"picked":"Bullet Time","floor":16},{"not_picked":[],"picked":"Dagger Spray","floor":18},{"not_picked":["Catalyst"],"picked":"Blade Dance","floor":21},{"not_picked":["Flying Knee"],"picked":"Dash","floor":23},{"not_picked":["Deadly Poison+1"],"picked":"Dagger Spray","floor":30},{"not_picked":["Eviscerate"],"picked":"Escape Plan","floor":31},{"not_picked":["Doppelganger"],"picked":"Venomology","floor":33},{"not_picked":["Bane","Underhanded Strike+1"],"picked":"SKIP","floor":35},{"not_picked":["Endless Agony"],"picked":"Skewer+1","floor":39},{"not_picked":["PiercingWail+1"],"picked":"Leg Sweep+1","floor":41},{"not_picked":["Blade Dance+1"],"picked":"Infinite Blades+1","floor":45},{"not_picked":["Flying Knee+1"],"picked":"Caltrops+1","floor":48}],"player_experience":552945,"relics_obtained":[{"floor":2,"key":"Tiny Chest"},{"floor":7,"key":"Letter Opener"},{"floor":8,"key":"Shovel"},{"floor":9,"key":"Dream Catcher"},{"floor":10,"key":"MawBank"},{"floor":13,"key":"Matryoshka"},{"floor":15,"key":"Paper Crane"},{"floor":20,"key":"Question Card"},{"floor":20,"key":"Shuriken"},{"floor":22,"key":"The Courier"},{"floor":22,"key":"Snake Skull"},{"floor":26,"key":"Whetstone"},{"floor":31,"key":"Boot"},{"floor":38,"key":"Meat on the Bone"},{"floor":40,"key":"Bottled Lightning"},{"floor":42,"key":"Torii"},{"floor":43,"key":"Ninja Scroll"},{"floor":44,"key":"War Paint"},{"floor":45,"key":"Mummified Hand"},{"floor":46,"key":"Pen Nib"},{"floor":49,"key":"Lantern"}],"event_choices":[{"cards_removed":["Strike_G"],"damage_healed":0,"gold_gain":0,"player_choice":"Offered Basic","damage_taken":0,"max_hp_gain":0,"max_hp_loss":0,"event_name":"Bonfire Elementals","floor":3,"gold_loss":0},{"cards_removed":["Strike_G"],"damage_healed":0,"gold_gain":0,"player_choice":"Purged","damage_taken":0,"max_hp_gain":0,"max_hp_loss":0,"event_name":"Purifier","floor":12,"gold_loss":0},{"damage_healed":0,"gold_gain":0,"player_choice":"Ignored","damage_taken":0,"max_hp_gain":0,"max_hp_loss":0,"event_name":"Vampires","floor":28,"gold_loss":0},{"damage_healed":0,"gold_gain":0,"player_choice":"Ignored","damage_taken":0,"max_hp_gain":0,"max_hp_loss":0,"event_name":"Tomb of Lord Red Mask","floor":36,"gold_loss":0},{"damage_healed":0,"gold_gain":0,"player_choice":"Max HP","damage_taken":0,"max_hp_gain":0,"max_hp_loss":4,"event_name":"Winding Halls","floor":37,"gold_loss":0}],"is_beta":false,"boss_relics":[{"not_picked":["Philosopher\u0027s Stone","Orrery"],"picked":"Busted Crown"},{"not_picked":["White Beast Statue","Black Star"],"picked":"Empty Cage"}],"items_purged_floors":[],"is_endless":false,"potions_floor_spawned":[1,10,14,16,18,30,33,39,48],"killed_by":"Time Eater","ascension_level":0}