{"gold_per_floor":[111,42,58,58,72,72,107,117,143,171,184,184,284,302,302,406,406,418,418,3,23,37,37,71,71,71,71,35,45,79,79,79,179,179,197,210,210,210,136,170,181,181,181,181,58,70,70,70,70,70],"floor_reached":50,"playtime":2158,"items_purged":["Strike_G"],"score":828,"play_id":"e909ad79-d7d1-4eb1-ae8d-22f75773cca7","local_time":"20190626112902","is_ascension_mode":true,"campfire_choices":[{"data":"Neutralize","floor":6.0,"key":"SMITH"},{"floor":12.0,"key":"REST"},{"data":"Catalyst","floor":15.0,"key":"SMITH"},{"data":"Noxious Fumes","floor":23.0,"key":"SMITH"},{"floor":27.0,"key":"REST"},{"floor":32.0,"key":"REST"},{"data":"Mind Blast","floor":44,"key":"SMITH"},{"floor":47,"key":"REST"},{"data":"Cloak And Dagger","floor":49,"key":"SMITH"}],"neow_cost":"NONE","seed_source_timestamp":0,"circlet_count":0,"master_deck":["AscendersBane","Defend_G+1","Defend_G","Defend_G","Defend_G","Defend_G","Strike_G","Strike_G","Strike_G","Strike_G","Survivor+1","Neutralize+1","Dagger Throw","Cloak And Dagger+1","Noxious Fumes","Backstab","Leg Sweep","Catalyst+1","Escape Plan","Deflect","Bane","Deadly Poison","Unload","Noxious Fumes+1","Bane","Distraction+1","Backflip+1","Footwork","Bouncing Flask","Malaise","Sucker Punch+1","Dagger Throw+1","Footwork","Footwork+1","PiercingWail","Mind Blast+1","Backflip","Choke+1"],"special_seed":0,"relics":["Ring of the Snake","Regal Pillow","War Paint","Blood Vial","Black Star","Ninja Scroll","Omamori","Bronze Scales","Pantograph","Tough Bandages","Shuriken","MutagenicStrength","WristBlade","Unceasing Top","Orichalcum","Darkstone Periapt"],"potions_floor_usage":[50,50],"damage_taken":[{"damage":1.0,"enemies":"Cultist","floor":1.0,"turns":4.0},{"damage":0.0,"enemies":"Jaw Worm","floor":3.0,"turns":5.0},{"damage":0.0,"enemies":"Small Slimes","floor":5.0,"turns":3.0},{"damage":24.0,"enemies":"3 Sentries","floor":7.0,"turns":9.0},{"damage":2.0,"enemies":"Red Slaver","floor":8.0,"turns":4.0},{"damage":15.0,"enemies":"Lagavulin","floor":10.0,"turns":8.0},{"damage":8.0,"enemies":"Large Slime","floor":11.0,"turns":11.0},{"damage":7.0,"enemies":"Exordium Wildlife","floor":14.0,"turns":4.0},{"damage":33.0,"enemies":"Slime Boss","floor":16.0,"turns":13.0},{"damage":4.0,"enemies":"3 Byrds","floor":18.0,"turns":3.0},{"damage":9.0,"enemies":"Chosen","floor":21.0,"turns":4.0},{"damage":12.0,"enemies":"Centurion and Healer","floor":22.0,"turns":6.0},{"damage":22.0,"enemies":"Slavers","floor":24.0,"turns":7.0},{"damage":7.0,"enemies":"Sentry and Sphere","floor":29.0,"turns":6.0},{"damage":32.0,"enemies":"Gremlin Leader","floor":30.0,"turns":7.0},{"damage":47,"enemies":"Champ","floor":33,"turns":11},{"damage":17,"enemies":"3 Darklings","floor":35,"turns":4},{"damage":0,"enemies":"Orb Walker","floor":36,"turns":3},{"damage":20,"enemies":"Nemesis","floor":40,"turns":7},{"damage":16,"enemies":"Transient","floor":41,"turns":5},{"damage":6,"enemies":"Sphere and 2 Shapes","floor":46,"turns":4},{"damage":70,"enemies":"Donu and Deca","floor":50,"turns":5}],"seed_played":"-1481433732890867152","potions_obtained":[{"floor":8.0,"key":"Strength Potion"},{"floor":11.0,"key":"GamblersBrew"},{"floor":16.0,"key":"LiquidBronze"},{"floor":24.0,"key":"GhostInAJar"},{"floor":35,"key":"Ancient Potion"},{"floor":36,"key":"Strength Potion"},{"floor":40,"key":"EssenceOfSteel"}],"is_trial":false,"path_per_floor":["M","$","M","?","M","R","E","M","T","E","M","R","?","M","R","B",null,"M","?","$","M","M","R","E","?","T","R","$","M","E","?","R","B",null,"M","M","?","?","$","E","M","?","T","R","$","M","R","?","R","B"],"character_chosen":"THE_SILENT","items_purchased":["Noxious Fumes","Noxious Fumes","Ninja Scroll","Block Potion","Block Potion","Footwork","Footwork","Backflip"],"campfire_rested":4,"item_purchase_floors":[2,20,20,20,20,28,39,45],"current_hp_per_floor":[62,62,62,62,62,62,38,36,36,21,15,51,51,46,46,15,56,54,54,54,47,37,37,17,17,17,53,53,48,18,18,54,23,58,43,45,63,63,63,45,31,31,31,31,31,27,63,63,63,0],"gold":70,"neow_bonus":"THREE_CARDS","is_prod":false,"is_daily":false,"chose_seed":false,"campfire_upgraded":5,"win_rate":0,"timestamp":1561519742,"path_taken":["M","?","M","?","?","R","E","M","T","E","M","R","?","M","R","BOSS","M","?","$","M","M","R","E","?","T","R","?","M","E","?","R","BOSS","M","M","?","?","$","E","M","?","T","R","?","?","R","?","R","BOSS"],"build_version":"2019-01-23","purchased_purges":1,"victory":false,"max_hp_per_floor":[70,70,70,70,70,70,70,70,70,70,70,70,70,70,70,70,70,70,70,70,70,70,70,70,70,70,70,70,70,70,70,70,70,70,70,70,70,70,70,70,70,70,70,70,70,70,70,70,70,70],"card_choices":[{"not_picked":["Underhanded Strike","Outmaneuver"],"picked":"Dagger Throw","floor":0.0},{"not_picked":["Backflip","Eviscerate"],"picked":"Cloak And Dagger","floor":1.0},{"not_picked":["Catalyst","Dagger Throw"],"picked":"Backstab","floor":3.0},{"not_picked":["Acrobatics","Masterful Stab"],"picked":"Leg Sweep","floor":5.0},{"not_picked":["Storm of Steel","Flechettes"],"picked":"Catalyst","floor":7.0},{"not_picked":["Prepared","Backflip"],"picked":"Escape Plan","floor":8.0},{"not_picked":["Acrobatics","Sucker Punch"],"picked":"Deflect","floor":10.0},{"not_picked":["Bullet Time","Deflect"],"picked":"Bane","floor":11.0},{"not_picked":["Setup","Endless Agony"],"picked":"Deadly Poison","floor":14.0},{"not_picked":["Envenom","Wraith Form v2"],"picked":"Unload","floor":16.0},{"not_picked":["Dagger Spray","Prepared","Outmaneuver"],"picked":"SKIP","floor":18.0},{"not_picked":["Underhanded Strike+1","Outmaneuver"],"picked":"Bane","floor":21.0},{"not_picked":["Cloak And Dagger","Accuracy+1"],"picked":"Distraction+1","floor":22.0},{"not_picked":["Infinite Blades+1","Masterful Stab"],"picked":"Backflip+1","floor":24.0},{"not_picked":["Bane","Bouncing Flask","Blade Dance+1"],"picked":"SKIP","floor":29.0},{"not_picked":["Bane","Blade Dance+1"],"picked":"Bouncing Flask","floor":29.0},{"not_picked":["Underhanded Strike+1","Envenom","Bane"],"picked":"SKIP","floor":30.0},{"not_picked":["Phantasmal Killer","Grand Finale"],"picked":"Malaise","floor":33},{"not_picked":["Flying Knee","Underhanded Strike"],"picked":"Sucker Punch+1","floor":35},{"not_picked":["Deflect","Leg Sweep"],"picked":"Dagger Throw+1","floor":36},{"not_picked":["Acrobatics+1","Cloak And Dagger+1"],"picked":"Footwork+1","floor":40},{"not_picked":["Deflect+1","Dagger Spray"],"picked":"PiercingWail","floor":41},{"not_picked":["Bandage Up","Enlightenment"],"picked":"Mind Blast","floor":42},{"not_picked":["Masterful Stab+1","Poisoned Stab+1"],"picked":"Choke+1","floor":46}],"player_experience":560561,"relics_obtained":[{"floor":7.0,"key":"Regal Pillow"},{"floor":9.0,"key":"War Paint"},{"floor":10.0,"key":"Blood Vial"},{"floor":24.0,"key":"Omamori"},{"floor":24.0,"key":"Bronze Scales"},{"floor":26.0,"key":"Pantograph"},{"floor":30.0,"key":"Tough Bandages"},{"floor":30.0,"key":"Shuriken"},{"floor":40,"key":"Unceasing Top"},{"floor":40,"key":"Orichalcum"},{"floor":43,"key":"Darkstone Periapt"}],"event_choices":[{"damage_healed":0.0,"max_hp_gain":0.0,"max_hp_loss":0.0,"gold_gain":0.0,"event_name":"Purifier","player_choice":"Ignored","floor":4.0,"gold_loss":0.0,"damage_taken":0.0},{"damage_healed":0.0,"max_hp_gain":0.0,"max_hp_loss":0.0,"gold_gain":100.0,"event_name":"Wheel of Change","player_choice":"Gold","floor":13.0,"gold_loss":0.0,"damage_taken":0.0},{"damage_healed":0.0,"max_hp_gain":0.0,"max_hp_loss":0.0,"gold_gain":0.0,"event_name":"Beggar","player_choice":"Ignored","floor":19.0,"gold_loss":0.0,"damage_taken":0.0},{"damage_healed":0.0,"max_hp_gain":0.0,"max_hp_loss":0.0,"gold_gain":0.0,"event_name":"Drug Dealer","player_choice":"Inject Mutagens","floor":31.0,"gold_loss":0.0,"damage_taken":0.0,"relics_obtained":["MutagenicStrength"]},{"damage_healed":18,"gold_gain":0,"player_choice":"Writhe","damage_taken":0,"max_hp_gain":0,"max_hp_loss":0,"event_name":"Winding Halls","floor":37,"gold_loss":0,"cards_obtained":["Writhe"]},{"damage_healed":0,"gold_gain":0,"player_choice":"Ignored","damage_taken":0,"max_hp_gain":0,"max_hp_loss":0,"event_name":"Tomb of Lord Red Mask","floor":38,"gold_loss":0},{"damage_healed":0,"gold_gain":0,"player_choice":"Memory 1","damage_taken":0,"max_hp_gain":0,"max_hp_loss":0,"event_name":"SensoryStone","floor":42,"gold_loss":0},{"damage_healed":0,"gold_gain":0,"player_choice":"Ignored","damage_taken":0,"max_hp_gain":0,"max_hp_loss":0,"event_name":"Mysterious Sphere","floor":48,"gold_loss":0}],"is_beta":false,"boss_relics":[{"not_picked":["Eternal Feather","Ring of the Serpent"],"picked":"Black Star"},{"not_picked":["Orrery","Snecko Eye"],"picked":"WristBlade"}],"items_purged_floors":[45],"is_endless":false,"potions_floor_spawned":[8,11,16,21,24,35,36,40],"killed_by":"Donu and Deca","ascension_level":11}