{"gold_per_floor":[116,391,28,41,41,69,81,115,115,144,160,180,190,190,190,289,289,229,113,113,113,22,22,22,22,22,22,22,22,22,22,22,22,22,22,22,22,22,22,22,22,22,22,22,22,0,0,0,0,0,0,0,0,0,0],"floor_reached":56,"playtime":4476,"items_purged":["Regret"],"score":1952,"play_id":"1c8b23f9-b58c-4a3f-b483-d00facb28d37","local_time":"20190606052007","is_ascension_mode":true,"campfire_choices":[{"floor":15.0,"key":"REST"},{"floor":23.0,"key":"REST"},{"floor":30.0,"key":"REST"},{"floor":32.0,"key":"REST"},{"data":"1","floor":42.0,"key":"LIFT"},{"data":"2","floor":44.0,"key":"LIFT"},{"floor":49.0,"key":"RECALL"},{"data":"3","floor":52.0,"key":"LIFT"}],"neow_cost":"NONE","seed_source_timestamp":0,"circlet_count":0,"master_deck":["AscendersBane","Strike_R","Strike_R","Defend_R","Defend_R","Defend_R","Defend_R","Bash","Corruption","Battle Trance","Warcry","Barricade","Shrug It Off","Pummel","Reckless Charge","Armaments","Burning Pact","Double Tap","True Grit","Inflame","Seeing Red","Flex+1","Panacea","Body Slam","Disarm","Spot Weakness","Demon Form","Corruption+1","Juggernaut+1","Demon Form+1","Pummel","Warcry","Regret","Headbutt","Sentinel+1","The Bomb","Spot Weakness+1","Limit Break","Madness","Madness","Power Through+1"],"special_seed":0,"relics":["Burning Blood","NeowsBlessing","Dead Branch","StoneCalendar","Blue Candle","Sundial","Nunchaku","Ectoplasm","Bronze Scales","Ice Cream","Anchor","Enchiridion","Astrolabe","Girya","Dream Catcher","Gremlin Horn","Red Mask","PreservedInsect","Bottled Lightning"],"potions_floor_usage":[55,55,55],"damage_taken":[{"damage":0.0,"enemies":"2 Louse","floor":1.0,"turns":1.0},{"damage":0.0,"enemies":"Cultist","floor":4.0,"turns":1.0},{"damage":0.0,"enemies":"Lagavulin","floor":6.0,"turns":1.0},{"damage":7.0,"enemies":"Jaw Worm","floor":7.0,"turns":3.0},{"damage":55.0,"enemies":"Gremlin Nob","floor":8.0,"turns":5.0},{"damage":23.0,"enemies":"3 Sentries","floor":10.0,"turns":4.0},{"damage":4.0,"enemies":"3 Louse","floor":11.0,"turns":4.0},{"damage":4.0,"enemies":"Red Slaver","floor":12.0,"turns":2.0},{"damage":15.0,"enemies":"Lots of Slimes","floor":13.0,"turns":4.0},{"damage":16.0,"enemies":"The Guardian","floor":16.0,"turns":6.0},{"damage":11.0,"enemies":"2 Thieves","floor":18.0,"turns":3.0},{"damage":24.0,"enemies":"3 Byrds","floor":20.0,"turns":7.0},{"damage":11.0,"enemies":"Shelled Parasite and Fungi","floor":21.0,"turns":3.0},{"damage":19.0,"enemies":"Book of Stabbing","floor":24.0,"turns":5.0},{"damage":15.0,"enemies":"Cultist and Chosen","floor":27.0,"turns":4.0},{"damage":22.0,"enemies":"Slavers","floor":29.0,"turns":3.0},{"damage":1.0,"enemies":"Collector","floor":33.0,"turns":3.0},{"damage":10.0,"enemies":"3 Darklings","floor":35.0,"turns":2.0},{"damage":0.0,"enemies":"Orb Walker","floor":36.0,"turns":1.0},{"damage":4.0,"enemies":"Sphere and 2 Shapes","floor":38.0,"turns":4.0},{"damage":11.0,"enemies":"Maw","floor":39.0,"turns":2.0},{"damage":8.0,"enemies":"Nemesis","floor":40.0,"turns":5.0},{"damage":2.0,"enemies":"Giant Head","floor":45.0,"turns":5.0},{"damage":25.0,"enemies":"Reptomancer","floor":47.0,"turns":4.0},{"damage":13.0,"enemies":"Time Eater","floor":50.0,"turns":4.0},{"damage":34.0,"enemies":"Shield and Spear","floor":54.0,"turns":3.0},{"damage":29,"enemies":"The Heart","floor":55,"turns":5}],"seed_played":"-1542407125837789746","potions_obtained":[{"floor":4.0,"key":"LiquidBronze"},{"floor":6.0,"key":"GamblersBrew"},{"floor":10.0,"key":"Explosive Potion"},{"floor":18.0,"key":"Poison Potion"},{"floor":24.0,"key":"Explosive Potion"},{"floor":29.0,"key":"Strength Potion"},{"floor":33.0,"key":"SpeedPotion"},{"floor":36.0,"key":"AttackPotion"},{"floor":47.0,"key":"SpeedPotion"},{"floor":54.0,"key":"Weak Potion"}],"is_trial":false,"path_per_floor":["M","?","$","M","$","E","M","E","T","E","M","M","M","?","R","B",null,"M","$","M","M","$","R","E","?","T","M","$","E","R","?","R","B",null,"M","M","?","M","M","E","?","R","T","R","E","?","E","?","R","B",null,"R","$","E","B",null],"character_chosen":"IRONCLAD","items_purchased":["Dead Branch","Inflame","Dexterity Potion","Panacea"],"campfire_rested":4,"item_purchase_floors":[3,19,19,22],"current_hp_per_floor":[78,78,78,80,80,80,79,30,30,13,15,17,8,8,32,22,66,61,61,43,38,38,62,49,49,49,40,40,24,48,32,56,61,75,71,77,77,79,74,72,72,72,72,72,76,76,57,47,47,40,70,70,70,42,19],"gold":0,"neow_bonus":"THREE_ENEMY_KILL","is_prod":false,"is_daily":false,"chose_seed":false,"campfire_upgraded":0,"win_rate":0,"timestamp":1559812807,"path_taken":["M","?","$","M","$","E","?","E","T","E","?","M","M","?","R","BOSS","M","$","M","M","$","R","E","?","T","?","?","E","R","?","R","BOSS","M","M","?","?","?","E","?","R","T","R","E","?","E","?","R","BOSS","R","$","E","BOSS"],"build_version":"2019-01-23","purchased_purges":1,"victory":true,"max_hp_per_floor":[80,80,80,80,80,80,80,80,80,80,80,80,80,80,80,80,80,80,80,80,80,80,80,80,80,80,80,80,80,80,80,80,80,80,80,80,80,80,80,80,80,80,80,80,80,80,80,80,80,80,80,80,80,80,80],"card_choices":[{"not_picked":["Iron Wave","Shrug It Off"],"picked":"Corruption","floor":1.0},{"not_picked":["Cleave","Sever Soul"],"picked":"Battle Trance","floor":4.0},{"not_picked":["Rage","Clash"],"picked":"Warcry","floor":6.0},{"not_picked":["Uppercut","Wild Strike"],"picked":"Barricade","floor":7.0},{"not_picked":["Pommel Strike","Flex"],"picked":"Shrug It Off","floor":8.0},{"not_picked":["Sword Boomerang","Anger"],"picked":"Pummel","floor":10.0},{"not_picked":["Heavy Blade","Clothesline"],"picked":"Reckless Charge","floor":11.0},{"not_picked":["Cleave","Clash"],"picked":"Armaments","floor":12.0},{"not_picked":["Searing Blow","Pummel"],"picked":"Burning Pact","floor":13.0},{"not_picked":["Brutality","Berserk"],"picked":"Double Tap","floor":16.0},{"not_picked":["Blood for Blood+1","Thunderclap"],"picked":"True Grit","floor":18.0},{"not_picked":["Shrug It Off+1","Armaments+1"],"picked":"Seeing Red","floor":20.0},{"not_picked":["Perfected Strike","Corruption"],"picked":"Flex+1","floor":21.0},{"not_picked":["Reckless Charge","Heavy Blade"],"picked":"Body Slam","floor":24.0},{"not_picked":["Carnage","Uppercut"],"picked":"Disarm","floor":27.0},{"not_picked":["Bludgeon","Perfected Strike"],"picked":"Spot Weakness","floor":29.0},{"not_picked":["Limit Break","Bludgeon"],"picked":"Demon Form","floor":33.0},{"not_picked":["Cleave+1","Clash"],"picked":"Pummel","floor":35.0},{"not_picked":["Clash","Carnage"],"picked":"Warcry","floor":36.0},{"not_picked":["Body Slam","Iron Wave"],"picked":"Headbutt","floor":38.0},{"not_picked":["Thunderclap+1","Pommel Strike","Headbutt+1"],"picked":"SKIP","floor":39.0},{"not_picked":["Armaments","Wild Strike"],"picked":"Sentinel+1","floor":40.0},{"not_picked":["Good Instincts","PanicButton"],"picked":"The Bomb","floor":41.0},{"not_picked":["Dual Wield","Flex+1"],"picked":"Spot Weakness+1","floor":45.0},{"not_picked":["Combust","Sever Soul+1"],"picked":"Limit Break","floor":47.0},{"not_picked":["Brutality","Uppercut"],"picked":"Power Through+1","floor":54.0}],"player_experience":319220,"relics_obtained":[{"floor":6.0,"key":"StoneCalendar"},{"floor":8.0,"key":"Blue Candle"},{"floor":9.0,"key":"Sundial"},{"floor":10.0,"key":"Nunchaku"},{"floor":24.0,"key":"Bronze Scales"},{"floor":25.0,"key":"Ice Cream"},{"floor":29.0,"key":"Anchor"},{"floor":31.0,"key":"Enchiridion"},{"floor":40.0,"key":"Girya"},{"floor":43.0,"key":"Dream Catcher"},{"floor":45.0,"key":"Gremlin Horn"},{"floor":47.0,"key":"PreservedInsect"},{"floor":54.0,"key":"Bottled Lightning"}],"event_choices":[{"damage_healed":0.0,"max_hp_gain":0.0,"max_hp_loss":0.0,"gold_gain":275.0,"event_name":"Golden Shrine","player_choice":"Desecrate","floor":2.0,"gold_loss":0.0,"damage_taken":0.0,"cards_obtained":["Regret"]},{"damage_healed":0.0,"max_hp_gain":0.0,"max_hp_loss":0.0,"gold_gain":0.0,"event_name":"Dead Adventurer","player_choice":"Searched \u00271\u0027 times","floor":14.0,"gold_loss":0.0,"damage_taken":0.0},{"damage_healed":0.0,"max_hp_gain":0.0,"max_hp_loss":0.0,"gold_gain":0.0,"event_name":"Wheel of Change","player_choice":"Relic","floor":25.0,"gold_loss":0.0,"damage_taken":0.0},{"damage_healed":0.0,"max_hp_gain":0.0,"max_hp_loss":0.0,"gold_gain":0.0,"event_name":"Cursed Tome","player_choice":"Obtained Book","floor":31.0,"gold_loss":0.0,"damage_taken":16.0},{"damage_healed":0.0,"max_hp_gain":0.0,"max_hp_loss":0.0,"gold_gain":275.0,"event_name":"Golden Shrine","player_choice":"Desecrate","floor":37.0,"gold_loss":0.0,"damage_taken":0.0,"cards_obtained":["Regret"]},{"damage_healed":0.0,"max_hp_gain":0.0,"max_hp_loss":0.0,"gold_gain":0.0,"event_name":"SensoryStone","player_choice":"Memory 1","floor":41.0,"gold_loss":0.0,"damage_taken":0.0},{"damage_healed":0.0,"max_hp_gain":0.0,"max_hp_loss":0.0,"gold_gain":0.0,"event_name":"Tomb of Lord Red Mask","player_choice":"Paid","floor":46.0,"gold_loss":22.0,"damage_taken":0.0,"relics_obtained":["Red Mask"]},{"damage_healed":0.0,"max_hp_gain":0.0,"max_hp_loss":0.0,"gold_gain":0.0,"event_name":"Winding Halls","player_choice":"Embrace Madness","floor":48.0,"gold_loss":0.0,"damage_taken":10.0,"cards_obtained":["Madness","Madness"]}],"is_beta":false,"boss_relics":[{"not_picked":["Lizard Tail","Orrery"],"picked":"Ectoplasm"},{"not_picked":["Runic Dome","Snecko Eye"],"picked":"Astrolabe"}],"items_purged_floors":[3],"is_endless":false,"potions_floor_spawned":[4,6,10,18,24,29,33,36,38,47,54],"ascension_level":10}