{"gold_per_floor":[114,114,114,114,127,127,143,187,266,279,37,52,52,72,72,163,163,187,187,187,206,48,48,83,8,31,31,44,44,65,98,98,191,191,204,224,224,245,245,245,1,26,26,26],"floor_reached":44,"playtime":4010,"items_purged":["Strike_B"],"score":966,"play_id":"e0cb5bb3-1d02-4a81-aa35-aa567de16285","local_time":"20190603180445","is_ascension_mode":true,"campfire_choices":[{"data":"Streamline","floor":6.0,"key":"SMITH"},{"floor":13.0,"key":"REST"},{"data":"Barrage","floor":15.0,"key":"SMITH"},{"floor":23.0,"key":"REST"},{"data":"Ghostly","floor":27.0,"key":"SMITH"},{"data":"Ghostly","floor":32.0,"key":"SMITH"},{"data":"Master of Strategy","floor":40,"key":"SMITH"}],"neow_cost":"NONE","seed_source_timestamp":0,"circlet_count":0,"master_deck":["AscendersBane","Strike_B+1","Strike_B+1","Defend_B","Defend_B","Defend_B","Zap","Dualcast","Cold Snap","Streamline+1","Go for the Eyes","Hologram","Cold Snap","Barrage+1","Ghostly+1","Ghostly+1","Ghostly","Self Repair","Glacier","Static Discharge","Ghostly+1","Compile Driver","Echo Form","Master of Strategy+1","Dark Shackles","Panache","Stack"],"special_seed":0,"relics":["Cracked Core","Golden Idol","Bag of Marbles","Mummified Hand","PreservedInsect","Enchiridion","Incense Burner","Oddly Smooth Stone","Peace Pipe","Inserter"],"potions_floor_usage":[33,44],"damage_taken":[{"damage":0.0,"enemies":"Small Slimes","floor":1.0,"turns":3.0},{"damage":0.0,"enemies":"2 Louse","floor":5.0,"turns":2.0},{"damage":2.0,"enemies":"Jaw Worm","floor":7.0,"turns":3.0},{"damage":21.0,"enemies":"3 Sentries","floor":8.0,"turns":8.0},{"damage":2.0,"enemies":"Looter","floor":10.0,"turns":3.0},{"damage":0.0,"enemies":"2 Fungi Beasts","floor":12.0,"turns":2.0},{"damage":0.0,"enemies":"3 Louse","floor":14.0,"turns":3.0},{"damage":18.0,"enemies":"Slime Boss","floor":16.0,"turns":11.0},{"damage":20.0,"enemies":"Spheric Guardian","floor":18.0,"turns":4.0},{"damage":8.0,"enemies":"Shell Parasite","floor":21.0,"turns":6.0},{"damage":0.0,"enemies":"Slavers","floor":24.0,"turns":7.0},{"damage":0.0,"enemies":"Snake Plant","floor":28.0,"turns":5.0},{"damage":2.0,"enemies":"3 Cultists","floor":30.0,"turns":7.0},{"damage":2.0,"enemies":"Gremlin Leader","floor":31.0,"turns":12.0},{"damage":0,"enemies":"Automaton","floor":33,"turns":17},{"damage":0,"enemies":"3 Shapes","floor":35,"turns":7},{"damage":0,"enemies":"Orb Walker","floor":36,"turns":4},{"damage":4,"enemies":"3 Darklings","floor":38,"turns":8},{"damage":9,"enemies":"Maw","floor":42,"turns":8},{"damage":41,"enemies":"Reptomancer","floor":44,"turns":2}],"seed_played":"-8372017475874090955","potions_obtained":[{"floor":1.0,"key":"Block Potion"},{"floor":8.0,"key":"Fruit Juice"},{"floor":14.0,"key":"FearPotion"},{"floor":16.0,"key":"FocusPotion"},{"floor":21.0,"key":"FocusPotion"},{"floor":30.0,"key":"SneckoOil"},{"floor":33,"key":"EssenceOfSteel"},{"floor":38,"key":"SteroidPotion"},{"floor":42,"key":"LiquidBronze"}],"is_trial":false,"path_per_floor":["M","?","?","?","M","R","M","E","T","M","$","M","R","M","R","B",null,"M","?","?","M","$","R","E","?","T","R","M","?","M","E","R","B",null,"M","M","?","M","?","R","$","M","T","E"],"character_chosen":"DEFECT","items_purchased":["PreservedInsect","Self Repair","Glacier","Panache","Stack"],"campfire_rested":2,"item_purchase_floors":[11,22,22,41,41],"current_hp_per_floor":[64,43,36,36,36,36,34,13,13,11,11,11,30,30,30,12,51,31,10,10,7,7,18,25,25,25,25,32,32,30,37,37,37,37,37,37,37,37,27,27,27,25,25,0],"gold":26,"neow_bonus":"THREE_CARDS","is_prod":false,"is_daily":false,"chose_seed":false,"campfire_upgraded":5,"win_rate":0,"timestamp":1559599485,"path_taken":["M","?","?","?","M","R","M","E","T","M","?","M","R","M","R","BOSS","M","?","?","M","$","R","E","?","T","R","M","?","M","E","R","BOSS","M","?","?","M","?","R","?","M","T","E"],"build_version":"2019-01-23","purchased_purges":1,"victory":false,"max_hp_per_floor":[71,71,71,64,64,64,64,64,64,64,64,64,64,64,64,64,64,64,64,32,37,37,37,37,37,37,37,37,37,37,37,37,37,37,37,37,37,37,37,37,37,37,37,37],"card_choices":[{"not_picked":["Rebound","Stack"],"picked":"Cold Snap","floor":0.0},{"not_picked":["Redo","Barrage"],"picked":"Streamline","floor":1.0},{"not_picked":["Rebound","Redo","Recycle"],"picked":"SKIP","floor":5.0},{"not_picked":["Storm","Aggregate"],"picked":"Go for the Eyes","floor":7.0},{"not_picked":["Turbo","Melter"],"picked":"Hologram","floor":8.0},{"not_picked":["Stack","Chill","Streamline"],"picked":"SKIP","floor":10.0},{"not_picked":["Stack","Multi-Cast"],"picked":"Cold Snap","floor":12.0},{"not_picked":["White Noise","Gash"],"picked":"Barrage","floor":14.0},{"not_picked":["Rebound","Gash","Steam Power"],"picked":"SKIP","floor":18.0},{"not_picked":["Consume","Hologram","Force Field"],"picked":"SKIP","floor":21.0},{"not_picked":["Fusion","Redo"],"picked":"Conserve Battery","floor":24.0},{"not_picked":["Ball Lightning","Rebound"],"picked":"Static Discharge","floor":28.0},{"not_picked":["Hologram","Ball Lightning+1","Reboot"],"picked":"SKIP","floor":30.0},{"not_picked":["Rebound","Conserve Battery"],"picked":"Compile Driver","floor":31.0},{"not_picked":["Multi-Cast","Machine Learning"],"picked":"Echo Form","floor":33},{"not_picked":["Skim","Streamline+1","Rebound"],"picked":"SKIP","floor":35},{"not_picked":["Sweeping Beam","Steam","Streamline"],"picked":"SKIP","floor":36},{"not_picked":["Chill","Redo+1","Hologram"],"picked":"SKIP","floor":38},{"not_picked":["Mind Blast","Forethought"],"picked":"Master of Strategy","floor":39},{"not_picked":["Enlightenment","PanicButton"],"picked":"Dark Shackles","floor":39}],"player_experience":2256782,"relics_obtained":[{"floor":8.0,"key":"Bag of Marbles"},{"floor":9.0,"key":"Mummified Hand"},{"floor":19.0,"key":"Enchiridion"},{"floor":24.0,"key":"Incense Burner"},{"floor":26.0,"key":"Oddly Smooth Stone"},{"floor":31.0,"key":"Peace Pipe"}],"event_choices":[{"damage_healed":0.0,"max_hp_gain":0.0,"max_hp_loss":0.0,"gold_gain":0.0,"event_name":"Shining Light","player_choice":"Entered Light","floor":2.0,"gold_loss":0.0,"damage_taken":21.0,"cards_upgraded":["Strike_B","Strike_B"]},{"cards_removed":["Strike_B"],"damage_healed":0.0,"max_hp_gain":0.0,"max_hp_loss":0.0,"gold_gain":0.0,"event_name":"Golden Wing","player_choice":"Card Removal","floor":3.0,"gold_loss":0.0,"damage_taken":7.0},{"damage_healed":0.0,"max_hp_gain":0.0,"max_hp_loss":7.0,"gold_gain":0.0,"event_name":"Golden Idol","player_choice":"Lose Max HP","floor":4.0,"gold_loss":0.0,"damage_taken":0.0,"relics_obtained":["Golden Idol"]},{"damage_healed":0.0,"max_hp_gain":0.0,"max_hp_loss":0.0,"gold_gain":0.0,"event_name":"Cursed Tome","player_choice":"Obtained Book","floor":19.0,"gold_loss":0.0,"damage_taken":21.0},{"damage_healed":0.0,"max_hp_gain":0.0,"max_hp_loss":32.0,"gold_gain":0.0,"event_name":"Ghosts","player_choice":"Became a Ghost","floor":20.0,"gold_loss":0.0,"damage_taken":0.0,"cards_obtained":["Ghostly","Ghostly","Ghostly"]},{"cards_removed":["Defend_B"],"damage_healed":0.0,"max_hp_gain":0.0,"max_hp_loss":0.0,"gold_gain":0.0,"event_name":"Beggar","player_choice":"Gave Gold","floor":25.0,"gold_loss":75.0,"damage_taken":0.0},{"damage_healed":0.0,"max_hp_gain":0.0,"max_hp_loss":0.0,"gold_gain":0.0,"event_name":"Duplicator","player_choice":"Copied","floor":29.0,"gold_loss":0.0,"damage_taken":0.0,"cards_obtained":["Ghostly"]},{"cards_removed":["Conserve Battery"],"damage_healed":0,"gold_gain":0,"player_choice":"Removed Skill","damage_taken":0,"max_hp_gain":0,"max_hp_loss":0,"event_name":"Falling","floor":37,"gold_loss":0},{"damage_healed":0,"gold_gain":0,"player_choice":"Memory 3","damage_taken":10,"max_hp_gain":0,"max_hp_loss":0,"event_name":"SensoryStone","floor":39,"gold_loss":0}],"is_beta":false,"boss_relics":[{"not_picked":["Runic Dome","Pandora\u0027s Box","Empty Cage"]},{"not_picked":["Orrery","Astrolabe"],"picked":"Inserter"}],"items_purged_floors":[11],"is_endless":false,"potions_floor_spawned":[1,8,14,16,21,30,33,38,42],"killed_by":"Reptomancer","ascension_level":16}