{"gold_per_floor":[119,132,132,143,22,22,57,57,84,94,111,137,137,166,166,267,267,285,303,322,334,259,259,284,9,33,33,67,67,84,84,84,179,179,189,189,289,38,48,78,78,93,93,44,77,95,107,142,142,142,142,142,42,72,72],"floor_reached":55,"playtime":4002,"items_purged":["Defend_R+1","Defend_R+1"],"score":1218,"play_id":"ca7c6b54-6984-48cd-9a1d-f5d6890e5835","local_time":"20190604020737","is_ascension_mode":true,"campfire_choices":[{"data":"Spot Weakness","floor":6.0,"key":"SMITH"},{"data":"Rampage","floor":8.0,"key":"SMITH"},{"floor":13.0,"key":"REST"},{"data":"Limit Break","floor":15.0,"key":"SMITH"},{"data":"Seeing Red","floor":23.0,"key":"SMITH"},{"data":"Limit Break","floor":27.0,"key":"SMITH"},{"data":"Seeing Red","floor":32.0,"key":"SMITH"},{"floor":41.0,"key":"RECALL"},{"data":"Double Tap","floor":49.0,"key":"SMITH"},{"data":"Disarm","floor":52.0,"key":"SMITH"}],"neow_cost":"NONE","seed_source_timestamp":121678136298804,"circlet_count":0,"master_deck":["Strike_R+1","Strike_R+1","Strike_R+1","Strike_R+1","Bash","Perfected Strike","Disarm+1","Spot Weakness+1","Whirlwind","Shrug It Off","Rampage+1","Clothesline","Battle Trance","Limit Break+1","Armaments","Impervious","Disarm","Seeing Red+1","Perfected Strike","Limit Break+1","Shrug It Off","Seeing Red+1","Iron Wave","Headbutt","Exhume","Warcry+1","Shrug It Off","Headbutt","Battle Trance+1","Parasite","Headbutt+1","Double Tap+1","Inflame"],"special_seed":0,"relics":["Burning Blood","NeowsBlessing","CultistMask","Orichalcum","Art of War","Juzu Bracelet","Strawberry","Cursed Key","MawBank","Lee\u0027s Waffle","PreservedInsect","Centennial Puzzle","Empty Cage","Gambling Chip","Oddly Smooth Stone","Self Forming Clay","Kunai","Omamori","Anchor"],"potions_floor_usage":[55],"damage_taken":[{"damage":0.0,"enemies":"Small Slimes","floor":1.0,"turns":1.0},{"damage":0.0,"enemies":"Cultist","floor":2.0,"turns":1.0},{"damage":0.0,"enemies":"2 Louse","floor":4.0,"turns":1.0},{"damage":58.0,"enemies":"Lagavulin","floor":7.0,"turns":11.0},{"damage":1.0,"enemies":"2 Fungi Beasts","floor":10.0,"turns":4.0},{"damage":17.0,"enemies":"Exordium Thugs","floor":11.0,"turns":6.0},{"damage":12.0,"enemies":"3 Sentries","floor":12.0,"turns":3.0},{"damage":22.0,"enemies":"Lagavulin","floor":14.0,"turns":5.0},{"damage":13.0,"enemies":"The Guardian","floor":16.0,"turns":9.0},{"damage":0.0,"enemies":"Chosen","floor":18.0,"turns":4.0},{"damage":5.0,"enemies":"Shell Parasite","floor":19.0,"turns":8.0},{"damage":16.0,"enemies":"Centurion and Healer","floor":20.0,"turns":5.0},{"damage":21.0,"enemies":"Snake Plant","floor":21.0,"turns":4.0},{"damage":44.0,"enemies":"Gremlin Leader","floor":24.0,"turns":7.0},{"damage":19.0,"enemies":"Slavers","floor":28.0,"turns":5.0},{"damage":10.0,"enemies":"Shelled Parasite and Fungi","floor":30.0,"turns":5.0},{"damage":37.0,"enemies":"Collector","floor":33.0,"turns":7.0},{"damage":6.0,"enemies":"Orb Walker","floor":35.0,"turns":4.0},{"damage":8.0,"enemies":"Mind Bloom Boss Battle","floor":37.0,"turns":10.0},{"damage":17.0,"enemies":"3 Darklings","floor":39.0,"turns":4.0},{"damage":0.0,"enemies":"Nemesis","floor":40.0,"turns":5.0},{"damage":14.0,"enemies":"Spire Growth","floor":42.0,"turns":5.0},{"damage":0.0,"enemies":"Giant Head","floor":45.0,"turns":4.0},{"damage":0.0,"enemies":"Transient","floor":46.0,"turns":5.0},{"damage":0.0,"enemies":"4 Shapes","floor":47.0,"turns":6.0},{"damage":3.0,"enemies":"Nemesis","floor":48.0,"turns":7.0},{"damage":36.0,"enemies":"Donu and Deca","floor":50.0,"turns":5.0},{"damage":56.0,"enemies":"Shield and Spear","floor":54.0,"turns":5.0},{"damage":37,"enemies":"The Heart","floor":55,"turns":5}],"seed_played":"-8427569958961757747","potions_obtained":[{"floor":2.0,"key":"Dexterity Potion"},{"floor":4.0,"key":"Dexterity Potion"},{"floor":7.0,"key":"Swift Potion"},{"floor":11.0,"key":"Strength Potion"},{"floor":16.0,"key":"AttackPotion"},{"floor":20.0,"key":"Dexterity Potion"},{"floor":21.0,"key":"Poison Potion"},{"floor":28.0,"key":"Weak Potion"},{"floor":39.0,"key":"Regen Potion"},{"floor":42.0,"key":"Swift Potion"},{"floor":46.0,"key":"Strength Potion"},{"floor":54.0,"key":"GamblersBrew"}],"is_trial":false,"path_per_floor":["M","M","?","M","$","R","E","R","T","M","M","E","R","E","R","B",null,"M","M","M","M","?","R","E","$","T","R","E","?","M","?","R","B",null,"M","?","?","$","M","E","R","M","T","$","E","M","M","E","R","B",null,"R","$","E","B"],"character_chosen":"IRONCLAD","items_purchased":["Whirlwind","Shrug It Off","Lee\u0027s Waffle","Shrug It Off","Strength Potion","Shrug It Off","Oddly Smooth Stone","Strength Potion"],"campfire_rested":1,"item_purchase_floors":[5,5,25,25,25,38,38,44],"current_hp_per_floor":[78,80,80,80,80,80,28,28,28,33,22,16,40,31,31,24,71,77,78,68,53,53,53,15,94,94,94,81,81,77,77,77,46,82,82,82,80,80,69,75,75,67,67,67,82,88,94,94,94,64,87,87,87,37,0],"gold":72,"neow_bonus":"THREE_ENEMY_KILL","is_prod":false,"is_daily":false,"chose_seed":false,"campfire_upgraded":8,"win_rate":0,"timestamp":1559628457,"path_taken":["M","M","?","M","$","R","E","R","T","M","M","E","R","E","R","BOSS","M","M","M","M","?","R","E","$","T","R","E","?","M","?","R","BOSS","M","?","?","$","M","E","R","M","T","$","E","M","M","E","R","BOSS","R","$","E","BOSS"],"build_version":"2019-01-23","purchased_purges":2,"victory":false,"max_hp_per_floor":[80,80,80,80,80,80,80,80,80,80,80,80,80,87,87,87,87,87,87,87,87,87,87,87,94,94,94,94,94,94,94,94,94,94,94,94,94,94,94,94,94,94,94,94,94,94,94,94,94,94,94,94,94,94,94],"card_choices":[{"not_picked":["Pommel Strike","Spot Weakness"],"picked":"Perfected Strike","floor":1.0},{"not_picked":["Bloodletting","Wild Strike"],"picked":"Disarm","floor":2.0},{"not_picked":["Twin Strike","Shockwave"],"picked":"Spot Weakness","floor":4.0},{"not_picked":["Seeing Red","Rage"],"picked":"Rampage","floor":7.0},{"not_picked":["Carnage","Second Wind"],"picked":"Clothesline","floor":10.0},{"not_picked":["Sword Boomerang","Havoc"],"picked":"Battle Trance","floor":11.0},{"not_picked":["Ghostly Armor","Iron Wave"],"picked":"Limit Break","floor":12.0},{"not_picked":["Entrench","Rage"],"picked":"Armaments","floor":14.0},{"not_picked":["Double Tap","Fiend Fire"],"picked":"Impervious","floor":16.0},{"not_picked":["Iron Wave","Havoc+1"],"picked":"Disarm","floor":18.0},{"not_picked":["Wild Strike","Sentinel+1"],"picked":"Seeing Red","floor":19.0},{"not_picked":["Rampage","Power Through+1"],"picked":"Perfected Strike","floor":20.0},{"not_picked":["Warcry","Blood for Blood","Fire Breathing"],"picked":"SKIP","floor":21.0},{"not_picked":["Havoc+1","Warcry"],"picked":"Limit Break","floor":24.0},{"not_picked":["Dropkick","Intimidate+1"],"picked":"Seeing Red","floor":28.0},{"not_picked":["Havoc","Rage"],"picked":"Iron Wave","floor":30.0},{"not_picked":["Immolate","Fiend Fire"],"picked":"Exhume","floor":33.0},{"not_picked":["Searing Blow+1","Armaments","Entrench"],"picked":"SKIP","floor":35.0},{"not_picked":["Havoc","Sword Boomerang+1"],"picked":"Warcry+1","floor":37.0},{"not_picked":["Ghostly Armor+1","Heavy Blade"],"picked":"Headbutt","floor":39.0},{"not_picked":["Armaments+1","Second Wind","Fire Breathing+1"],"picked":"SKIP","floor":40.0},{"not_picked":["Twin Strike","Armaments"],"picked":"Battle Trance+1","floor":42.0},{"not_picked":["Spot Weakness+1","Anger+1"],"picked":"Headbutt+1","floor":45.0},{"not_picked":["Rampage+1","Twin Strike+1","True Grit"],"picked":"SKIP","floor":46.0},{"not_picked":["Body Slam","Reckless Charge","Clash+1"],"picked":"SKIP","floor":47.0},{"not_picked":["Rupture","Thunderclap"],"picked":"Double Tap","floor":48.0},{"not_picked":["Clash","Headbutt+1"],"picked":"Inflame","floor":54.0}],"player_experience":313764,"relics_obtained":[{"floor":7.0,"key":"Orichalcum"},{"floor":9.0,"key":"Art of War"},{"floor":12.0,"key":"Juzu Bracelet"},{"floor":14.0,"key":"Strawberry"},{"floor":24.0,"key":"MawBank"},{"floor":26.0,"key":"PreservedInsect"},{"floor":28.0,"key":"Centennial Puzzle"},{"floor":37.0,"key":"Gambling Chip"},{"floor":40.0,"key":"Self Forming Clay"},{"floor":45.0,"key":"Kunai"},{"floor":48.0,"key":"Omamori"},{"floor":54.0,"key":"Anchor"}],"event_choices":[{"damage_healed":0.0,"max_hp_gain":0.0,"max_hp_loss":0.0,"gold_gain":0.0,"event_name":"FaceTrader","player_choice":"Trade","floor":3.0,"gold_loss":0.0,"damage_taken":0.0,"relics_obtained":["CultistMask"]},{"cards_removed":["Defend_R"],"damage_healed":0.0,"max_hp_gain":0.0,"max_hp_loss":0.0,"gold_gain":0.0,"event_name":"Beggar","player_choice":"Gave Gold","floor":22.0,"gold_loss":75.0,"damage_taken":0.0},{"damage_healed":0.0,"max_hp_gain":0.0,"max_hp_loss":0.0,"gold_gain":0.0,"event_name":"Back to Basics","player_choice":"Simplicity","floor":29.0,"gold_loss":0.0,"damage_taken":0.0,"cards_upgraded":["Strike_R","Strike_R","Strike_R","Strike_R","Strike_R","Defend_R","Defend_R","Defend_R"]},{"damage_healed":0.0,"max_hp_gain":0.0,"max_hp_loss":0.0,"gold_gain":0.0,"event_name":"The Library","player_choice":"Read","floor":31.0,"gold_loss":0.0,"damage_taken":0.0,"cards_obtained":["Headbutt"]},{"cards_removed":["Strike_R"],"damage_healed":0.0,"max_hp_gain":0.0,"max_hp_loss":0.0,"gold_gain":0.0,"event_name":"Falling","player_choice":"Removed Attack","floor":36.0,"gold_loss":0.0,"damage_taken":0.0},{"damage_healed":0.0,"max_hp_gain":0.0,"max_hp_loss":0.0,"gold_gain":0.0,"event_name":"MindBloom","player_choice":"Fight","floor":37.0,"gold_loss":0.0,"damage_taken":0.0}],"is_beta":false,"boss_relics":[{"not_picked":["Astrolabe","Orrery"],"picked":"Cursed Key"},{"not_picked":["Runic Cube","Coffee Dripper"],"picked":"Empty Cage"}],"items_purged_floors":[38,53],"is_endless":false,"potions_floor_spawned":[2,4,7,11,16,20,21,28,39,42,46,54],"killed_by":"The Heart","ascension_level":9}