{"gold_per_floor":[116,134,99,99,112,112,112,112,112,142,142,172,80,95,95,166,166,185,185,126,126,176,176,205,205,205,205,217,229,229,246,246,246],"floor_reached":33,"playtime":3242,"items_purged":[],"score":501,"play_id":"15297273-f1e5-441a-9508-f51d8e0104cc","local_time":"20190607002809","is_ascension_mode":true,"campfire_choices":[{"data":"Perfected Strike","floor":6.0,"key":"SMITH"},{"data":"Headbutt","floor":8.0,"key":"SMITH"},{"data":"Flame Barrier","floor":15.0,"key":"SMITH"},{"data":"True Grit","floor":23.0,"key":"SMITH"},{"floor":25,"key":"REST"},{"data":"Perfected Strike","floor":27,"key":"SMITH"},{"floor":30,"key":"REST"},{"floor":32,"key":"REST"}],"neow_cost":"NONE","seed_source_timestamp":366837358154712,"circlet_count":0,"master_deck":["AscendersBane","Strike_R","Strike_R","Strike_R","Strike_R","Strike_R","Defend_R","Defend_R","Defend_R","Defend_R","Bash+1","Perfected Strike+1","Headbutt+1","Pommel Strike","Pommel Strike","Perfected Strike+1","Feel No Pain","Flame Barrier+1","Offering","Corruption+1","True Grit+1","Rupture","Impervious"],"special_seed":0,"relics":["Burning Blood","Potion Belt","Juzu Bracelet","Turnip","Matryoshka","Runic Cube","Ornamental Fan","Smiling Mask","Question Card"],"potions_floor_usage":[28,33,33,33,33,33,33,33,33],"damage_taken":[{"damage":28.0,"enemies":"Jaw Worm","floor":1.0,"turns":7.0},{"damage":3.0,"enemies":"2 Louse","floor":2.0,"turns":3.0},{"damage":6.0,"enemies":"Cultist","floor":5.0,"turns":3.0},{"damage":16.0,"enemies":"Gremlin Nob","floor":10.0,"turns":3.0},{"damage":25.0,"enemies":"3 Sentries","floor":12.0,"turns":6.0},{"damage":9.0,"enemies":"2 Fungi Beasts","floor":14.0,"turns":4.0},{"damage":24.0,"enemies":"Hexaghost","floor":16.0,"turns":9.0},{"damage":13.0,"enemies":"Chosen","floor":18.0,"turns":4.0},{"damage":12.0,"enemies":"Masked Bandits","floor":21.0,"turns":2.0},{"damage":36,"enemies":"Book of Stabbing","floor":24,"turns":6},{"damage":28,"enemies":"2 Thieves","floor":28,"turns":3},{"damage":16,"enemies":"Shelled Parasite and Fungi","floor":29,"turns":5},{"damage":34,"enemies":"Sentry and Sphere","floor":31,"turns":4},{"damage":51,"enemies":"Champ","floor":33,"turns":14}],"seed_played":"7292924390413798073","potions_obtained":[{"floor":1.0,"key":"FearPotion"},{"floor":5.0,"key":"LiquidBronze"},{"floor":12.0,"key":"BloodPotion"},{"floor":14.0,"key":"Dexterity Potion"},{"floor":18.0,"key":"Swift Potion"},{"floor":19.0,"key":"SmokeBomb"},{"floor":19.0,"key":"EntropicBrew"},{"floor":28,"key":"Energy Potion"},{"floor":29,"key":"Energy Potion"}],"is_trial":false,"path_per_floor":["M","M","?","?","M","R","?","R","T","E","?","E","$","M","R","B",null,"M","?","$","?","?","R","E","R","T","R","M","M","R","M","R","B"],"character_chosen":"IRONCLAD","items_purchased":["Perfected Strike","Feel No Pain","True Grit"],"campfire_rested":3,"item_purchase_floors":[13,13,20],"current_hp_per_floor":[53,56,76,81,81,81,81,81,81,71,53,34,34,31,31,13,69,62,62,62,56,56,56,26,52,52,52,30,20,46,18,44,0],"gold":246,"neow_bonus":"TEN_PERCENT_HP_BONUS","is_prod":false,"is_daily":false,"chose_seed":false,"campfire_upgraded":5,"win_rate":0,"timestamp":1559881689,"path_taken":["M","M","?","?","M","R","?","R","T","E","?","E","$","M","R","BOSS","M","?","$","?","?","R","E","R","T","R","M","M","R","M","R","BOSS"],"build_version":"2019-01-23","purchased_purges":0,"victory":false,"max_hp_per_floor":[82,82,82,87,87,87,87,87,87,87,87,87,87,87,87,87,87,87,87,87,87,87,87,87,87,87,87,87,87,87,87,87,87],"card_choices":[{"not_picked":["Second Wind","Clash","Warcry"],"picked":"SKIP","floor":1.0},{"not_picked":["Havoc","Warcry"],"picked":"Perfected Strike","floor":2.0},{"not_picked":["Dropkick","Warcry"],"picked":"Headbutt","floor":5.0},{"not_picked":["True Grit","Exhume"],"picked":"Pommel Strike","floor":10.0},{"not_picked":["Wild Strike","Flex"],"picked":"Pommel Strike","floor":12.0},{"not_picked":["Bloodletting","Body Slam"],"picked":"Flame Barrier","floor":14.0},{"not_picked":["Juggernaut","Dark Embrace"],"picked":"Offering","floor":16.0},{"not_picked":["Flex","Wild Strike"],"picked":"Corruption+1","floor":18.0},{"not_picked":["Havoc","Reaper","Wild Strike"],"picked":"SKIP","floor":24},{"not_picked":["Havoc","Reaper","Wild Strike"],"picked":"SKIP","floor":24},{"not_picked":["Rampage","Hemokinesis","True Grit"],"picked":"Rupture","floor":28},{"not_picked":["Headbutt","Wild Strike","Clothesline","Clash"],"picked":"SKIP","floor":29},{"not_picked":["Shrug It Off","Metallicize","Pummel"],"picked":"Impervious","floor":31}],"player_experience":2276785,"relics_obtained":[{"floor":9.0,"key":"Potion Belt"},{"floor":10.0,"key":"Juzu Bracelet"},{"floor":12.0,"key":"Matryoshka"},{"floor":24,"key":"Ornamental Fan"},{"floor":26,"key":"Smiling Mask"},{"floor":26,"key":"Question Card"}],"event_choices":[{"damage_healed":20.0,"max_hp_gain":0.0,"max_hp_loss":0.0,"gold_gain":0.0,"event_name":"The Cleric","player_choice":"Healed","floor":3.0,"gold_loss":35.0,"damage_taken":0.0},{"damage_healed":0.0,"max_hp_gain":5.0,"max_hp_loss":0.0,"gold_gain":0.0,"event_name":"Big Fish","player_choice":"Donut","floor":4.0,"gold_loss":0.0,"damage_taken":0.0},{"damage_healed":0.0,"max_hp_gain":0.0,"max_hp_loss":0.0,"gold_gain":0.0,"event_name":"Living Wall","player_choice":"Grow","floor":7.0,"gold_loss":0.0,"damage_taken":0.0,"cards_upgraded":["Bash"]},{"damage_healed":0.0,"max_hp_gain":0.0,"max_hp_loss":0.0,"gold_gain":0.0,"event_name":"Scrap Ooze","player_choice":"Success","floor":11.0,"gold_loss":0.0,"damage_taken":18.0,"relics_obtained":["Turnip"]},{"damage_healed":0.0,"max_hp_gain":0.0,"max_hp_loss":0.0,"gold_gain":0.0,"event_name":"Lab","player_choice":"Got Potions","floor":19.0,"gold_loss":0.0,"damage_taken":0.0},{"damage_healed":0.0,"max_hp_gain":0.0,"max_hp_loss":0.0,"gold_gain":0.0,"event_name":"Masked Bandits","player_choice":"Fought Bandits","floor":21.0,"gold_loss":0.0,"damage_taken":0.0},{"damage_healed":0.0,"max_hp_gain":0.0,"max_hp_loss":0.0,"gold_gain":50.0,"event_name":"Golden Shrine","player_choice":"Pray","floor":22.0,"gold_loss":0.0,"damage_taken":0.0}],"is_beta":false,"boss_relics":[{"not_picked":["Tiny House","Lizard Tail"],"picked":"Runic Cube"}],"items_purged_floors":[],"is_endless":false,"potions_floor_spawned":[1,5,12,14,18,28,29],"killed_by":"Champ","ascension_level":17}