{"gold_per_floor":[112,112,62,62,75,75,102,102,129,157,112,112,128,145,145,241,241,257,257,105,118,134,234,12,27,27,27,43,43,43,60,60,162,162,173,1172,467,467,485,485,503,26,26,38],"floor_reached":44,"playtime":2846,"items_purged":["Normality","Normality"],"score":535,"play_id":"4754cf21-547f-4a11-a04c-3b975fa04c6d","local_time":"20190602202825","is_ascension_mode":true,"campfire_choices":[{"floor":6.0,"key":"RECALL"},{"data":"Finisher","floor":8.0,"key":"SMITH"},{"data":"Blade Dance","floor":12.0,"key":"SMITH"},{"data":"Terror","floor":15.0,"key":"SMITH"},{"floor":32.0,"key":"REST"},{"floor":40.0,"key":"REST"}],"neow_cost":"NONE","seed_source_timestamp":4131252440841907,"circlet_count":0,"master_deck":["Defend_G","Defend_G","Defend_G","Strike_G","Strike_G+1","Strike_G+1","Strike_G","Survivor","Neutralize","Finisher+1","Noxious Fumes","Terror+1","Dodge and Roll","Blade Dance+1","Slice","Bane","Corpse Explosion","Escape Plan","Accuracy","Slice","Quick Slash","Infinite Blades","Dash","Bane","Accuracy","Bane+1","RitualDagger","After Image","Predator+1","Panache","Decay","Deflect+1","Wraith Form v2","Panache","Infinite Blades","Cloak And Dagger","Prepared"],"special_seed":0,"relics":["Ring of the Snake","NeowsBlessing","Orichalcum","Whetstone","Bronze Scales","Fusion Hammer","MutagenicStrength","Calipers","Ornamental Fan","Snake Skull","Sozu","Matryoshka","Frozen Eye","DollysMirror","Mummified Hand","MawBank"],"potions_floor_usage":[44,44],"damage_taken":[{"damage":0.0,"enemies":"Small Slimes","floor":1.0,"turns":1.0},{"damage":0.0,"enemies":"2 Louse","floor":5.0,"turns":1.0},{"damage":0.0,"enemies":"3 Sentries","floor":7.0,"turns":1.0},{"damage":29.0,"enemies":"Lagavulin","floor":10.0,"turns":6.0},{"damage":0.0,"enemies":"Cultist","floor":13.0,"turns":3.0},{"damage":8.0,"enemies":"Large Slime","floor":14.0,"turns":5.0},{"damage":16.0,"enemies":"Hexaghost","floor":16.0,"turns":5.0},{"damage":1.0,"enemies":"3 Byrds","floor":18.0,"turns":2.0},{"damage":1.0,"enemies":"Spheric Guardian","floor":21.0,"turns":3.0},{"damage":10.0,"enemies":"Snecko","floor":22.0,"turns":4.0},{"damage":8.0,"enemies":"Colosseum Slavers","floor":23.0,"turns":2.0},{"damage":9.0,"enemies":"Colosseum Nobs","floor":23.0,"turns":4.0},{"damage":13.0,"enemies":"Centurion and Healer","floor":25.0,"turns":3.0},{"damage":0.0,"enemies":"3 Cultists","floor":28.0,"turns":3.0},{"damage":12.0,"enemies":"Shelled Parasite and Fungi","floor":31.0,"turns":4.0},{"damage":7.0,"enemies":"Champ","floor":33.0,"turns":8.0},{"damage":14.0,"enemies":"3 Darklings","floor":35.0,"turns":4.0},{"damage":12.0,"enemies":"3 Shapes","floor":39.0,"turns":2.0},{"damage":37.0,"enemies":"Jaw Worm Horde","floor":41.0,"turns":4.0},{"damage":42,"enemies":"Transient","floor":44,"turns":3}],"seed_played":"-4115604686351720336","potions_obtained":[{"floor":5.0,"key":"PowerPotion"},{"floor":7.0,"key":"Fire Potion"},{"floor":10.0,"key":"Poison Potion"},{"floor":22.0,"key":"LiquidBronze"},{"floor":23.0,"key":"Explosive Potion"},{"floor":33.0,"key":"SteroidPotion"}],"is_trial":false,"path_per_floor":["M","?","?","?","M","R","E","R","T","E","$","R","M","M","R","B",null,"M","?","$","M","M","?","$","M","T","?","M","?","$","M","R","B",null,"M","?","$","?","M","R","M","$","T","M"],"character_chosen":"THE_SILENT","items_purchased":["Blade Dance","Accuracy","Slice","Quick Slash","Accuracy","Snake Skull","Panache","Matryoshka","Frozen Eye","DollysMirror","Infinite Blades","Cloak And Dagger","Prepared"],"campfire_rested":2,"item_purchase_floors":[11,20,20,20,24,24,37,37,37,42,42,42,42],"current_hp_per_floor":[70,70,70,70,70,70,70,70,70,41,41,41,41,33,33,17,70,69,69,69,68,58,41,41,28,28,22,22,22,22,10,31,24,70,56,56,56,56,44,65,28,28,28,0],"gold":38,"neow_bonus":"THREE_ENEMY_KILL","is_prod":false,"is_daily":false,"chose_seed":false,"campfire_upgraded":3,"win_rate":0,"timestamp":1559525305,"path_taken":["M","?","?","?","M","R","E","R","T","E","$","R","?","M","R","BOSS","M","?","$","M","M","?","$","M","T","?","M","?","?","?","R","BOSS","M","?","$","?","?","R","M","$","T","M"],"build_version":"2019-01-23","purchased_purges":2,"victory":false,"max_hp_per_floor":[70,70,70,70,70,70,70,70,70,70,70,70,70,70,70,70,70,70,70,70,70,70,70,70,70,70,70,70,70,70,70,70,70,70,70,70,70,70,70,70,70,70,70,70],"card_choices":[{"not_picked":["Cloak And Dagger","Riddle With Holes"],"picked":"Finisher","floor":1.0},{"not_picked":["Flechettes","Backflip"],"picked":"Noxious Fumes","floor":5.0},{"not_picked":["Bouncing Flask","Dagger Throw"],"picked":"Terror","floor":7.0},{"not_picked":["PiercingWail","Choke"],"picked":"Dodge and Roll","floor":10.0},{"not_picked":["Flying Knee","Finisher"],"picked":"Slice","floor":13.0},{"not_picked":["PiercingWail","Dagger Throw"],"picked":"Bane","floor":14.0},{"not_picked":["Wraith Form v2","Tools of the Trade"],"picked":"Corpse Explosion","floor":16.0},{"not_picked":["Acrobatics","All Out Attack"],"picked":"Escape Plan","floor":18.0},{"not_picked":["Cloak And Dagger+1","Poisoned Stab"],"picked":"Infinite Blades","floor":21.0},{"not_picked":["Well Laid Plans","Skewer+1"],"picked":"Dash","floor":22.0},{"not_picked":["Tactician","Calculated Gamble"],"picked":"Bane","floor":23.0},{"not_picked":["Deflect+1","Backflip+1"],"picked":"Bane+1","floor":25.0},{"not_picked":["Dagger Spray","Bane","Acrobatics"],"picked":"SKIP","floor":28.0},{"not_picked":["Well Laid Plans","Underhanded Strike","Outmaneuver"],"picked":"SKIP","floor":31.0},{"not_picked":["Unload","Storm of Steel"],"picked":"After Image","floor":33.0},{"not_picked":["Heel Hook","Cloak And Dagger"],"picked":"Predator+1","floor":35.0},{"not_picked":["Acrobatics+1","Eviscerate+1"],"picked":"Deflect+1","floor":39.0},{"not_picked":["Sucker Punch","PiercingWail+1"],"picked":"Wraith Form v2","floor":41.0}],"player_experience":66279,"relics_obtained":[{"floor":7.0,"key":"Orichalcum"},{"floor":9.0,"key":"Whetstone"},{"floor":10.0,"key":"Bronze Scales"},{"floor":23.0,"key":"Calipers"},{"floor":23.0,"key":"Ornamental Fan"},{"floor":43.0,"key":"Mummified Hand"},{"floor":43.0,"key":"MawBank"}],"event_choices":[{"cards_removed":["Strike_G"],"damage_healed":0.0,"max_hp_gain":0.0,"max_hp_loss":0.0,"gold_gain":0.0,"event_name":"Living Wall","player_choice":"Forget","floor":2.0,"gold_loss":0.0,"damage_taken":0.0},{"cards_removed":["Defend_G"],"damage_healed":0.0,"max_hp_gain":0.0,"max_hp_loss":0.0,"gold_gain":0.0,"event_name":"The Cleric","player_choice":"Card Removal","floor":3.0,"gold_loss":50.0,"damage_taken":0.0},{"cards_removed":["Defend_G"],"damage_healed":0.0,"max_hp_gain":0.0,"max_hp_loss":0.0,"gold_gain":0.0,"event_name":"Bonfire Elementals","player_choice":"Offered Basic","floor":4.0,"gold_loss":0.0,"damage_taken":0.0},{"damage_healed":0.0,"max_hp_gain":0.0,"max_hp_loss":0.0,"gold_gain":0.0,"event_name":"Drug Dealer","player_choice":"Inject Mutagens","floor":19.0,"gold_loss":0.0,"damage_taken":0.0,"relics_obtained":["MutagenicStrength"]},{"damage_healed":0.0,"max_hp_gain":0.0,"max_hp_loss":0.0,"gold_gain":0.0,"event_name":"Colosseum","player_choice":"Fight","floor":23.0,"gold_loss":0.0,"damage_taken":0.0},{"damage_healed":0.0,"max_hp_gain":0.0,"max_hp_loss":0.0,"gold_gain":0.0,"event_name":"Colosseum","player_choice":"Fought Nobs","floor":23.0,"gold_loss":0.0,"damage_taken":0.0},{"damage_healed":0.0,"max_hp_gain":0.0,"max_hp_loss":0.0,"gold_gain":0.0,"event_name":"Nest","player_choice":"Joined the Cult","floor":27.0,"gold_loss":0.0,"damage_taken":6.0,"cards_obtained":["RitualDagger"]},{"damage_healed":0.0,"max_hp_gain":0.0,"max_hp_loss":0.0,"gold_gain":999.0,"event_name":"MindBloom","player_choice":"Gold","floor":36.0,"gold_loss":0.0,"damage_taken":0.0,"cards_obtained":["Normality","Normality"]},{"damage_healed":0.0,"max_hp_gain":0.0,"max_hp_loss":0.0,"gold_gain":0.0,"event_name":"Wheel of Change","player_choice":"Cursed","floor":38.0,"gold_loss":0.0,"damage_taken":0.0,"cards_obtained":["Decay"]}],"is_beta":false,"boss_relics":[{"not_picked":["Tiny House","HoveringKite"],"picked":"Fusion Hammer"},{"not_picked":["Runic Dome","Velvet Choker"],"picked":"Sozu"}],"items_purged_floors":[37,42],"is_endless":false,"potions_floor_spawned":[5,7,10,18,22,23,28,33,39],"killed_by":"Transient","ascension_level":2}