{"gold_per_floor":[112,43,43,62,81,81,95,95,95,95,370,128,152,167,167,291,291,310,210,226,250,270,270,295,295,342,358,358,633,648,669,669,795,795,819,819,843,116,449,482,482,492,519,519,539,539,499,516,516,516],"floor_reached":51,"playtime":1429,"items_purged":["Regret","Strike_R","Strike_R"],"score":698,"play_id":"29592d33-9f31-4dfb-b203-7f480d97da75","local_time":"20190625142744","is_ascension_mode":false,"campfire_choices":[{"data":"Uppercut","floor":6.0,"key":"SMITH"},{"data":"Carnage","floor":10.0,"key":"SMITH"},{"data":"Flex","floor":15.0,"key":"SMITH"},{"data":"Feed","floor":23.0,"key":"SMITH"},{"data":"Spot Weakness","floor":25.0,"key":"SMITH"},{"data":"Bash","floor":28.0,"key":"SMITH"},{"data":"Uppercut","floor":32.0,"key":"SMITH"},{"data":"1","floor":41,"key":"LIFT"},{"data":"2","floor":44,"key":"LIFT"},{"data":"3","floor":46,"key":"LIFT"},{"floor":49,"key":"REST"}],"neow_cost":"NONE","seed_source_timestamp":29882656562383,"circlet_count":0,"master_deck":["Strike_R","Strike_R","Strike_R","Defend_R","Defend_R","Defend_R","Bash+1","Flex+1","Uppercut+1","Rage","Carnage+1","Disarm","Sword Boomerang+1","Disarm","Heavy Blade+1","Feed+1","Spot Weakness+1","Pummel","Headbutt","Regret","Uppercut+1","Heavy Blade","Whirlwind","Inflame","Flex+1","Pummel"],"special_seed":0,"relics":["Burning Blood","NeowsBlessing","Self Forming Clay","Tiny Chest","Busted Crown","Whetstone","Sozu","Sling","Bird Faced Urn","Girya","Pen Nib"],"potions_floor_usage":[40,50,50],"damage_taken":[{"damage":0.0,"enemies":"Cultist","floor":1.0,"turns":1.0},{"damage":0.0,"enemies":"Jaw Worm","floor":4.0,"turns":1.0},{"damage":0.0,"enemies":"2 Louse","floor":5.0,"turns":1.0},{"damage":11.0,"enemies":"Lots of Slimes","floor":7.0,"turns":4.0},{"damage":18.0,"enemies":"Exordium Wildlife","floor":13.0,"turns":5.0},{"damage":3.0,"enemies":"Blue Slaver","floor":14.0,"turns":2.0},{"damage":17.0,"enemies":"Hexaghost","floor":16.0,"turns":10.0},{"damage":8.0,"enemies":"Shell Parasite","floor":18.0,"turns":3.0},{"damage":5.0,"enemies":"Chosen","floor":20.0,"turns":3.0},{"damage":7.0,"enemies":"3 Cultists","floor":21.0,"turns":4.0},{"damage":0.0,"enemies":"Centurion and Healer","floor":22.0,"turns":6.0},{"damage":14.0,"enemies":"Shelled Parasite and Fungi","floor":24.0,"turns":4.0},{"damage":0.0,"enemies":"Snake Plant","floor":27.0,"turns":2.0},{"damage":4.0,"enemies":"Snecko","floor":30.0,"turns":4.0},{"damage":7.0,"enemies":"Centurion and Healer","floor":31.0,"turns":4.0},{"damage":73.0,"enemies":"Automaton","floor":33.0,"turns":12.0},{"damage":15.0,"enemies":"Orb Walker","floor":35.0,"turns":2.0},{"damage":22.0,"enemies":"3 Darklings","floor":37.0,"turns":4.0},{"damage":19,"enemies":"Reptomancer","floor":40,"turns":4},{"damage":25,"enemies":"Maw","floor":42,"turns":5},{"damage":3,"enemies":"Spire Growth","floor":45,"turns":3},{"damage":9,"enemies":"Jaw Worm Horde","floor":48,"turns":2},{"damage":54,"enemies":"Donu and Deca","floor":50,"turns":6}],"seed_played":"2191452824296726518","potions_obtained":[{"floor":4.0,"key":"Dexterity Potion"},{"floor":13.0,"key":"Block Potion"},{"floor":14.0,"key":"Poison Potion"},{"floor":16.0,"key":"Swift Potion"},{"floor":21.0,"key":"Fire Potion"},{"floor":31.0,"key":"Strength Potion"}],"is_trial":false,"path_per_floor":["M","$","?","M","M","R","M","?","T","R","?","$","M","M","R","B",null,"M","$","M","M","M","R","M","R","T","M","R","?","M","M","R","B",null,"M","?","M","$","?","E","R","M","T","R","M","R","?","M","R","B",null],"character_chosen":"IRONCLAD","items_purchased":["Uppercut","Tiny Chest","Sword Boomerang","Whirlwind","Inflame","Sling","Bird Faced Urn"],"campfire_rested":1,"item_purchase_floors":[2,12,12,38,38,38,38],"current_hp_per_floor":[80,80,73,79,80,80,75,74,74,74,74,74,62,65,65,54,74,72,72,76,78,83,83,79,79,79,85,85,85,87,90,90,23,91,82,82,66,66,66,53,53,40,40,40,45,45,45,42,69,23],"gold":516,"neow_bonus":"THREE_ENEMY_KILL","is_prod":false,"is_daily":false,"chose_seed":false,"campfire_upgraded":7,"win_rate":0,"timestamp":1561494464,"path_taken":["M","?","?","M","?","R","M","?","T","R","?","$","?","M","R","BOSS","M","$","M","M","M","R","M","R","T","M","R","?","M","?","R","BOSS","M","?","M","$","?","E","R","M","T","R","M","R","?","M","R","BOSS"],"build_version":"2019-01-23","purchased_purges":3,"victory":true,"max_hp_per_floor":[80,80,80,80,80,80,80,74,74,74,74,74,74,74,74,74,74,74,74,77,80,83,83,87,87,87,87,87,87,87,91,91,91,91,91,86,86,86,86,86,86,90,90,90,90,90,90,90,90,90],"card_choices":[{"not_picked":["Perfected Strike","Havoc"],"picked":"Flex","floor":1.0},{"not_picked":["Sever Soul","Hemokinesis","Rage"],"picked":"SKIP","floor":4.0},{"not_picked":["Sever Soul","Hemokinesis"],"picked":"Rage","floor":4.0},{"not_picked":["Perfected Strike","Anger"],"picked":"Carnage","floor":5.0},{"not_picked":["Iron Wave","True Grit"],"picked":"Disarm","floor":7.0},{"not_picked":["Brutality","Iron Wave"],"picked":"Disarm","floor":13.0},{"not_picked":["True Grit","Power Through"],"picked":"Heavy Blade","floor":14.0},{"not_picked":["Impervious","Bludgeon"],"picked":"Feed","floor":16.0},{"not_picked":[],"picked":"Spot Weakness","floor":18.0},{"not_picked":[],"picked":"Pummel","floor":20.0},{"not_picked":["Anger+1"],"picked":"SKIP","floor":21.0},{"not_picked":["Anger"],"picked":"SKIP","floor":22.0},{"not_picked":[],"picked":"Headbutt","floor":24.0},{"not_picked":["Dual Wield"],"picked":"SKIP","floor":27.0},{"not_picked":[],"picked":"Uppercut","floor":30.0},{"not_picked":["Cleave"],"picked":"SKIP","floor":31.0},{"not_picked":["Clothesline"],"picked":"SKIP","floor":35.0},{"not_picked":[],"picked":"Heavy Blade","floor":37.0},{"not_picked":["Bloodletting"],"picked":"SKIP","floor":40},{"not_picked":[],"picked":"Flex+1","floor":42},{"not_picked":[],"picked":"Pummel","floor":45},{"not_picked":["Blood for Blood+1"],"picked":"SKIP","floor":48}],"player_experience":1506585,"relics_obtained":[{"floor":9.0,"key":"Self Forming Clay"},{"floor":26.0,"key":"Whetstone"},{"floor":40,"key":"Girya"},{"floor":43,"key":"Pen Nib"}],"event_choices":[{"cards_removed":["Defend_R"],"damage_healed":0.0,"max_hp_gain":0.0,"max_hp_loss":0.0,"gold_gain":0.0,"event_name":"Golden Wing","player_choice":"Card Removal","floor":3.0,"gold_loss":0.0,"damage_taken":7.0},{"damage_healed":0.0,"max_hp_gain":0.0,"max_hp_loss":6.0,"gold_gain":0.0,"event_name":"Golden Idol","player_choice":"Lose Max HP","floor":8.0,"gold_loss":0.0,"damage_taken":0.0,"relics_obtained":["Golden Idol"]},{"damage_healed":0.0,"max_hp_gain":0.0,"max_hp_loss":0.0,"gold_gain":275.0,"event_name":"Golden Shrine","player_choice":"Desecrate","floor":11.0,"gold_loss":0.0,"damage_taken":0.0,"cards_obtained":["Regret"]},{"damage_healed":0.0,"max_hp_gain":0.0,"max_hp_loss":0.0,"gold_gain":275.0,"event_name":"Golden Shrine","player_choice":"Desecrate","floor":29.0,"gold_loss":0.0,"damage_taken":0.0,"cards_obtained":["Regret"]},{"damage_healed":0.0,"max_hp_gain":0.0,"max_hp_loss":5.0,"gold_gain":0.0,"event_name":"Winding Halls","player_choice":"Max HP","floor":36.0,"gold_loss":0.0,"damage_taken":0.0},{"damage_healed":0,"gold_gain":333,"player_choice":"Gave Idol","damage_taken":0,"max_hp_gain":0,"max_hp_loss":0,"event_name":"The Moai Head","floor":39,"relics_lost":["Golden Idol"],"gold_loss":0},{"damage_healed":0,"gold_gain":0,"player_choice":"Bought 3 Potions","damage_taken":0,"max_hp_gain":0,"max_hp_loss":0,"event_name":"The Woman in Blue","floor":47,"gold_loss":0}],"is_beta":false,"boss_relics":[{"not_picked":["Runic Dome","Black Blood"],"picked":"Busted Crown"},{"not_picked":["Astrolabe","Eternal Feather"],"picked":"Sozu"}],"items_purged_floors":[12,19,38],"is_endless":false,"potions_floor_spawned":[4,13,14,16,21,22,24,31,35,42],"ascension_level":0}