{"gold_per_floor":[114,128,19,39,56,84,84,113,113,113,113,113,136,151,151,228,228,228],"floor_reached":18,"playtime":1239,"items_purged":["Shame"],"score":289,"play_id":"6f2db833-49a5-4fd0-bbcb-16db09dce6d8","local_time":"20190410222325","is_ascension_mode":true,"campfire_choices":[{"data":"Skewer","floor":7,"key":"SMITH"},{"data":"Neutralize","floor":10,"key":"SMITH"},{"floor":12,"key":"REST"},{"floor":15,"key":"REST"}],"neow_cost":"CURSE","seed_source_timestamp":780563210064927,"circlet_count":0,"master_deck":["AscendersBane","Defend_G","Defend_G","Defend_G+1","Defend_G","Defend_G","Strike_G","Strike_G","Strike_G+1","Strike_G","Strike_G","Survivor","Neutralize+1","Skewer+1","Concentrate","Tactician","Sucker Punch","Dash","PiercingWail","Caltrops","Corpse Explosion"],"relics":["Ring of the Snake","Pocketwatch","Centennial Puzzle","Happy Flower","Matryoshka","Odd Mushroom","Snecko Eye"],"potions_floor_usage":[6,8,16],"damage_taken":[{"damage":2,"enemies":"Small Slimes","floor":1,"turns":5},{"damage":3,"enemies":"2 Louse","floor":2,"turns":4},{"damage":0,"enemies":"Jaw Worm","floor":4,"turns":3},{"damage":2,"enemies":"Red Slaver","floor":5,"turns":3},{"damage":13,"enemies":"Gremlin Nob","floor":6,"turns":3},{"damage":14,"enemies":"3 Sentries","floor":8,"turns":14},{"damage":15,"enemies":"The Mushroom Lair","floor":13,"turns":5},{"damage":0,"enemies":"Exordium Wildlife","floor":14,"turns":3},{"damage":6,"enemies":"The Guardian","floor":16,"turns":6},{"damage":3,"enemies":"Spheric Guardian","floor":18,"turns":3}],"seed_played":"-553086992336499745","potions_obtained":[{"floor":1,"key":"Strength Potion"},{"floor":2,"key":"EssenceOfSteel"},{"floor":6,"key":"Poison Potion"},{"floor":8,"key":"Strength Potion"}],"is_trial":false,"path_per_floor":["M","M","$","M","M","E","R","E","T","R","?","R","?","M","R","B",null,"M"],"character_chosen":"THE_SILENT","items_purchased":["Concentrate"],"campfire_rested":2,"item_purchase_floors":[3],"current_hp_per_floor":[57,54,54,54,52,39,39,25,25,25,12,31,16,16,35,29,57,54],"gold":228,"neow_bonus":"ONE_RARE_RELIC","is_prod":false,"is_daily":false,"chose_seed":false,"campfire_upgraded":2,"win_rate":0,"timestamp":1554949405,"path_taken":["M","M","$","M","M","E","R","E","T","R","?","R","?","M","R","BOSS","M"],"build_version":"2019-01-23","purchased_purges":1,"victory":false,"max_hp_per_floor":[66,66,66,66,66,66,66,66,66,66,66,66,66,66,66,66,66,66],"card_choices":[{"not_picked":["Dodge and Roll","Tactician","Catalyst"],"picked":"SKIP","floor":1},{"not_picked":["Eviscerate","Distraction"],"picked":"Skewer","floor":2},{"not_picked":["Underhanded Strike","Backflip","Outmaneuver"],"picked":"SKIP","floor":4},{"not_picked":["Choke","Escape Plan"],"picked":"Tactician","floor":5},{"not_picked":["Acrobatics","Underhanded Strike"],"picked":"Sucker Punch","floor":6},{"not_picked":["Underhanded Strike","Prepared"],"picked":"Dash","floor":8},{"not_picked":["Dodge and Roll","Acrobatics"],"picked":"PiercingWail","floor":13},{"not_picked":["Cloak And Dagger","Underhanded Strike"],"picked":"Caltrops","floor":14},{"not_picked":["Grand Finale","Burst"],"picked":"Corpse Explosion","floor":16}],"player_experience":2110539,"relics_obtained":[{"floor":6,"key":"Centennial Puzzle"},{"floor":8,"key":"Happy Flower"},{"floor":9,"key":"Matryoshka"},{"floor":13,"key":"Odd Mushroom"}],"event_choices":[{"damage_healed":0,"gold_gain":0,"player_choice":"Entered Light","damage_taken":13,"max_hp_gain":0,"max_hp_loss":0,"event_name":"Shining Light","floor":11,"gold_loss":0,"cards_upgraded":["Strike_G","Defend_G"]},{"damage_healed":0,"gold_gain":0,"player_choice":"Fought Mushrooms","damage_taken":0,"max_hp_gain":0,"max_hp_loss":0,"event_name":"Mushrooms","floor":13,"gold_loss":0}],"is_beta":false,"boss_relics":[{"not_picked":["White Beast Statue","WristBlade"],"picked":"Snecko Eye"}],"items_purged_floors":[3],"is_endless":false,"potions_floor_spawned":[1,2,4,6,8],"killed_by":"Spheric Guardian","ascension_level":14}