{"gold_per_floor":[119,131,147,161,161,202,202,245,272,303,303,10,29,63,63,192,192,210,226,245,286,211,250,165,178,178,178,178,11,44,44,44,173,173,188,15,15,29,54,54,15,49,49,49],"floor_reached":44,"playtime":1840,"items_purged":["Parasite","Doubt"],"score":780,"play_id":"6b9f74c0-eff7-47bc-8cfc-83c1d5aec43f","local_time":"20190507055634","is_ascension_mode":true,"campfire_choices":[{"floor":7.0,"key":"REST"},{"data":"Sunder","floor":15.0,"key":"SMITH"},{"floor":28.0,"key":"REST"},{"data":"Reboot","floor":32.0,"key":"SMITH"},{"floor":40.0,"key":"REST"}],"neow_cost":"NONE","seed_source_timestamp":60969463840945,"circlet_count":0,"master_deck":["Strike_B","Strike_B","Strike_B","Defend_B","Defend_B","Defend_B","Defend_B","Zap","Dualcast","Sweeping Beam","Sunder+1","Go for the Eyes","Rip and Tear","Static Discharge+1","Capacitor+1","Genetic Algorithm","Rebound","Static Discharge+1","Lockon","Biased Cognition+1","Hologram","Multi-Cast","BootSequence+1","Static Discharge+1","Chaos+1","Heatsinks+1","Hologram","Leap","Reboot+1","Amplify","Leap+1","Defragment+1","Conserve Battery","Decay","Chill+1","Chaos","Heatsinks+1","Capacitor+1","Parasite"],"special_seed":0,"relics":["Cracked Core","NeowsBlessing","Golden Idol","Frozen Egg 2","Lantern","Happy Flower","Bag of Marbles","ClockworkSouvenir","PreservedInsect","Cursed Key","Red Mask","Pear","Pantograph","Letter Opener","Anchor","Inserter","Boot"],"potions_floor_usage":[42],"damage_taken":[{"damage":0.0,"enemies":"Cultist","floor":1.0,"turns":1.0},{"damage":0.0,"enemies":"Jaw Worm","floor":2.0,"turns":1.0},{"damage":0.0,"enemies":"Small Slimes","floor":3.0,"turns":1.0},{"damage":1.0,"enemies":"Blue Slaver","floor":4.0,"turns":4.0},{"damage":19.0,"enemies":"3 Sentries","floor":6.0,"turns":3.0},{"damage":16.0,"enemies":"Gremlin Nob","floor":8.0,"turns":3.0},{"damage":20.0,"enemies":"Lagavulin","floor":10.0,"turns":6.0},{"damage":0.0,"enemies":"3 Louse","floor":13.0,"turns":2.0},{"damage":0.0,"enemies":"Gremlin Nob","floor":14.0,"turns":2.0},{"damage":0.0,"enemies":"Slime Boss","floor":16.0,"turns":5.0},{"damage":2.0,"enemies":"Chosen","floor":18.0,"turns":3.0},{"damage":14.0,"enemies":"Shell Parasite","floor":19.0,"turns":3.0},{"damage":5.0,"enemies":"Snake Plant","floor":20.0,"turns":2.0},{"damage":19.0,"enemies":"Masked Bandits","floor":21.0,"turns":3.0},{"damage":0.0,"enemies":"Slavers","floor":23.0,"turns":4.0},{"damage":13.0,"enemies":"Cultist and Chosen","floor":25.0,"turns":4.0},{"damage":0.0,"enemies":"Colosseum Slavers","floor":27.0,"turns":2.0},{"damage":11.0,"enemies":"Book of Stabbing","floor":30.0,"turns":3.0},{"damage":44.0,"enemies":"Champ","floor":33.0,"turns":8.0},{"damage":44.0,"enemies":"3 Darklings","floor":35.0,"turns":3.0},{"damage":0.0,"enemies":"3 Shapes","floor":38.0,"turns":2.0},{"damage":0.0,"enemies":"Jaw Worm Horde","floor":39.0,"turns":5.0},{"damage":0,"enemies":"Nemesis","floor":42,"turns":11},{"damage":62,"enemies":"Sphere and 2 Shapes","floor":44,"turns":3}],"seed_played":"7012793453117148053","potions_obtained":[{"floor":1.0,"key":"Explosive Potion"},{"floor":3.0,"key":"SteroidPotion"},{"floor":4.0,"key":"Explosive Potion"},{"floor":13.0,"key":"AttackPotion"},{"floor":14.0,"key":"SteroidPotion"},{"floor":19.0,"key":"Block Potion"},{"floor":25.0,"key":"LiquidBronze"},{"floor":30.0,"key":"Dexterity Potion"},{"floor":33.0,"key":"SteroidPotion"}],"is_trial":false,"path_per_floor":["M","M","M","M","?","E","R","E","T","E","?","$","M","E","R","B",null,"M","M","M","?","?","E","?","M","T","?","R","$","E","?","R","B",null,"M","$","?","M","M","R","$","E","T","M"],"character_chosen":"DEFECT","items_purchased":["ClockworkSouvenir","Rebound","Hologram","Leap","Defragment+1","Weak Potion","Conserve Battery","Heatsinks+1"],"campfire_rested":3,"item_purchase_floors":[12,12,29,29,36,36,36,41],"current_hp_per_floor":[75,75,75,74,56,37,59,43,43,23,41,41,41,41,41,41,72,70,56,51,32,32,42,42,29,29,29,53,53,42,42,42,23,82,38,38,38,38,38,62,62,62,62,0],"gold":49,"neow_bonus":"THREE_ENEMY_KILL","is_prod":false,"is_daily":false,"chose_seed":false,"campfire_upgraded":2,"win_rate":0,"timestamp":1557222994,"path_taken":["M","M","M","?","?","E","R","E","T","E","?","$","M","E","R","BOSS","M","M","M","?","?","E","?","M","T","?","R","?","E","?","R","BOSS","M","$","?","M","?","R","$","E","T","M"],"build_version":"2019-01-23","purchased_purges":2,"victory":false,"max_hp_per_floor":[75,75,75,75,75,75,75,75,75,75,75,72,72,72,72,72,72,72,72,72,72,72,82,82,82,82,82,82,82,82,82,82,82,82,82,82,82,82,82,82,82,82,82,82],"card_choices":[{"not_picked":["Heatsinks","Auto Shields"],"picked":"Sweeping Beam","floor":1.0},{"not_picked":["Gash","Steam"],"picked":"Sunder","floor":2.0},{"not_picked":["Turbo","Cold Snap"],"picked":"Go for the Eyes","floor":3.0},{"not_picked":["Redo","Rebound"],"picked":"Rip and Tear","floor":4.0},{"not_picked":["Sweeping Beam","Ball Lightning"],"picked":"Static Discharge","floor":6.0},{"not_picked":["Rainbow","Leap"],"picked":"Capacitor+1","floor":8.0},{"not_picked":["Conserve Battery","Auto Shields"],"picked":"Genetic Algorithm","floor":10.0},{"not_picked":["Conserve Battery","Go for the Eyes"],"picked":"Static Discharge+1","floor":13.0},{"not_picked":["Redo","Ball Lightning"],"picked":"Lockon","floor":14.0},{"not_picked":["Seek","All For One"],"picked":"Biased Cognition+1","floor":16.0},{"not_picked":["Ball Lightning+1","Beam Cell+1"],"picked":"Hologram","floor":18.0},{"not_picked":["Stack","Beam Cell"],"picked":"Multi-Cast","floor":19.0},{"not_picked":["Redo","Sweeping Beam"],"picked":"BootSequence+1","floor":20.0},{"not_picked":["Chaos","Cold Snap"],"picked":"Static Discharge+1","floor":21.0},{"not_picked":["Steam","Go for the Eyes"],"picked":"Chaos+1","floor":23.0},{"not_picked":["Stack","Doom and Gloom+1"],"picked":"Heatsinks+1","floor":25.0},{"not_picked":["Ball Lightning","Gash"],"picked":"Reboot","floor":30.0},{"not_picked":["Core Surge","Multi-Cast"],"picked":"Amplify","floor":33.0},{"not_picked":["Conserve Battery","Streamline+1"],"picked":"Leap+1","floor":35.0},{"not_picked":["Stack","Blizzard+1"],"picked":"Chill+1","floor":38.0},{"not_picked":["Blizzard","Compile Driver+1"],"picked":"Chaos","floor":39.0},{"not_picked":["Recycle","Rebound+1"],"picked":"Capacitor+1","floor":42}],"player_experience":232307,"relics_obtained":[{"floor":6.0,"key":"Frozen Egg 2"},{"floor":8.0,"key":"Lantern"},{"floor":9.0,"key":"Happy Flower"},{"floor":10.0,"key":"Bag of Marbles"},{"floor":14.0,"key":"PreservedInsect"},{"floor":21.0,"key":"Red Mask"},{"floor":23.0,"key":"Pear"},{"floor":26.0,"key":"Letter Opener"},{"floor":30.0,"key":"Anchor"},{"floor":42,"key":"Boot"}],"event_choices":[{"damage_healed":0.0,"max_hp_gain":0.0,"max_hp_loss":0.0,"gold_gain":0.0,"event_name":"Golden Idol","player_choice":"Take Damage","floor":5.0,"gold_loss":0.0,"damage_taken":18.0,"relics_obtained":["Golden Idol"]},{"damage_healed":18.0,"max_hp_gain":0.0,"max_hp_loss":0.0,"gold_gain":0.0,"event_name":"Mushrooms","player_choice":"Healed and dodged fight","floor":11.0,"gold_loss":0.0,"damage_taken":0.0,"cards_obtained":["Parasite"]},{"damage_healed":0.0,"max_hp_gain":0.0,"max_hp_loss":0.0,"gold_gain":0.0,"event_name":"Masked Bandits","player_choice":"Fought Bandits","floor":21.0,"gold_loss":0.0,"damage_taken":0.0},{"cards_removed":["Strike_B"],"damage_healed":0.0,"max_hp_gain":0.0,"max_hp_loss":0.0,"gold_gain":0.0,"event_name":"Beggar","player_choice":"Gave Gold","floor":22.0,"gold_loss":75.0,"damage_taken":0.0},{"damage_healed":0.0,"max_hp_gain":0.0,"max_hp_loss":0.0,"gold_gain":0.0,"event_name":"Addict","player_choice":"Obtained Relic","floor":24.0,"gold_loss":85.0,"damage_taken":0.0,"relics_obtained":["Pantograph"]},{"damage_healed":0.0,"max_hp_gain":0.0,"max_hp_loss":0.0,"gold_gain":0.0,"event_name":"Colosseum","player_choice":"Fight","floor":27.0,"gold_loss":0.0,"damage_taken":0.0},{"damage_healed":0.0,"max_hp_gain":0.0,"max_hp_loss":0.0,"gold_gain":0.0,"event_name":"Colosseum","player_choice":"Fled From Nobs","floor":27.0,"gold_loss":0.0,"damage_taken":0.0},{"damage_healed":0.0,"max_hp_gain":0.0,"max_hp_loss":0.0,"gold_gain":0.0,"event_name":"Vampires","player_choice":"Ignored","floor":31.0,"gold_loss":0.0,"damage_taken":0.0},{"damage_healed":0.0,"max_hp_gain":0.0,"max_hp_loss":0.0,"gold_gain":0.0,"event_name":"Wheel of Change","player_choice":"Cursed","floor":37.0,"gold_loss":0.0,"damage_taken":0.0,"cards_obtained":["Decay"]}],"is_beta":false,"boss_relics":[{"not_picked":["Runic Dome","Snecko Eye"],"picked":"Cursed Key"},{"not_picked":["Sozu","Nuclear Battery"],"picked":"Inserter"}],"items_purged_floors":[12,29],"is_endless":false,"potions_floor_spawned":[1,3,4,13,14,19,25,30,33],"killed_by":"Sphere and 2 Shapes","ascension_level":4}