{"gold_per_floor":[367,438,448,101,101,128,144,144,170,170,195,195,205,205,205,283,283,293,310,342,342,127,127,162,162,162,162,77,29,29,60,60,137,137,156,378,378,396,414,414,431,431],"floor_reached":42,"playtime":5181,"items_purged":["Pain","Strike_G"],"score":841,"play_id":"99a36f6d-f9d4-4b22-a9a1-b8ecb3c04bf3","local_time":"20190410215828","is_ascension_mode":true,"campfire_choices":[{"data":"Noxious Fumes","floor":8.0,"key":"SMITH"},{"floor":10.0,"key":"REST"},{"data":"Crippling Poison","floor":12.0,"key":"SMITH"},{"data":"Deadly Poison","floor":15.0,"key":"SMITH"},{"floor":23.0,"key":"REST"},{"floor":27.0,"key":"REST"},{"floor":30.0,"key":"REST"},{"floor":32.0,"key":"RECALL"},{"floor":40,"key":"REST"}],"neow_cost":"CURSE","seed_source_timestamp":774789186524096,"circlet_count":0,"master_deck":["AscendersBane","Defend_G","Defend_G","Defend_G","Defend_G","Defend_G","Survivor","Neutralize","Flying Knee","Crippling Poison+1","Noxious Fumes+1","Die Die Die","Deadly Poison+1","Deflect","PiercingWail","A Thousand Cuts","Backstab","Poisoned Stab","Necronomicurse","Calculated Gamble","Footwork","Catalyst","Deflect+1","Malaise+1","Die Die Die","Dodge and Roll+1","Caltrops+1","Deflect+1","Backflip+1","Deflect+1","Catalyst+1"],"special_seed":0,"relics":["Ring of the Snake","Blue Candle","Anchor","StoneCalendar","Blood Vial","Bottled Lightning","Strawberry","Fusion Hammer","Red Mask","Necronomicon","Pen Nib","Juzu Bracelet","Toxic Egg 2","Regal Pillow","Astrolabe"],"potions_floor_usage":[33,33],"damage_taken":[{"damage":4.0,"enemies":"Cultist","floor":1.0,"turns":4.0},{"damage":5.0,"enemies":"Small Slimes","floor":3.0,"turns":5.0},{"damage":19.0,"enemies":"Lagavulin","floor":6.0,"turns":8.0},{"damage":0.0,"enemies":"2 Louse","floor":7.0,"turns":2.0},{"damage":8.0,"enemies":"Gremlin Nob","floor":11.0,"turns":4.0},{"damage":3.0,"enemies":"Looter","floor":13.0,"turns":3.0},{"damage":14.0,"enemies":"The Guardian","floor":16.0,"turns":8.0},{"damage":3.0,"enemies":"Chosen","floor":18.0,"turns":5.0},{"damage":5.0,"enemies":"Shell Parasite","floor":19.0,"turns":4.0},{"damage":4.0,"enemies":"Masked Bandits","floor":20.0,"turns":3.0},{"damage":16.0,"enemies":"Slavers","floor":24.0,"turns":5.0},{"damage":1.0,"enemies":"Gremlin Leader","floor":31.0,"turns":6.0},{"damage":76,"enemies":"Automaton","floor":33,"turns":10},{"damage":9,"enemies":"3 Shapes","floor":35,"turns":4},{"damage":3,"enemies":"3 Darklings","floor":38,"turns":4},{"damage":21,"enemies":"Writhing Mass","floor":39,"turns":8},{"damage":3,"enemies":"Maw","floor":41,"turns":5},{"damage":72,"enemies":"Reptomancer","floor":42,"turns":8}],"seed_played":"-822003733940402223","potions_obtained":[{"floor":7.0,"key":"GhostInAJar"},{"floor":11.0,"key":"FearPotion"},{"floor":13.0,"key":"Strength Potion"},{"floor":19.0,"key":"FearPotion"},{"floor":31.0,"key":"Swift Potion"},{"floor":33,"key":"LiquidBronze"},{"floor":38,"key":"Ancient Potion"}],"is_trial":false,"path_per_floor":["M","T","M","$","?","E","M","R","T","R","E","R","M","?","R","B",null,"M","M","?","?","$","R","E","?","T","R","?","$","R","E","R","B",null,"M","?","?","M","M","R","M","E"],"character_chosen":"THE_SILENT","items_purchased":["Anchor","Noxious Fumes","Explosive Potion","Calculated Gamble","Footwork","Deflect+1"],"campfire_rested":5,"item_purchase_floors":[4,4,4,22,22,29],"current_hp_per_floor":[55,55,50,50,43,24,24,24,24,43,37,37,36,43,43,31,63,62,59,57,41,41,62,48,35,35,58,58,58,78,77,77,2,59,52,52,52,51,32,69,68,0],"gold":431,"neow_bonus":"TWO_FIFTY_GOLD","is_prod":false,"is_daily":false,"chose_seed":false,"campfire_upgraded":3,"win_rate":0,"timestamp":1554947908,"path_taken":["M","?","M","$","?","E","M","R","T","R","E","R","M","?","R","BOSS","M","M","?","?","$","R","E","?","T","R","?","?","R","E","R","BOSS","M","?","?","M","M","R","M","E"],"build_version":"2019-01-23","purchased_purges":2,"victory":false,"max_hp_per_floor":[66,66,66,66,66,66,66,66,66,66,66,66,66,73,73,73,73,73,73,73,73,73,73,73,78,78,78,78,78,78,78,78,78,78,78,78,74,74,74,74,74,74],"card_choices":[{"not_picked":["Slice","Quick Slash"],"picked":"Flying Knee","floor":1.0},{"not_picked":["Prepared","Dagger Spray"],"picked":"Crippling Poison","floor":3.0},{"not_picked":["Blur","Riddle With Holes"],"picked":"Die Die Die","floor":6.0},{"not_picked":["Bane","Blade Dance"],"picked":"Deadly Poison","floor":7.0},{"not_picked":["Poisoned Stab","Bane"],"picked":"Deflect","floor":11.0},{"not_picked":["Underhanded Strike","Blade Dance"],"picked":"PiercingWail","floor":13.0},{"not_picked":["Tools of the Trade","Envenom"],"picked":"A Thousand Cuts","floor":16.0},{"not_picked":["Dash","Outmaneuver","Cloak And Dagger"],"picked":"SKIP","floor":18.0},{"not_picked":["Sucker Punch","Bane"],"picked":"Backstab","floor":19.0},{"not_picked":["Expertise","Predator"],"picked":"Poisoned Stab","floor":20.0},{"not_picked":["Underhanded Strike","Bouncing Flask"],"picked":"Catalyst","floor":24.0},{"not_picked":["Outmaneuver+1","Underhanded Strike+1"],"picked":"Malaise+1","floor":31.0},{"not_picked":["Storm of Steel+1","Unload"],"picked":"Die Die Die","floor":33},{"not_picked":["Blade Dance+1","Footwork"],"picked":"Backflip+1","floor":35},{"not_picked":["Sucker Punch","Dagger Spray"],"picked":"Deflect+1","floor":38},{"not_picked":["Acrobatics+1","Flying Knee+1"],"picked":"Catalyst+1","floor":39},{"not_picked":["Tools of the Trade","Poisoned Stab","Quick Slash"],"picked":"SKIP","floor":41}],"player_experience":2105358,"relics_obtained":[{"floor":2.0,"key":"Blue Candle"},{"floor":6.0,"key":"StoneCalendar"},{"floor":9.0,"key":"Blood Vial"},{"floor":11.0,"key":"Bottled Lightning"},{"floor":14.0,"key":"Strawberry"},{"floor":20.0,"key":"Red Mask"},{"floor":21.0,"key":"Necronomicon"},{"floor":24.0,"key":"Pen Nib"},{"floor":26.0,"key":"Juzu Bracelet"},{"floor":31.0,"key":"Regal Pillow"}],"event_choices":[{"cards_removed":["Strike_G"],"damage_healed":0.0,"max_hp_gain":0.0,"max_hp_loss":0.0,"gold_gain":0.0,"event_name":"Golden Wing","player_choice":"Card Removal","floor":5.0,"gold_loss":0.0,"damage_taken":7.0},{"damage_healed":0.0,"max_hp_gain":0.0,"max_hp_loss":0.0,"gold_gain":0.0,"event_name":"Wheel of Change","player_choice":"Relic","floor":14.0,"gold_loss":0.0,"damage_taken":0.0},{"damage_healed":0.0,"max_hp_gain":0.0,"max_hp_loss":0.0,"gold_gain":0.0,"event_name":"Masked Bandits","player_choice":"Fought Bandits","floor":20.0,"gold_loss":0.0,"damage_taken":0.0},{"damage_healed":0.0,"max_hp_gain":0.0,"max_hp_loss":0.0,"gold_gain":0.0,"event_name":"Cursed Tome","player_choice":"Obtained Book","floor":21.0,"gold_loss":0.0,"damage_taken":16.0},{"damage_healed":0.0,"max_hp_gain":5.0,"max_hp_loss":0.0,"gold_gain":0.0,"event_name":"Forgotten Altar","player_choice":"Shed Blood","floor":25.0,"gold_loss":0.0,"damage_taken":18.0},{"damage_healed":0.0,"max_hp_gain":0.0,"max_hp_loss":0.0,"gold_gain":0.0,"event_name":"Addict","player_choice":"Obtained Relic","floor":28.0,"gold_loss":85.0,"damage_taken":0.0,"relics_obtained":["Toxic Egg 2"]},{"damage_healed":0,"gold_gain":222,"player_choice":"Wore Mask","damage_taken":0,"max_hp_gain":0,"max_hp_loss":0,"event_name":"Tomb of Lord Red Mask","floor":36,"gold_loss":0},{"damage_healed":0,"gold_gain":0,"player_choice":"Max HP","damage_taken":0,"max_hp_gain":0,"max_hp_loss":4,"event_name":"Winding Halls","floor":37,"gold_loss":0}],"is_beta":false,"boss_relics":[{"not_picked":["Eternal Feather","WristBlade"],"picked":"Fusion Hammer"},{"not_picked":["Ring of the Serpent","White Beast Statue"],"picked":"Astrolabe"}],"items_purged_floors":[4,22],"is_endless":false,"potions_floor_spawned":[7,11,13,19,24,31,33,38,41],"killed_by":"Reptomancer","ascension_level":14}