{"gold_per_floor":[117,136,186,199,213,248,248,248,303,329,329,360,360,370,370,448,448,460,460,478,29,43,43,74,74,151,151,168,39,93,123,123,195,195,207,222,237,237],"floor_reached":38,"playtime":2842,"items_purged":["Strike_R"],"score":872,"play_id":"96e692cb-c56e-4c80-9ef8-2b7d1ec04f41","local_time":"20190625090838","is_ascension_mode":true,"campfire_choices":[{"floor":8.0,"key":"REST"},{"data":"Inflame","floor":13.0,"key":"SMITH"},{"data":"Shockwave","floor":15.0,"key":"SMITH"},{"floor":23.0,"key":"REST"},{"floor":25.0,"key":"REST"},{"floor":27.0,"key":"REST"},{"floor":32.0,"key":"REST"}],"neow_cost":"NONE","seed_source_timestamp":0,"circlet_count":0,"master_deck":["AscendersBane","Strike_R","Strike_R","Strike_R+1","Strike_R","Defend_R","Defend_R","Defend_R","Defend_R","Bash","Anger+1","Heavy Blade","Inflame+1","Headbutt","Shockwave+1","Sword Boomerang","True Grit","Fiend Fire","Shrug It Off","Armaments","Battle Trance","Inflame","Impervious","Cleave","Double Tap"],"special_seed":0,"relics":["Burning Blood","Boot","Bronze Scales","Tiny Chest","Lantern","Pear","Fusion Hammer","Bottled Tornado","StoneCalendar","Darkstone Periapt","Juzu Bracelet","Bag of Marbles","Busted Crown"],"potions_floor_usage":[],"damage_taken":[{"damage":7.0,"enemies":"Cultist","floor":1.0,"turns":4.0},{"damage":8.0,"enemies":"2 Louse","floor":2.0,"turns":3.0},{"damage":4.0,"enemies":"Small Slimes","floor":4.0,"turns":3.0},{"damage":12.0,"enemies":"3 Louse","floor":5.0,"turns":3.0},{"damage":40.0,"enemies":"3 Sentries","floor":6.0,"turns":7.0},{"damage":0.0,"enemies":"Gremlin Nob","floor":10.0,"turns":2.0},{"damage":15.0,"enemies":"Lagavulin","floor":12.0,"turns":5.0},{"damage":2.0,"enemies":"Exordium Thugs","floor":14.0,"turns":3.0},{"damage":39.0,"enemies":"Slime Boss","floor":16.0,"turns":8.0},{"damage":0.0,"enemies":"Chosen","floor":18.0,"turns":3.0},{"damage":23.0,"enemies":"2 Thieves","floor":20.0,"turns":4.0},{"damage":27.0,"enemies":"Cultist and Chosen","floor":22.0,"turns":4.0},{"damage":44.0,"enemies":"Slavers","floor":24.0,"turns":5.0},{"damage":12.0,"enemies":"Snake Plant","floor":28.0,"turns":3.0},{"damage":41.0,"enemies":"Book of Stabbing","floor":31.0,"turns":4.0},{"damage":53.0,"enemies":"Champ","floor":33.0,"turns":8.0},{"damage":14.0,"enemies":"3 Shapes","floor":35.0,"turns":5.0},{"damage":18.0,"enemies":"3 Darklings","floor":36.0,"turns":3.0},{"damage":18,"enemies":"Jaw Worm Horde","floor":37,"turns":3},{"damage":51,"enemies":"Writhing Mass","floor":38,"turns":4}],"seed_played":"-5437828484368825977","potions_obtained":[{"floor":1.0,"key":"Weak Potion"},{"floor":5.0,"key":"AttackPotion"},{"floor":10.0,"key":"Strength Potion"},{"floor":14.0,"key":"LiquidBronze"},{"floor":22.0,"key":"Block Potion"},{"floor":28.0,"key":"Fire Potion"},{"floor":31.0,"key":"Block Potion"},{"floor":36.0,"key":"Explosive Potion"},{"floor":37,"key":"Ancient Potion"}],"is_trial":false,"path_per_floor":["M","M","?","M","M","E","?","R","T","E","?","E","R","M","R","B",null,"M","?","M","$","M","R","E","R","T","R","M","$","T","E","R","B",null,"M","M","M","M"],"character_chosen":"IRONCLAD","items_purchased":["Bottled Tornado","Battle Trance","Inflame","PowerPotion"],"campfire_rested":5,"item_purchase_floors":[21,21,21,29],"current_hp_per_floor":[67,65,65,67,61,27,4,26,26,32,37,38,38,42,42,9,70,76,76,59,59,38,65,27,54,54,81,75,75,75,40,67,20,73,65,53,41,0],"gold":237,"neow_bonus":"RANDOM_COMMON_RELIC","is_prod":false,"is_daily":false,"chose_seed":false,"campfire_upgraded":2,"win_rate":0,"timestamp":1561478918,"path_taken":["M","M","?","M","?","E","?","R","T","E","?","E","R","M","R","BOSS","M","?","M","$","M","R","E","R","T","R","M","?","?","E","R","BOSS","M","M","M","M"],"build_version":"2019-01-23","purchased_purges":1,"victory":false,"max_hp_per_floor":[75,75,75,75,75,75,75,75,75,75,80,90,90,90,90,90,90,90,90,90,90,90,90,90,90,90,90,90,90,90,90,90,90,90,90,90,90,90],"card_choices":[{"not_picked":["Rupture","True Grit"],"picked":"Anger","floor":1.0},{"not_picked":["Cleave","Hemokinesis"],"picked":"Heavy Blade","floor":2.0},{"not_picked":["Heavy Blade","Havoc"],"picked":"Inflame","floor":4.0},{"not_picked":["Entrench","Bloodletting"],"picked":"Headbutt","floor":5.0},{"not_picked":["Entrench","Carnage"],"picked":"Shockwave","floor":6.0},{"not_picked":["Body Slam","Anger","Berserk"],"picked":"SKIP","floor":10.0},{"not_picked":["Feel No Pain","Corruption"],"picked":"Sword Boomerang","floor":12.0},{"not_picked":["Twin Strike","Shockwave"],"picked":"True Grit","floor":14.0},{"not_picked":["Brutality","Exhume"],"picked":"Fiend Fire","floor":16.0},{"not_picked":["Dropkick","Warcry"],"picked":"Shrug It Off","floor":18.0},{"not_picked":["Clash","Burning Pact"],"picked":"Armaments","floor":20.0},{"not_picked":["Fire Breathing","Wild Strike+1","Anger"],"picked":"SKIP","floor":22.0},{"not_picked":["Clash","Combust"],"picked":"Impervious","floor":24.0},{"not_picked":["Anger","Headbutt"],"picked":"Cleave","floor":28.0},{"not_picked":["Entrench+1","Clash","Immolate"],"picked":"SKIP","floor":31.0},{"not_picked":["Fiend Fire","Berserk"],"picked":"Double Tap","floor":33.0},{"not_picked":["Sentinel"],"picked":"SKIP","floor":35.0},{"not_picked":["Bloodletting"],"picked":"SKIP","floor":36.0},{"not_picked":["Perfected Strike"],"picked":"SKIP","floor":37}],"player_experience":539710,"relics_obtained":[{"floor":6.0,"key":"Bronze Scales"},{"floor":9.0,"key":"Tiny Chest"},{"floor":10.0,"key":"Lantern"},{"floor":12.0,"key":"Pear"},{"floor":24.0,"key":"StoneCalendar"},{"floor":26.0,"key":"Darkstone Periapt"},{"floor":30.0,"key":"Juzu Bracelet"},{"floor":31.0,"key":"Bag of Marbles"}],"event_choices":[{"damage_healed":0.0,"max_hp_gain":0.0,"max_hp_loss":0.0,"gold_gain":50.0,"event_name":"Golden Shrine","player_choice":"Pray","floor":3.0,"gold_loss":0.0,"damage_taken":0.0},{"damage_healed":0.0,"max_hp_gain":0.0,"max_hp_loss":0.0,"gold_gain":0.0,"event_name":"Shining Light","player_choice":"Entered Light","floor":7.0,"gold_loss":0.0,"damage_taken":23.0,"cards_upgraded":["Anger","Strike_R"]},{"damage_healed":0.0,"max_hp_gain":5.0,"max_hp_loss":0.0,"gold_gain":0.0,"event_name":"Big Fish","player_choice":"Donut","floor":11.0,"gold_loss":0.0,"damage_taken":0.0},{"damage_healed":0.0,"max_hp_gain":0.0,"max_hp_loss":0.0,"gold_gain":0.0,"event_name":"N\u0027loth","player_choice":"Ignored","floor":19.0,"gold_loss":0.0,"damage_taken":0.0}],"is_beta":false,"boss_relics":[{"not_picked":["Coffee Dripper","Runic Cube"],"picked":"Fusion Hammer"},{"not_picked":["Empty Cage","Astrolabe"],"picked":"Busted Crown"}],"items_purged_floors":[29],"is_endless":false,"potions_floor_spawned":[1,5,10,14,22,28,31,36,37],"killed_by":"Writhing Mass","ascension_level":18}