{"gold_per_floor":[216,216,216,229,245,270,270,370,441,476,476,492,553,569,569,569],"floor_reached":16,"playtime":1097,"items_purged":[],"score":120,"play_id":"c67f5055-4fc3-4be0-b331-9d91ca128c14","local_time":"20190522061523","is_ascension_mode":false,"campfire_choices":[{"data":"Armaments","floor":7.0,"key":"SMITH"},{"data":"Disarm","floor":11.0,"key":"SMITH"},{"data":"Armaments","floor":15,"key":"SMITH"}],"neow_cost":"NONE","seed_source_timestamp":0,"circlet_count":0,"master_deck":["Strike_R","Strike_R","Strike_R","Strike_R","Strike_R","Defend_R","Defend_R","Defend_R","Defend_R","Bash+1","Disarm+1","Armaments+1","Armaments+1","Cleave","Clothesline","Flame Barrier+1"],"special_seed":0,"relics":["Burning Blood","Centennial Puzzle","Toxic Egg 2","Boot","Tiny Chest"],"potions_floor_usage":[13,16],"damage_taken":[{"damage":1.0,"enemies":"Jaw Worm","floor":1.0,"turns":5.0},{"damage":0.0,"enemies":"Small Slimes","floor":4.0,"turns":3.0},{"damage":4.0,"enemies":"Cultist","floor":5.0,"turns":4.0},{"damage":36.0,"enemies":"Lagavulin","floor":6.0,"turns":10.0},{"damage":14.0,"enemies":"3 Sentries","floor":10.0,"turns":12.0},{"damage":1.0,"enemies":"2 Fungi Beasts","floor":12.0,"turns":5.0},{"damage":13,"enemies":"Lagavulin","floor":13,"turns":8},{"damage":9,"enemies":"Red Slaver","floor":14,"turns":3},{"damage":55,"enemies":"Slime Boss","floor":16,"turns":10}],"seed_played":"-6968425532416225677","potions_obtained":[{"floor":1.0,"key":"Fire Potion"},{"floor":4.0,"key":"Regen Potion"},{"floor":10.0,"key":"Explosive Potion"},{"floor":12.0,"key":"Swift Potion"}],"is_trial":false,"path_per_floor":["M","?","?","M","M","E","R","?","T","E","R","M","E","M","R","B"],"character_chosen":"IRONCLAD","items_purchased":[],"campfire_rested":0,"item_purchase_floors":[],"current_hp_per_floor":[80,80,80,80,80,50,50,50,50,42,42,47,52,49,49,0],"gold":569,"neow_bonus":"HUNDRED_GOLD","is_prod":false,"is_daily":false,"chose_seed":false,"campfire_upgraded":3,"win_rate":0,"timestamp":1558527323,"path_taken":["M","?","?","M","?","E","R","?","T","E","R","M","E","?","R","BOSS"],"build_version":"2019-01-23","purchased_purges":0,"victory":false,"max_hp_per_floor":[80,80,80,80,80,80,80,80,80,80,80,80,80,80,80,80],"card_choices":[{"not_picked":["Perfected Strike","Thunderclap"],"picked":"Disarm","floor":1.0},{"not_picked":["Perfected Strike","Evolve","Fiend Fire"],"picked":"SKIP","floor":4.0},{"not_picked":["Feel No Pain","Entrench"],"picked":"Armaments","floor":5.0},{"not_picked":["Pummel","Thunderclap"],"picked":"Armaments","floor":6.0},{"not_picked":["Wild Strike","Second Wind+1","Anger"],"picked":"SKIP","floor":10.0},{"not_picked":["Armaments+1","Clash"],"picked":"Cleave","floor":12.0},{"not_picked":["Bloodletting+1","Thunderclap"],"picked":"Clothesline","floor":13},{"not_picked":["Heavy Blade","Thunderclap"],"picked":"Flame Barrier+1","floor":14}],"player_experience":1464185,"relics_obtained":[{"floor":6.0,"key":"Centennial Puzzle"},{"floor":9.0,"key":"Toxic Egg 2"},{"floor":10.0,"key":"Boot"},{"floor":13,"key":"Tiny Chest"}],"event_choices":[{"damage_healed":0.0,"max_hp_gain":0.0,"max_hp_loss":0.0,"gold_gain":0.0,"event_name":"Living Wall","player_choice":"Grow","floor":2.0,"gold_loss":0.0,"damage_taken":0.0,"cards_upgraded":["Bash"]},{"damage_healed":0.0,"max_hp_gain":0.0,"max_hp_loss":0.0,"gold_gain":0.0,"event_name":"The Woman in Blue","player_choice":"Bought 0 Potions","floor":3.0,"gold_loss":0.0,"damage_taken":0.0},{"damage_healed":0.0,"max_hp_gain":0.0,"max_hp_loss":0.0,"gold_gain":100.0,"event_name":"Wheel of Change","player_choice":"Gold","floor":8.0,"gold_loss":0.0,"damage_taken":0.0}],"is_beta":false,"boss_relics":[],"items_purged_floors":[],"is_endless":false,"potions_floor_spawned":[1,4,10,12],"killed_by":"Slime Boss","ascension_level":0}