{"gold_per_floor":[209,209,209,228,1,1,21,21,21,36,36,36,36,59,59,187,187,206,29,29,48,48,48,72,86,86,86,36,55,55,98,98,98],"floor_reached":33,"playtime":861,"items_purged":["Strike_R","Shame"],"score":255,"play_id":"3a8f60d1-4635-4cf4-aa2f-c140863f024a","local_time":"20190516001117","is_ascension_mode":false,"campfire_choices":[{"data":"Bash","floor":6.0,"key":"SMITH"},{"data":"Clothesline","floor":12.0,"key":"SMITH"},{"data":"Wild Strike","floor":15.0,"key":"SMITH"},{"data":"Double Tap","floor":23.0,"key":"SMITH"},{"data":"Inflame","floor":32.0,"key":"SMITH"}],"neow_cost":"NONE","seed_source_timestamp":12319400928694,"circlet_count":0,"master_deck":["Strike_R","Defend_R","Defend_R","Defend_R","Bash+1","Headbutt","Shrug It Off","Clothesline+1","Wild Strike+1","Double Tap+1","Disarm+1","Anger+1","Disarm+1","Corruption","Inflame+1","Anger+1","Sword Boomerang+1"],"special_seed":0,"relics":["Burning Blood","Golden Idol","Membership Card","Shuriken","Astrolabe","Mummified Hand","Paper Frog","Blue Candle","Potion Belt","Nunchaku","Ornamental Fan"],"potions_floor_usage":[33],"damage_taken":[{"damage":6.0,"enemies":"Jaw Worm","floor":1.0,"turns":4.0},{"damage":0.0,"enemies":"Small Slimes","floor":4.0,"turns":3.0},{"damage":1.0,"enemies":"Cultist","floor":7.0,"turns":3.0},{"damage":9.0,"enemies":"2 Fungi Beasts","floor":10.0,"turns":4.0},{"damage":14.0,"enemies":"Exordium Thugs","floor":14.0,"turns":7.0},{"damage":37.0,"enemies":"The Guardian","floor":16.0,"turns":13.0},{"damage":5.0,"enemies":"3 Byrds","floor":18.0,"turns":6.0},{"damage":26.0,"enemies":"2 Thieves","floor":21.0,"turns":4.0},{"damage":6.0,"enemies":"Chosen and Byrds","floor":24.0,"turns":6.0},{"damage":10.0,"enemies":"3 Cultists","floor":25.0,"turns":5.0},{"damage":17.0,"enemies":"Snake Plant","floor":29.0,"turns":4.0},{"damage":10.0,"enemies":"Book of Stabbing","floor":31.0,"turns":3.0},{"damage":71,"enemies":"Collector","floor":33,"turns":7}],"seed_played":"-226326026699316091","potions_obtained":[{"floor":4.0,"key":"FearPotion"},{"floor":7.0,"key":"GamblersBrew"},{"floor":14.0,"key":"GamblersBrew"},{"floor":16.0,"key":"Regen Potion"},{"floor":18.0,"key":"SteroidPotion"},{"floor":21.0,"key":"Regen Potion"}],"is_trial":false,"path_per_floor":["M","?","?","M","$","R","M","$","T","M","?","R","$","M","R","B",null,"M","$","?","M","?","R","M","M","T","?","$","M","?","E","R","B"],"character_chosen":"IRONCLAD","items_purchased":["Membership Card","Shrug It Off","Mummified Hand","Inflame"],"campfire_rested":0,"item_purchase_floors":[5,5,19,19],"current_hp_per_floor":[80,74,74,74,74,74,74,74,74,71,71,71,71,63,63,32,74,74,74,74,54,54,54,54,64,64,64,64,53,53,49,49,0],"gold":98,"neow_bonus":"HUNDRED_GOLD","is_prod":false,"is_daily":false,"chose_seed":false,"campfire_upgraded":5,"win_rate":0,"timestamp":1557987077,"path_taken":["M","?","?","?","$","R","M","$","T","M","?","R","?","M","R","BOSS","M","$","?","M","?","R","M","M","T","?","$","M","?","E","R","BOSS"],"build_version":"2019-01-23","purchased_purges":2,"victory":false,"max_hp_per_floor":[80,74,74,74,74,74,74,74,74,74,74,74,74,74,74,74,74,74,74,74,74,74,74,74,74,74,74,74,74,74,74,74,74],"card_choices":[{"not_picked":["Thunderclap","Combust","Sword Boomerang"],"picked":"SKIP","floor":1.0},{"not_picked":["Havoc","Sentinel"],"picked":"Headbutt","floor":4.0},{"not_picked":["Perfected Strike","Wild Strike","Iron Wave"],"picked":"SKIP","floor":7.0},{"not_picked":["Cleave","Fire Breathing"],"picked":"Clothesline","floor":10.0},{"not_picked":["Heavy Blade","Warcry"],"picked":"Wild Strike","floor":14.0},{"not_picked":["Berserk","Reaper"],"picked":"Double Tap","floor":16.0},{"not_picked":["Wild Strike","Cleave+1"],"picked":"Corruption","floor":18.0},{"not_picked":["Havoc","Flex+1"],"picked":"Anger+1","floor":21.0},{"not_picked":["Heavy Blade","Thunderclap"],"picked":"Anger","floor":24.0},{"not_picked":["Warcry+1","Heavy Blade","Sword Boomerang"],"picked":"SKIP","floor":25.0},{"not_picked":["Cleave","Perfected Strike"],"picked":"Sword Boomerang+1","floor":29.0},{"not_picked":["Brutality","Fiend Fire","Rage"],"picked":"SKIP","floor":31.0}],"player_experience":1409732,"relics_obtained":[{"floor":9.0,"key":"Shuriken"},{"floor":26.0,"key":"Blue Candle"},{"floor":31.0,"key":"Ornamental Fan"}],"event_choices":[{"damage_healed":0.0,"max_hp_gain":0.0,"max_hp_loss":6.0,"gold_gain":0.0,"event_name":"Golden Idol","player_choice":"Lose Max HP","floor":2.0,"gold_loss":0.0,"damage_taken":0.0,"relics_obtained":["Golden Idol"]},{"damage_healed":0.0,"max_hp_gain":0.0,"max_hp_loss":0.0,"gold_gain":0.0,"event_name":"The Woman in Blue","player_choice":"Bought 0 Potions","floor":3.0,"gold_loss":0.0,"damage_taken":0.0},{"cards_removed":["Strike_R"],"damage_healed":0.0,"max_hp_gain":0.0,"max_hp_loss":0.0,"gold_gain":0.0,"event_name":"Bonfire Elementals","player_choice":"Offered Basic","floor":11.0,"gold_loss":0.0,"damage_taken":0.0},{"damage_healed":0.0,"max_hp_gain":0.0,"max_hp_loss":0.0,"gold_gain":0.0,"event_name":"Addict","player_choice":"Stole Relic","floor":20.0,"gold_loss":0.0,"damage_taken":0.0,"relics_obtained":["Paper Frog"],"cards_obtained":["Shame"]},{"damage_healed":0.0,"max_hp_gain":0.0,"max_hp_loss":0.0,"gold_gain":0.0,"event_name":"Ghosts","player_choice":"Ignored","floor":22.0,"gold_loss":0.0,"damage_taken":0.0},{"damage_healed":0.0,"max_hp_gain":0.0,"max_hp_loss":0.0,"gold_gain":0.0,"event_name":"The Mausoleum","player_choice":"Opened","floor":27.0,"gold_loss":0.0,"damage_taken":0.0,"relics_obtained":["Potion Belt"]},{"cards_removed":["Anger"],"damage_healed":0.0,"max_hp_gain":0.0,"max_hp_loss":0.0,"gold_gain":0.0,"event_name":"WeMeetAgain","player_choice":"Gave Card","floor":30.0,"gold_loss":0.0,"damage_taken":0.0,"relics_obtained":["Nunchaku"]}],"is_beta":false,"boss_relics":[{"not_picked":["Tiny House","Lizard Tail"],"picked":"Astrolabe"}],"items_purged_floors":[19,28],"is_endless":false,"potions_floor_spawned":[4,7,14,16,18,21],"killed_by":"Collector","ascension_level":0}