{"gold_per_floor":[217,115,65,83,83,83,83,83,83,83,83,158,158,201,201,322,322,343,313,122,145,221,257,257,257,257,51,51,51,51,92,92,220,220,235,85,418,93,109,109,139,139,189,219,219,219,239,253,253,253],"floor_reached":51,"playtime":1344,"items_purged":["Strike_B","Strike_B","Strike_B+1","Consume"],"score":788,"play_id":"fc9f6735-0518-451e-b86a-88c91e7a5d5b","local_time":"20190625073448","is_ascension_mode":false,"campfire_choices":[{"data":"Zap","floor":6.0,"key":"SMITH"},{"data":"Dualcast","floor":8.0,"key":"SMITH"},{"data":"Consume","floor":11.0,"key":"SMITH"},{"data":"Hologram","floor":13.0,"key":"SMITH"},{"data":"Coolheaded","floor":15.0,"key":"SMITH"},{"data":"Defragment","floor":28.0,"key":"SMITH"},{"data":"Fission","floor":30.0,"key":"SMITH"},{"data":"Capacitor","floor":32.0,"key":"SMITH"},{"data":"Rainbow","floor":40.0,"key":"SMITH"},{"data":"Ball Lightning","floor":42.0,"key":"SMITH"},{"data":"Finesse","floor":46.0,"key":"SMITH"},{"data":"Cold Snap","floor":49,"key":"SMITH"}],"neow_cost":"NONE","seed_source_timestamp":5186186086308,"circlet_count":0,"master_deck":["Zap+1","Dualcast+1","Consume+1","Coolheaded+1","Hologram+1","Ball Lightning+1","Fission+1","Capacitor+1","Cold Snap+1","Conserve Battery+1","Defragment+1","Go for the Eyes+1","Rainbow+1","Ball Lightning+1","Sunder+1","Chaos+1","Rebound+1","Flash of Steel+1","Finesse+1","Beam Cell+1","Ball Lightning+1"],"special_seed":0,"relics":["Cracked Core","Bottled Lightning","Matryoshka","Whetstone","Philosopher\u0027s Stone","Bag of Preparation","Darkstone Periapt","DataDisk","Pen Nib","Mummified Hand","Red Mask","Empty Cage","Molten Egg 2","Dodecahedron","Ancient Tea Set","Cables"],"potions_floor_usage":[50],"damage_taken":[{"damage":2.0,"enemies":"2 Louse","floor":1.0,"turns":3.0},{"damage":2.0,"enemies":"Small Slimes","floor":4.0,"turns":5.0},{"damage":20.0,"enemies":"3 Sentries","floor":14.0,"turns":7.0},{"damage":5.0,"enemies":"The Guardian","floor":16.0,"turns":10.0},{"damage":18.0,"enemies":"2 Thieves","floor":18.0,"turns":3.0},{"damage":0.0,"enemies":"Spheric Guardian","floor":21.0,"turns":3.0},{"damage":11.0,"enemies":"Book of Stabbing","floor":23.0,"turns":7.0},{"damage":0.0,"enemies":"Centurion and Healer","floor":25.0,"turns":2.0},{"damage":0.0,"enemies":"Masked Bandits","floor":31.0,"turns":4.0},{"damage":6.0,"enemies":"Champ","floor":33.0,"turns":7.0},{"damage":0.0,"enemies":"3 Shapes","floor":35.0,"turns":2.0},{"damage":0.0,"enemies":"3 Darklings","floor":39.0,"turns":3.0},{"damage":0.0,"enemies":"Reptomancer","floor":41.0,"turns":4.0},{"damage":0.0,"enemies":"Giant Head","floor":44.0,"turns":6.0},{"damage":0.0,"enemies":"Jaw Worm Horde","floor":47.0,"turns":1.0},{"damage":14.0,"enemies":"Maw","floor":48.0,"turns":4.0},{"damage":42,"enemies":"Donu and Deca","floor":50,"turns":7}],"seed_played":"-8877581556121265930","potions_obtained":[{"floor":1.0,"key":"Fruit Juice"},{"floor":16.0,"key":"Ancient Potion"},{"floor":19.0,"key":"GamblersBrew"},{"floor":19.0,"key":"Block Potion"},{"floor":21.0,"key":"SmokeBomb"},{"floor":33.0,"key":"Fruit Juice"},{"floor":39.0,"key":"Explosive Potion"},{"floor":44.0,"key":"Energy Potion"},{"floor":47.0,"key":"Fire Potion"}],"is_trial":false,"path_per_floor":["M","$","?","M","?","R","?","R","T","?","R","?","R","E","R","B",null,"M","?","$","M","T","E","?","M","T","$","R","$","R","?","R","B",null,"M","$","?","$","M","R","E","R","T","E","?","R","M","M","R","B",null],"character_chosen":"DEFECT","items_purchased":["Coolheaded","Capacitor","Cold Snap","Defragment","Molten Egg 2","Sunder+1"],"campfire_rested":0,"item_purchase_floors":[2,20,20,27,38,38],"current_hp_per_floor":[78,78,78,76,76,76,74,74,74,62,62,51,51,31,31,26,74,56,56,56,56,56,45,45,45,45,45,45,45,45,45,45,44,79,79,79,79,79,79,79,79,79,79,79,69,69,69,55,55,13],"gold":253,"neow_bonus":"HUNDRED_GOLD","is_prod":false,"is_daily":false,"chose_seed":false,"campfire_upgraded":12,"win_rate":0,"timestamp":1561469688,"path_taken":["M","$","?","M","?","R","?","R","T","?","R","?","R","E","R","BOSS","M","?","?","M","?","E","?","M","T","$","R","?","R","?","R","BOSS","M","$","?","$","M","R","E","R","T","E","?","R","M","M","R","BOSS"],"build_version":"2019-01-23","purchased_purges":4,"victory":true,"max_hp_per_floor":[80,80,80,80,80,80,74,74,74,74,74,74,74,74,74,74,74,74,74,74,74,74,74,74,74,74,74,74,74,74,74,74,79,79,79,79,79,79,79,79,79,79,79,79,79,79,79,79,79,79],"card_choices":[{"not_picked":["Doom and Gloom","Barrage"],"picked":"Consume","floor":1.0},{"not_picked":["Skim","Steam"],"picked":"Hologram","floor":4.0},{"not_picked":["Heatsinks","Redo"],"picked":"Ball Lightning","floor":14.0},{"not_picked":["Buffer","Core Surge"],"picked":"Fission","floor":16.0},{"not_picked":["BootSequence","Hologram","Barrage"],"picked":"SKIP","floor":18.0},{"not_picked":["Beam Cell+1","Compile Driver"],"picked":"Conserve Battery+1","floor":21.0},{"not_picked":["Conserve Battery","Rebound"],"picked":"Consume","floor":23.0},{"not_picked":["Barrage","Genetic Algorithm"],"picked":"Go for the Eyes+1","floor":31.0},{"not_picked":["Fission","Reboot"],"picked":"Rainbow","floor":33.0},{"not_picked":["Leap+1","Stack"],"picked":"Ball Lightning+1","floor":35.0},{"not_picked":["Leap","Steam Power+1","Gash+1"],"picked":"SKIP","floor":39.0},{"not_picked":["Redo","FTL+1"],"picked":"Chaos+1","floor":41.0},{"not_picked":["Auto Shields","Stack"],"picked":"Rebound+1","floor":44.0},{"not_picked":["Swift Strike+1","Panacea"],"picked":"Flash of Steel+1","floor":45.0},{"not_picked":["Secret Weapon","Sadistic Nature"],"picked":"Finesse","floor":45.0},{"not_picked":["Redo","Steam"],"picked":"Beam Cell+1","floor":47.0},{"not_picked":["Leap","Streamline+1"],"picked":"Ball Lightning+1","floor":48.0}],"player_experience":1489468,"relics_obtained":[{"floor":9.0,"key":"Bottled Lightning"},{"floor":14.0,"key":"Whetstone"},{"floor":22.0,"key":"Bag of Preparation"},{"floor":22.0,"key":"Darkstone Periapt"},{"floor":23.0,"key":"DataDisk"},{"floor":26.0,"key":"Pen Nib"},{"floor":26.0,"key":"Mummified Hand"},{"floor":31.0,"key":"Red Mask"},{"floor":41.0,"key":"Dodecahedron"},{"floor":43.0,"key":"Ancient Tea Set"},{"floor":44.0,"key":"Cables"}],"event_choices":[{"cards_removed":["Defend_B"],"damage_healed":0.0,"max_hp_gain":0.0,"max_hp_loss":0.0,"gold_gain":0.0,"event_name":"The Cleric","player_choice":"Card Removal","floor":3.0,"gold_loss":50.0,"damage_taken":0.0},{"cards_removed":["Defend_B"],"damage_healed":0.0,"max_hp_gain":0.0,"max_hp_loss":0.0,"gold_gain":0.0,"event_name":"Living Wall","player_choice":"Forget","floor":5.0,"gold_loss":0.0,"damage_taken":0.0},{"damage_healed":0.0,"max_hp_gain":0.0,"max_hp_loss":6.0,"gold_gain":0.0,"event_name":"Golden Idol","player_choice":"Lose Max HP","floor":7.0,"gold_loss":0.0,"damage_taken":0.0,"relics_obtained":["Golden Idol"]},{"damage_healed":0.0,"max_hp_gain":0.0,"max_hp_loss":0.0,"gold_gain":0.0,"event_name":"Scrap Ooze","player_choice":"Success","floor":10.0,"gold_loss":0.0,"damage_taken":12.0,"relics_obtained":["Matryoshka"]},{"damage_healed":0.0,"max_hp_gain":0.0,"max_hp_loss":0.0,"gold_gain":75.0,"event_name":"World of Goop","player_choice":"Gather Gold","floor":12.0,"gold_loss":0.0,"damage_taken":11.0},{"damage_healed":0.0,"max_hp_gain":0.0,"max_hp_loss":0.0,"gold_gain":0.0,"event_name":"The Woman in Blue","player_choice":"Bought 2 Potions","floor":19.0,"gold_loss":0.0,"damage_taken":0.0},{"cards_removed":["Defend_B"],"damage_healed":0.0,"max_hp_gain":0.0,"max_hp_loss":0.0,"gold_gain":0.0,"event_name":"Back to Basics","player_choice":"Elegance","floor":24.0,"gold_loss":0.0,"damage_taken":0.0},{"damage_healed":0.0,"max_hp_gain":0.0,"max_hp_loss":0.0,"gold_gain":0.0,"event_name":"Masked Bandits","player_choice":"Fought Bandits","floor":31.0,"gold_loss":0.0,"damage_taken":0.0},{"damage_healed":0.0,"max_hp_gain":0.0,"max_hp_loss":0.0,"gold_gain":333.0,"event_name":"The Moai Head","player_choice":"Gave Idol","floor":37.0,"relics_lost":["Golden Idol"],"gold_loss":0.0,"damage_taken":0.0},{"damage_healed":0.0,"max_hp_gain":0.0,"max_hp_loss":0.0,"gold_gain":0.0,"event_name":"SensoryStone","player_choice":"Memory 3","floor":45.0,"gold_loss":0.0,"damage_taken":10.0}],"is_beta":false,"boss_relics":[{"not_picked":["Tiny House","Nuclear Battery"],"picked":"Philosopher\u0027s Stone"},{"not_picked":["Orrery","Fusion Hammer"],"picked":"Empty Cage"}],"items_purged_floors":[2,20,27,36],"is_endless":false,"potions_floor_spawned":[1,16,21,33,39,44,47],"ascension_level":0}