{"gold_per_floor":[213,228,228,72,91,91,118,118,118,146,146,111,144,169,181,297,309,332,344,366,378,16,16,47,47,47,47,65,76,94,14,14,117,117,136,136,136,154,154,154,0,100,173,188,188,219,219,243,243,243],"floor_reached":50,"playtime":4688,"items_purged":["Strike_G","Strike_G"],"score":605,"play_id":"9db032e3-7e3a-4495-921d-b9e443bdf390","local_time":"20181109175018","is_ascension_mode":true,"campfire_choices":[{"data":"Cloak And Dagger","floor":6,"key":"SMITH"},{"data":"Wraith Form v2","floor":8,"key":"SMITH"},{"floor":11,"key":"REST"},{"data":"Survivor","floor":15,"key":"SMITH"},{"data":"A Thousand Cuts","floor":23,"key":"SMITH"},{"floor":27,"key":"REST"},{"floor":32,"key":"REST"},{"data":"Envenom","floor":40,"key":"SMITH"},{"data":"Footwork","floor":45,"key":"SMITH"},{"data":"Footwork","floor":49,"key":"SMITH"}],"neow_cost":"NONE","seed_source_timestamp":1817924648933984,"circlet_count":0,"master_deck":["Defend_G","Defend_G","Defend_G","Defend_G","Strike_G","Strike_G","Strike_G","Survivor+1","Neutralize","Cloak And Dagger+1","Crippling Poison","Poisoned Stab","Wraith Form v2+1","Escape Plan","Caltrops","Flechettes","A Thousand Cuts+1","Outmaneuver+1","Footwork+1","Escape Plan","Slice","Infinite Blades","Cloak And Dagger+1","Backstab","Deflect","Envenom+1","Blade Dance","Good Instincts","Neutralize","Night Terror","Heel Hook","Blade Dance+1","Madness","Madness","Footwork+1","Dodge and Roll"],"relics":["Ring of the Snake","Bronze Scales","Ninja Scroll","Kunai","Vajra","MawBank","Pantograph","The Courier","Blue Candle","Coffee Dripper","Red Mask","The Specimen","Shuriken","Potion Belt","Anchor"],"potions_floor_usage":[29,33,33,42,44,50],"damage_taken":[{"damage":0,"enemies":"Cultist","floor":1,"turns":5},{"damage":0,"enemies":"Jaw Worm","floor":2,"turns":4},{"damage":0,"enemies":"Small Slimes","floor":5,"turns":4},{"damage":26,"enemies":"Gremlin Nob","floor":7,"turns":5},{"damage":13,"enemies":"Lagavulin","floor":10,"turns":6},{"damage":5,"enemies":"3 Sentries","floor":13,"turns":7},{"damage":1,"enemies":"2 Fungi Beasts","floor":14,"turns":3},{"damage":22,"enemies":"Hexaghost","floor":16,"turns":9},{"damage":21,"enemies":"Chosen","floor":18,"turns":4},{"damage":0,"enemies":"3 Byrds","floor":20,"turns":3},{"damage":38,"enemies":"Gremlin Leader","floor":24,"turns":5},{"damage":3,"enemies":"Sentry and Sphere","floor":28,"turns":4},{"damage":15,"enemies":"Snecko","floor":29,"turns":4},{"damage":5,"enemies":"3 Cultists","floor":30,"turns":5},{"damage":39,"enemies":"Automaton","floor":33,"turns":11},{"damage":2,"enemies":"3 Darklings","floor":35,"turns":4},{"damage":4,"enemies":"Orb Walker","floor":38,"turns":3},{"damage":21,"enemies":"Mind Bloom Boss Battle","floor":42,"turns":8},{"damage":0,"enemies":"Sphere and 2 Shapes","floor":44,"turns":3},{"damage":36,"enemies":"Nemesis","floor":46,"turns":8},{"damage":49,"enemies":"Awakened One","floor":50,"turns":11}],"seed_played":"-7660038882887704287","potions_obtained":[{"floor":1,"key":"Swift Potion"},{"floor":5,"key":"SmokeBomb"},{"floor":10,"key":"EssenceOfSteel"},{"floor":13,"key":"Ancient Potion"},{"floor":24,"key":"Regen Potion"},{"floor":30,"key":"PowerPotion"},{"floor":38,"key":"SteroidPotion"},{"floor":42,"key":"LiquidBronze"}],"is_trial":false,"path_per_floor":["M","M","?","$","M","R","E","R","T","E","R","?","E","M","R","B",null,"M","?","M","?","$","R","E","?","T","R","M","M","M","$","R","B",null,"M","?","?","M","?","R","?","?","T","M","R","E","?","T","R","B"],"character_chosen":"THE_SILENT","items_purchased":["Bronze Scales","Pantograph","Slice"],"campfire_rested":3,"item_purchase_floors":[4,22,22],"current_hp_per_floor":[70,70,63,63,63,63,37,37,37,24,45,62,57,56,56,34,70,49,49,49,49,49,49,11,11,11,32,29,23,18,18,39,25,70,68,68,68,64,55,55,55,49,49,49,49,13,13,13,13,0],"gold":243,"neow_bonus":"HUNDRED_GOLD","is_prod":false,"is_daily":false,"chose_seed":false,"campfire_upgraded":7,"win_rate":0,"timestamp":1541803818,"path_taken":["M","M","?","$","M","R","E","R","T","E","R","?","E","M","R","BOSS","M","?","M","?","$","R","E","?","T","R","M","M","?","$","R","BOSS","M","?","?","?","?","R","?","?","T","M","R","E","?","?","R","BOSS"],"build_version":"2018-11-08","purchased_purges":2,"victory":false,"max_hp_per_floor":[70,70,70,70,70,70,70,70,70,70,70,70,70,70,70,70,70,70,70,70,70,70,70,70,70,70,70,70,70,70,70,70,70,70,70,70,70,70,70,70,70,70,70,70,70,70,70,70,70,70],"card_choices":[{"not_picked":["Masterful Stab","Quick Slash"],"picked":"Cloak And Dagger","floor":1},{"not_picked":["Leg Sweep","Underhanded Strike"],"picked":"Crippling Poison","floor":2},{"not_picked":["Blade Dance","Sucker Punch"],"picked":"Poisoned Stab","floor":5},{"not_picked":["Setup","Blade Dance"],"picked":"Wraith Form v2","floor":7},{"not_picked":["Corpse Explosion","Setup"],"picked":"Escape Plan","floor":10},{"not_picked":["Dagger Throw","Deadly Poison"],"picked":"Caltrops","floor":13},{"not_picked":["Dash","Backflip"],"picked":"Flechettes","floor":14},{"not_picked":["Adrenaline","Wraith Form v2"],"picked":"A Thousand Cuts","floor":16},{"not_picked":["Underhanded Strike","Bane"],"picked":"Outmaneuver+1","floor":18},{"not_picked":["Reflex","Poisoned Stab"],"picked":"Escape Plan","floor":20},{"not_picked":["Storm of Steel","Backflip"],"picked":"Infinite Blades","floor":24},{"not_picked":["Tactician","Riddle With Holes"],"picked":"Backstab","floor":28},{"not_picked":["Underhanded Strike","Dodge and Roll"],"picked":"Deflect","floor":29},{"not_picked":["Eviscerate+1","Poisoned Stab"],"picked":"Skewer","floor":30},{"not_picked":["Night Terror","Wraith Form v2"],"picked":"Envenom","floor":33},{"not_picked":["Flying Knee+1","Bane+1"],"picked":"Blade Dance","floor":35},{"not_picked":["Chrysalis","Dark Shackles"],"picked":"Good Instincts","floor":36},{"not_picked":["PiercingWail","Catalyst"],"picked":"Blade Dance+1","floor":38},{"not_picked":["Skewer+1","Blade Dance+1"],"picked":"Footwork","floor":42},{"not_picked":["Dagger Spray","Slice+1"],"picked":"Dodge and Roll","floor":44},{"not_picked":["Blade Dance","Outmaneuver+1","Crippling Poison+1"],"picked":"SKIP","floor":46}],"player_experience":1099982,"relics_obtained":[{"floor":7,"key":"Ninja Scroll"},{"floor":9,"key":"Kunai"},{"floor":10,"key":"Vajra"},{"floor":13,"key":"MawBank"},{"floor":24,"key":"The Courier"},{"floor":26,"key":"Blue Candle"},{"floor":42,"key":"The Specimen"},{"floor":43,"key":"Shuriken"},{"floor":46,"key":"Potion Belt"},{"floor":48,"key":"Anchor"}],"event_choices":[{"cards_removed":["Defend_G"],"damage_healed":0,"gold_gain":0,"player_choice":"Card Removal","damage_taken":7,"max_hp_gain":0,"max_hp_loss":0,"event_name":"Golden Wing","floor":3,"gold_loss":0},{"damage_healed":17,"gold_gain":0,"player_choice":"Healed","damage_taken":0,"max_hp_gain":0,"max_hp_loss":0,"event_name":"The Cleric","floor":12,"gold_loss":35},{"damage_healed":0,"gold_gain":0,"player_choice":"Read","damage_taken":0,"max_hp_gain":0,"max_hp_loss":0,"event_name":"The Library","floor":19,"gold_loss":0,"cards_obtained":["Footwork"]},{"damage_healed":0,"gold_gain":0,"player_choice":"Ignored","damage_taken":0,"max_hp_gain":0,"max_hp_loss":0,"event_name":"The Mausoleum","floor":21,"gold_loss":0},{"damage_healed":0,"gold_gain":0,"player_choice":"Copied","damage_taken":0,"max_hp_gain":0,"max_hp_loss":0,"event_name":"Duplicator","floor":25,"gold_loss":0,"cards_obtained":["Cloak And Dagger"]},{"damage_healed":0,"gold_gain":0,"player_choice":"Memory 1","damage_taken":0,"max_hp_gain":0,"max_hp_loss":0,"event_name":"SensoryStone","floor":36,"gold_loss":0},{"damage_healed":0,"gold_gain":0,"player_choice":"3 cards matched","damage_taken":0,"max_hp_gain":0,"max_hp_loss":0,"event_name":"Match and Keep!","floor":37,"gold_loss":0,"cards_obtained":["Neutralize","Night Terror","Heel Hook"]},{"damage_healed":0,"gold_gain":0,"player_choice":"Embrace Madness","damage_taken":9,"max_hp_gain":0,"max_hp_loss":0,"event_name":"Winding Halls","floor":39,"gold_loss":0,"cards_obtained":["Madness","Madness"]},{"damage_healed":0,"gold_gain":0,"player_choice":"Paid","damage_taken":0,"relics_obtained":["Red Mask"],"max_hp_gain":0,"max_hp_loss":0,"event_name":"Tomb of Lord Red Mask","floor":41,"gold_loss":154},{"damage_healed":0,"gold_gain":0,"player_choice":"Fight","damage_taken":0,"max_hp_gain":0,"max_hp_loss":0,"event_name":"MindBloom","floor":42,"gold_loss":0},{"cards_removed":["Skewer"],"damage_healed":0,"gold_gain":0,"player_choice":"Removed Attack","damage_taken":0,"max_hp_gain":0,"max_hp_loss":0,"event_name":"Falling","floor":47,"gold_loss":0}],"is_beta":false,"boss_relics":[{"not_picked":["Runic Dome","Snecko Eye","HoveringKite"]},{"not_picked":["Astrolabe","Velvet Choker"],"picked":"Coffee Dripper"}],"items_purged_floors":[22,31],"is_endless":false,"potions_floor_spawned":[1,5,10,13,14,24,30,38,42],"killed_by":"Awakened One","ascension_level":3}