{"gold_per_floor":[115,126,142,96,111,140,165,193,193,204,55,68,86,100,100,198,198,214,228,242,242,142,142,170,218,244,2,21,21,39,67,67,67],"floor_reached":33,"playtime":2484,"items_purged":["Strike_B","Blizzard","Blizzard"],"score":376,"play_id":"9d4e8231-70ea-4cce-ba6c-37d2f92cf6ff","local_time":"20190508222053","is_ascension_mode":true,"campfire_choices":[{"data":"Undo","floor":15.0,"key":"SMITH"},{"data":"Consume","floor":23.0,"key":"SMITH"},{"data":"Rainbow","floor":29.0,"key":"SMITH"},{"data":"Reboot","floor":32.0,"key":"SMITH"}],"neow_cost":"NONE","seed_source_timestamp":0,"circlet_count":0,"master_deck":["Zap","Dualcast","Reinforced Body","Undo+1","Cold Snap+1","Conserve Battery","Electrodynamics","Hologram","Sunder","Redo","Turbo","Self Repair","Rainbow+1","Reboot+1","Glacier","FTL","Steam","Consume+1","Steam Power","Self Repair","Undo","Electrodynamics"],"special_seed":0,"relics":["Cracked Core","NeowsBlessing","Whetstone","DataDisk","Art of War","Dodecahedron","Pandora\u0027s Box","Smiling Mask","Bronze Scales","Bag of Preparation","Symbiotic Virus"],"potions_floor_usage":[33],"damage_taken":[{"damage":0.0,"enemies":"Cultist","floor":1.0,"turns":1.0},{"damage":0.0,"enemies":"Jaw Worm","floor":2.0,"turns":1.0},{"damage":0.0,"enemies":"2 Louse","floor":3.0,"turns":1.0},{"damage":1.0,"enemies":"Blue Slaver","floor":5.0,"turns":5.0},{"damage":4.0,"enemies":"Gremlin Nob","floor":6.0,"turns":5.0},{"damage":17.0,"enemies":"Lagavulin","floor":8.0,"turns":8.0},{"damage":0.0,"enemies":"2 Fungi Beasts","floor":10.0,"turns":2.0},{"damage":4.0,"enemies":"Red Slaver","floor":12.0,"turns":4.0},{"damage":4.0,"enemies":"Looter","floor":13.0,"turns":3.0},{"damage":0.0,"enemies":"Large Slime","floor":14.0,"turns":2.0},{"damage":24.0,"enemies":"Hexaghost","floor":16.0,"turns":9.0},{"damage":3.0,"enemies":"3 Byrds","floor":18.0,"turns":4.0},{"damage":22.0,"enemies":"2 Thieves","floor":19.0,"turns":2.0},{"damage":11.0,"enemies":"3 Cultists","floor":20.0,"turns":3.0},{"damage":36.0,"enemies":"Gremlin Leader","floor":24.0,"turns":9.0},{"damage":0.0,"enemies":"Snecko","floor":28.0,"turns":4.0},{"damage":0.0,"enemies":"Sentry and Sphere","floor":30.0,"turns":5.0},{"damage":9.0,"enemies":"Book of Stabbing","floor":31.0,"turns":4.0},{"damage":62,"enemies":"Automaton","floor":33,"turns":10}],"seed_played":"5982183944309092917","potions_obtained":[{"floor":1.0,"key":"FocusPotion"},{"floor":2.0,"key":"Weak Potion"},{"floor":10.0,"key":"Swift Potion"},{"floor":13.0,"key":"Fire Potion"},{"floor":18.0,"key":"Regen Potion"},{"floor":28.0,"key":"Weak Potion"},{"floor":31.0,"key":"Explosive Potion"}],"is_trial":false,"path_per_floor":["M","M","M","$","M","E","T","E","T","M","$","M","M","M","R","B",null,"M","M","M","?","$","R","E","T","T","$","M","R","M","E","R","B"],"character_chosen":"DEFECT","items_purchased":["Cold Snap","Sunder","Bag of Preparation","Energy Potion"],"campfire_rested":0,"item_purchase_floors":[4,11,27,27],"current_hp_per_floor":[75,75,75,75,74,70,70,53,53,53,53,49,45,45,45,28,63,67,45,50,50,50,50,28,28,28,28,42,42,56,61,61,0],"gold":67,"neow_bonus":"THREE_ENEMY_KILL","is_prod":false,"is_daily":false,"chose_seed":false,"campfire_upgraded":4,"win_rate":0,"timestamp":1557368453,"path_taken":["M","M","M","$","M","E","?","E","T","M","$","M","M","M","R","BOSS","M","M","M","?","$","R","E","?","T","$","M","R","M","E","R","BOSS"],"build_version":"2019-01-23","purchased_purges":3,"victory":false,"max_hp_per_floor":[75,75,75,75,75,75,75,75,75,75,75,75,75,75,75,75,75,75,75,75,75,75,75,75,75,75,75,75,75,75,75,75,75],"card_choices":[{"not_picked":["Consume","Ball Lightning"],"picked":"Reinforced Body","floor":1.0},{"not_picked":["Leap","Storm","Redo"],"picked":"SKIP","floor":2.0},{"not_picked":["Hologram","Blizzard"],"picked":"Undo","floor":3.0},{"not_picked":["Ball Lightning","Steam"],"picked":"Conserve Battery","floor":5.0},{"not_picked":["Rebound","Loop"],"picked":"Blizzard","floor":6.0},{"not_picked":["Storm","Redo"],"picked":"Electrodynamics","floor":8.0},{"not_picked":["Redo","Sweeping Beam"],"picked":"Hologram","floor":10.0},{"not_picked":["Sweeping Beam","Turbo"],"picked":"Redo","floor":12.0},{"not_picked":["Steam","Force Field"],"picked":"Turbo","floor":13.0},{"not_picked":["Reprogram","Genetic Algorithm"],"picked":"Self Repair","floor":14.0},{"not_picked":["Meteor Strike","Reboot"],"picked":"Rainbow","floor":16.0},{"not_picked":["Conserve Battery","Coolheaded"],"picked":"Self Repair","floor":18.0},{"not_picked":["Chaos+1","Beam Cell","Redo"],"picked":"SKIP","floor":19.0},{"not_picked":["Compile Driver+1","Streamline","Melter+1"],"picked":"SKIP","floor":20.0},{"not_picked":["Redo","Sweeping Beam","Scrape"],"picked":"SKIP","floor":24.0},{"not_picked":["Cold Snap","Force Field+1"],"picked":"Electrodynamics","floor":28.0},{"not_picked":["Leap","Static Discharge+1","Go for the Eyes"],"picked":"SKIP","floor":30.0},{"not_picked":["Gash+1","Aggregate","Go for the Eyes"],"picked":"SKIP","floor":31.0}],"player_experience":239411,"relics_obtained":[{"floor":6.0,"key":"Whetstone"},{"floor":7.0,"key":"DataDisk"},{"floor":8.0,"key":"Art of War"},{"floor":9.0,"key":"Dodecahedron"},{"floor":24.0,"key":"Smiling Mask"},{"floor":26.0,"key":"Bronze Scales"},{"floor":31.0,"key":"Symbiotic Virus"}],"event_choices":[{"damage_healed":0.0,"max_hp_gain":0.0,"max_hp_loss":0.0,"gold_gain":0.0,"event_name":"The Library","player_choice":"Read","floor":21.0,"gold_loss":0.0,"damage_taken":0.0,"cards_obtained":["Undo"]}],"is_beta":false,"boss_relics":[{"not_picked":["Fusion Hammer","Lizard Tail"],"picked":"Pandora\u0027s Box"}],"items_purged_floors":[11,22,27],"is_endless":false,"potions_floor_spawned":[1,2,10,13,18,28,31],"killed_by":"Automaton","ascension_level":5}