{"gold_per_floor":[113,113,38,38,38,72,72,72,154,169,117,161,174,224,224,344,344,364,407,407,44,59,59,82,82,82,113,40,65,65,90,90,210,273,287,187,211,336,350,350,350],"floor_reached":41,"playtime":2959,"items_purged":["Regret","Strike_B"],"score":442,"play_id":"505f54a3-99a7-4980-b14b-fc28f8eaf0cb","local_time":"20181219142429","is_ascension_mode":false,"campfire_choices":[{"floor":8,"key":"REST"},{"floor":15,"key":"REST"},{"floor":23,"key":"REST"},{"floor":25,"key":"RECALL"},{"floor":30,"key":"REST"},{"floor":32,"key":"REST"},{"data":"Leap","floor":40,"key":"SMITH"}],"neow_cost":"NONE","seed_source_timestamp":6441345821100,"circlet_count":0,"master_deck":["Strike_B","Strike_B","Strike_B","Defend_B","Defend_B","Defend_B","Defend_B","Zap+1","Dualcast","Redo","Leap+1","Core Surge","Ball Lightning","Self Repair+1","Creative AI+1","Static Discharge+1","Self Repair+1","Ball Lightning","Echo Form+1","BootSequence","White Noise+1","Leap","Loop+1","Ball Lightning+1"],"relics":["Cracked Core","NeowsBlessing","Ginger","Golden Idol","Du-Vu Doll","Frozen Egg 2","Kunai","Dream Catcher","Velvet Choker","Red Mask","Blue Candle","Emotion Chip","Matryoshka","Tiny House","Calipers"],"potions_floor_usage":[12,16,29,29,33,37,41],"damage_taken":[{"damage":0,"enemies":"Jaw Worm","floor":1,"turns":1},{"damage":0,"enemies":"Lagavulin","floor":6,"turns":1},{"damage":0,"enemies":"Small Slimes","floor":10,"turns":1},{"damage":8,"enemies":"Gremlin Nob","floor":12,"turns":4},{"damage":0,"enemies":"2 Louse","floor":13,"turns":2},{"damage":40,"enemies":"Hexaghost","floor":16,"turns":9},{"damage":0,"enemies":"Chosen","floor":18,"turns":4},{"damage":41,"enemies":"Masked Bandits","floor":19,"turns":3},{"damage":29,"enemies":"2 Thieves","floor":22,"turns":3},{"damage":4,"enemies":"Chosen and Byrds","floor":24,"turns":3},{"damage":68,"enemies":"Slavers","floor":27,"turns":4},{"damage":18,"enemies":"Sentry and Sphere","floor":29,"turns":4},{"damage":11,"enemies":"Snake Plant","floor":31,"turns":4},{"damage":63,"enemies":"Automaton","floor":33,"turns":7},{"damage":14,"enemies":"Orb Walker","floor":35,"turns":4},{"damage":7,"enemies":"3 Shapes","floor":37,"turns":3},{"damage":31,"enemies":"Mind Bloom Boss Battle","floor":38,"turns":4},{"damage":16,"enemies":"Maw","floor":39,"turns":7},{"damage":90,"enemies":"Reptomancer","floor":41,"turns":3}],"seed_played":"-8689467539630118266","potions_obtained":[{"floor":1,"key":"Block Potion"},{"floor":13,"key":"PowerPotion"},{"floor":19,"key":"EssenceOfSteel"},{"floor":22,"key":"Dexterity Potion"},{"floor":29,"key":"Regen Potion"},{"floor":33,"key":"AttackPotion"},{"floor":34,"key":"Regen Potion"},{"floor":39,"key":"Poison Potion"}],"is_trial":false,"path_per_floor":["M","?","$","?","?","E","$","R","T","M","$","E","M","?","R","B",null,"M","?","?","$","M","R","M","R","T","E","$","M","R","M","R","B",null,"M","$","M","?","M","R","E"],"character_chosen":"DEFECT","items_purchased":["Ball Lightning","Emotion Chip","Self Repair+1","BootSequence"],"campfire_rested":5,"item_purchase_floors":[11,21,21,28],"current_hp_per_floor":[75,75,75,57,24,24,24,46,46,46,46,38,38,38,60,20,75,75,44,44,44,35,57,73,73,73,25,25,27,49,48,70,39,80,80,80,80,79,80,80,0],"gold":350,"neow_bonus":"THREE_ENEMY_KILL","is_prod":false,"is_daily":false,"chose_seed":false,"campfire_upgraded":1,"win_rate":0,"timestamp":1545247469,"path_taken":["M","?","$","?","?","E","?","R","T","M","$","E","M","?","R","BOSS","M","?","?","$","M","R","M","R","T","E","?","M","R","?","R","BOSS","M","$","M","?","M","R","E"],"build_version":"2018-12-13","purchased_purges":2,"victory":false,"max_hp_per_floor":[75,75,75,75,75,75,75,75,75,75,75,75,75,75,75,75,75,75,75,75,75,75,75,75,75,75,75,75,75,75,75,75,75,80,80,80,80,80,80,80,80],"card_choices":[{"not_picked":["Chaos","Coolheaded"],"picked":"Redo","floor":1},{"not_picked":["Coolheaded","Steam"],"picked":"Leap","floor":6},{"not_picked":["Streamline","Lockon"],"picked":"Core Surge","floor":10},{"not_picked":["Hologram","Gash","Stack"],"picked":"SKIP","floor":12},{"not_picked":["Stack","Chaos","Sweeping Beam"],"picked":"SKIP","floor":13},{"not_picked":["Redo","Compile Driver"],"picked":"Self Repair+1","floor":15},{"not_picked":["Seek","Meteor Strike"],"picked":"Creative AI+1","floor":16},{"not_picked":["Melter+1","Chill"],"picked":"Static Discharge+1","floor":18},{"not_picked":["Ball Lightning","Barrage","Go for the Eyes"],"picked":"SKIP","floor":22},{"not_picked":["Rebound","FTL"],"picked":"Ball Lightning","floor":23},{"not_picked":["Cold Snap+1","Turbo"],"picked":"Echo Form+1","floor":24},{"not_picked":["Coolheaded","Lockon","Hologram+1"],"picked":"SKIP","floor":27},{"not_picked":["Hello World+1","Leap"],"picked":"White Noise+1","floor":29},{"not_picked":["Coolheaded","Steam Power+1"],"picked":"Leap","floor":30},{"not_picked":["Scrape","FTL+1","Chaos"],"picked":"SKIP","floor":31},{"not_picked":["Genetic Algorithm","Stack+1"],"picked":"Loop+1","floor":35},{"not_picked":["Melter","Heatsinks+1"],"picked":"Ball Lightning+1","floor":37},{"not_picked":["Barrage","Steam+1","Cold Snap"],"picked":"SKIP","floor":39}],"player_experience":473813,"relics_obtained":[{"floor":6,"key":"Frozen Egg 2"},{"floor":9,"key":"Kunai"},{"floor":12,"key":"Dream Catcher"},{"floor":19,"key":"Red Mask"},{"floor":27,"key":"Matryoshka"},{"floor":38,"key":"Calipers"}],"event_choices":[{"damage_healed":0,"gold_gain":0,"player_choice":"Box","damage_taken":0,"relics_obtained":["Ginger"],"max_hp_gain":0,"max_hp_loss":0,"event_name":"Big Fish","floor":2,"gold_loss":0,"cards_obtained":["Regret"]},{"damage_healed":0,"gold_gain":0,"player_choice":"Take Damage","damage_taken":18,"relics_obtained":["Golden Idol"],"max_hp_gain":0,"max_hp_loss":0,"event_name":"Golden Idol","floor":4,"gold_loss":0},{"damage_healed":0,"gold_gain":0,"player_choice":"Success","damage_taken":33,"relics_obtained":["Du-Vu Doll"],"max_hp_gain":0,"max_hp_loss":0,"event_name":"Scrap Ooze","floor":5,"gold_loss":0},{"damage_healed":0,"gold_gain":50,"player_choice":"Gained Gold","damage_taken":0,"max_hp_gain":0,"max_hp_loss":0,"event_name":"Golden Wing","floor":14,"gold_loss":0},{"damage_healed":0,"gold_gain":0,"player_choice":"Fought Bandits","damage_taken":0,"max_hp_gain":0,"max_hp_loss":0,"event_name":"Masked Bandits","floor":19,"gold_loss":0},{"damage_healed":0,"gold_gain":0,"player_choice":"Opened","damage_taken":0,"relics_obtained":["Blue Candle"],"max_hp_gain":0,"max_hp_loss":0,"event_name":"The Mausoleum","floor":20,"gold_loss":0},{"damage_healed":0,"gold_gain":0,"player_choice":"Fight","damage_taken":0,"max_hp_gain":0,"max_hp_loss":0,"event_name":"MindBloom","floor":38,"gold_loss":0}],"is_beta":false,"boss_relics":[{"not_picked":["Runic Dome","Empty Cage"],"picked":"Velvet Choker"},{"not_picked":["Philosopher\u0027s Stone","Orrery"],"picked":"Tiny House"}],"items_purged_floors":[3,36],"is_endless":false,"potions_floor_spawned":[1,13,19,22,29,33,39],"killed_by":"Reptomancer","ascension_level":0}