{"gold_per_floor":[111,12,162,180,180,180,195,195,195,227,240,240,257,274,274,351,351],"floor_reached":17,"playtime":407,"items_purged":[],"score":275,"play_id":"53fc906b-8500-48b0-9b65-bd8fdd91f59c","local_time":"20190611070454","is_ascension_mode":true,"campfire_choices":[{"data":"Flex","floor":6,"key":"SMITH"},{"data":"Sword Boomerang","floor":8,"key":"SMITH"},{"data":"Flame Barrier","floor":12,"key":"SMITH"},{"data":"Heavy Blade","floor":15,"key":"SMITH"}],"neow_cost":"NONE","seed_source_timestamp":11573337308089,"circlet_count":0,"master_deck":["AscendersBane","Strike_R","Strike_R","Strike_R","Strike_R","Strike_R","Defend_R","Defend_R","Defend_R","Defend_R","Bash+1","Sword Boomerang+1","Flex+1","Twin Strike","Doubt","Twin Strike","Decay","Headbutt","Flame Barrier+1","Heavy Blade+1","Reaper"],"relics":["Burning Blood","PreservedInsect","Smiling Mask","Eternal Feather"],"potions_floor_usage":[11,16,16],"damage_taken":[{"damage":1,"enemies":"Cultist","floor":1,"turns":4},{"damage":14,"enemies":"Small Slimes","floor":4,"turns":3},{"damage":0,"enemies":"Jaw Worm","floor":7,"turns":1},{"damage":27,"enemies":"Lagavulin","floor":10,"turns":6},{"damage":0,"enemies":"3 Louse","floor":11,"turns":3},{"damage":12,"enemies":"Gremlin Gang","floor":13,"turns":5},{"damage":7,"enemies":"2 Fungi Beasts","floor":14,"turns":4},{"damage":48,"enemies":"The Guardian","floor":16,"turns":7}],"seed_played":"4243483843378816778","potions_obtained":[{"floor":1,"key":"LiquidBronze"},{"floor":10,"key":"Poison Potion"},{"floor":14,"key":"AttackPotion"},{"floor":16,"key":"Strength Potion"}],"is_trial":false,"path_per_floor":["M","$","?","M","?","R","M","R","T","E","M","R","M","M","R","B",null],"character_chosen":"IRONCLAD","items_purchased":["Flex","Twin Strike"],"campfire_rested":0,"item_purchase_floors":[2,2],"current_hp_per_floor":[73,73,73,65,65,65,71,71,71,50,56,56,50,49,49,7,58],"gold":351,"neow_bonus":"UPGRADE_CARD","is_prod":false,"is_daily":false,"chose_seed":false,"campfire_upgraded":4,"win_rate":0,"timestamp":1560258294,"path_taken":["M","$","?","M","?","R","M","R","T","E","M","R","?","?","R","BOSS"],"build_version":"2019-01-23","purchased_purges":0,"victory":false,"max_hp_per_floor":[75,75,75,75,75,75,75,75,75,75,75,75,75,75,75,75,75],"card_choices":[{"not_picked":["Entrench","Perfected Strike"],"picked":"Sword Boomerang","floor":1},{"not_picked":["Sword Boomerang","Hemokinesis"],"picked":"Twin Strike","floor":4},{"not_picked":["Bloodletting","Dark Embrace"],"picked":"Headbutt","floor":7},{"not_picked":["Headbutt","Ghostly Armor","Sentinel"],"picked":"SKIP","floor":10},{"not_picked":["Twin Strike","Feel No Pain"],"picked":"Flame Barrier","floor":11},{"not_picked":["Heavy Blade","Burning Pact","Cleave"],"picked":"SKIP","floor":13},{"not_picked":["Pommel Strike","Blood for Blood"],"picked":"Heavy Blade","floor":14},{"not_picked":["Brutality","Barricade"],"picked":"Reaper","floor":16}],"player_experience":1483544,"relics_obtained":[{"floor":9,"key":"PreservedInsect"},{"floor":10,"key":"Smiling Mask"}],"event_choices":[{"damage_healed":0,"gold_gain":150,"player_choice":"AGREE","damage_taken":0,"max_hp_gain":0,"max_hp_loss":0,"event_name":"Liars Game","floor":3,"gold_loss":0,"cards_obtained":["Doubt"]},{"damage_healed":0,"gold_gain":0,"player_choice":"Cursed","damage_taken":0,"max_hp_gain":0,"max_hp_loss":0,"event_name":"Wheel of Change","floor":5,"gold_loss":0,"cards_obtained":["Decay"]}],"is_beta":false,"boss_relics":[{"not_picked":["Black Blood","Orrery"],"picked":"Eternal Feather"}],"items_purged_floors":[],"is_endless":false,"potions_floor_spawned":[1,10,14,16],"ascension_level":15}