{"gold_per_floor":[117,117,128,128,138,171,171,191,191,202,202,34,51,64,64,142,142,154,154,154,2,22,50,50,82,82,82,96,109,128,158,158,235,235,249,96,96,115,135,135,163,163,215,233,6,6,36,36,36,36],"floor_reached":51,"playtime":4363,"items_purged":["Strike_R","Strike_R"],"score":1505,"play_id":"cc2431e0-780f-473e-8b9c-593a5cc6d8e1","local_time":"20190625111712","is_ascension_mode":true,"campfire_choices":[{"floor":7.0,"key":"REST"},{"data":"Cleave","floor":11.0,"key":"SMITH"},{"data":"Inflame","floor":15.0,"key":"SMITH"},{"data":"Demon Form","floor":24.0,"key":"SMITH"},{"data":"Offering","floor":27.0,"key":"SMITH"},{"data":"Heavy Blade","floor":32.0,"key":"SMITH"},{"data":"1","floor":40.0,"key":"LIFT"},{"data":"2","floor":42.0,"key":"LIFT"},{"data":"3","floor":46.0,"key":"LIFT"},{"data":"Offering","floor":49.0,"key":"SMITH"}],"neow_cost":"TEN_PERCENT_HP_LOSS","seed_source_timestamp":0,"circlet_count":0,"master_deck":["AscendersBane","Strike_R","Strike_R+1","Strike_R","Defend_R","Defend_R","Defend_R","Defend_R","Bash+1","Cleave+1","Ghostly Armor","Pommel Strike","Iron Wave","Shrug It Off","Reaper","Inflame+1","Disarm","Demon Form+1","Battle Trance","Offering+1","Twin Strike+1","Offering+1","Armaments+1","Heavy Blade+1","Feed","Headbutt","Apotheosis","Twin Strike+1","Heavy Blade+1"],"special_seed":0,"relics":["Burning Blood","Thread and Needle","Incense Burner","Ginger","Champion Belt","Velvet Choker","Strawberry","Girya","Bottled Flame","Dream Catcher","Philosopher\u0027s Stone","Turnip","Centennial Puzzle","DollysMirror","Bag of Preparation"],"potions_floor_usage":[50],"damage_taken":[{"damage":0.0,"enemies":"2 Louse","floor":1.0,"turns":2.0},{"damage":3.0,"enemies":"Jaw Worm","floor":3.0,"turns":3.0},{"damage":0.0,"enemies":"Small Slimes","floor":5.0,"turns":3.0},{"damage":24.0,"enemies":"Gremlin Nob","floor":6.0,"turns":5.0},{"damage":0.0,"enemies":"Gremlin Gang","floor":8.0,"turns":9.0},{"damage":1.0,"enemies":"Large Slime","floor":10.0,"turns":8.0},{"damage":0.0,"enemies":"Blue Slaver","floor":13.0,"turns":4.0},{"damage":0.0,"enemies":"3 Louse","floor":14.0,"turns":2.0},{"damage":31.0,"enemies":"Hexaghost","floor":16.0,"turns":11.0},{"damage":2.0,"enemies":"3 Byrds","floor":18.0,"turns":11.0},{"damage":20.0,"enemies":"2 Thieves","floor":22.0,"turns":4.0},{"damage":41.0,"enemies":"Slavers","floor":23.0,"turns":5.0},{"damage":30.0,"enemies":"Book of Stabbing","floor":25.0,"turns":6.0},{"damage":13.0,"enemies":"Snecko","floor":28.0,"turns":5.0},{"damage":26.0,"enemies":"Snake Plant","floor":29.0,"turns":5.0},{"damage":32.0,"enemies":"Chosen and Byrds","floor":30.0,"turns":7.0},{"damage":12.0,"enemies":"Gremlin Leader","floor":31.0,"turns":5.0},{"damage":54.0,"enemies":"Collector","floor":33.0,"turns":7.0},{"damage":33.0,"enemies":"3 Shapes","floor":35.0,"turns":9.0},{"damage":12.0,"enemies":"3 Darklings","floor":38.0,"turns":7.0},{"damage":12.0,"enemies":"4 Shapes","floor":39.0,"turns":5.0},{"damage":51.0,"enemies":"Reptomancer","floor":41.0,"turns":7.0},{"damage":12.0,"enemies":"Transient","floor":44.0,"turns":6.0},{"damage":1.0,"enemies":"Nemesis","floor":47.0,"turns":3.0},{"damage":18,"enemies":"Donu and Deca","floor":50,"turns":7}],"seed_played":"1058140833987168412","potions_obtained":[{"floor":6.0,"key":"GamblersBrew"},{"floor":10.0,"key":"LiquidBronze"},{"floor":14.0,"key":"Swift Potion"},{"floor":18.0,"key":"SkillPotion"},{"floor":22.0,"key":"SkillPotion"},{"floor":28.0,"key":"Fire Potion"},{"floor":31.0,"key":"SkillPotion"},{"floor":35.0,"key":"Energy Potion"},{"floor":38.0,"key":"PowerPotion"},{"floor":44.0,"key":"SteroidPotion"},{"floor":47.0,"key":"Dexterity Potion"}],"is_trial":false,"path_per_floor":["M","?","M","?","M","E","R","M","T","M","R","$","M","M","R","B",null,"M","?","?","$","M","E","R","E","T","R","M","M","M","E","R","B",null,"M","$","?","M","M","R","E","R","T","M","$","R","E","?","R","B",null],"character_chosen":"IRONCLAD","items_purchased":["Reaper","Offering","Headbutt","DollysMirror"],"campfire_rested":1,"item_purchase_floors":[12,21,36,45],"current_hp_per_floor":[68,48,51,25,31,13,33,39,39,44,44,44,54,68,68,50,64,68,68,68,68,59,53,53,57,57,57,69,68,42,75,75,47,68,64,64,59,76,74,74,33,33,33,49,49,49,54,54,54,46],"gold":36,"neow_bonus":"ONE_RARE_RELIC","is_prod":false,"is_daily":false,"chose_seed":false,"campfire_upgraded":6,"win_rate":0,"timestamp":1561486632,"path_taken":["M","?","M","?","M","E","R","M","T","M","R","$","M","M","R","BOSS","M","?","?","$","M","E","R","E","T","R","M","M","M","E","R","BOSS","M","$","?","M","M","R","E","R","T","M","$","R","E","?","R","BOSS"],"build_version":"2019-01-23","purchased_purges":2,"victory":true,"max_hp_per_floor":[68,68,68,68,68,68,68,68,68,68,68,68,68,68,68,68,68,68,68,68,68,68,75,75,75,75,75,75,75,75,75,75,75,75,78,78,78,78,82,82,86,86,86,86,86,86,86,82,82,86],"card_choices":[{"not_picked":["Flex","Perfected Strike"],"picked":"Cleave","floor":1.0},{"not_picked":["Havoc","Perfected Strike"],"picked":"Ghostly Armor","floor":3.0},{"not_picked":["Thunderclap","Twin Strike"],"picked":"Pommel Strike","floor":5.0},{"not_picked":["Bloodletting","Infernal Blade"],"picked":"Iron Wave","floor":6.0},{"not_picked":["Cleave","Evolve"],"picked":"Shrug It Off","floor":8.0},{"not_picked":["Wild Strike","Cleave","Havoc"],"picked":"SKIP","floor":10.0},{"not_picked":["Power Through","Havoc"],"picked":"Inflame","floor":13.0},{"not_picked":["Burning Pact","Clothesline"],"picked":"Disarm","floor":14.0},{"not_picked":["Juggernaut","Feed"],"picked":"Demon Form","floor":16.0},{"not_picked":["Flex","Thunderclap+1","Havoc+1"],"picked":"SKIP","floor":18.0},{"not_picked":["True Grit","Reckless Charge"],"picked":"Twin Strike+1","floor":22.0},{"not_picked":["Anger","Evolve","Power Through"],"picked":"SKIP","floor":23.0},{"not_picked":["Searing Blow","Pommel Strike"],"picked":"Offering","floor":25.0},{"not_picked":["Dual Wield+1","Warcry+1","Perfected Strike+1"],"picked":"SKIP","floor":28.0},{"not_picked":["Iron Wave","Pommel Strike"],"picked":"Armaments+1","floor":29.0},{"not_picked":["Twin Strike","Ghostly Armor","Burning Pact"],"picked":"SKIP","floor":30.0},{"not_picked":["Ghostly Armor","Cleave+1"],"picked":"Heavy Blade","floor":31.0},{"not_picked":["Double Tap","Limit Break"],"picked":"Feed","floor":33.0},{"not_picked":["Anger","Warcry","Rampage"],"picked":"SKIP","floor":35.0},{"not_picked":["Impatience","Good Instincts"],"picked":"Apotheosis","floor":37.0},{"not_picked":["Second Wind","Sentinel"],"picked":"Twin Strike+1","floor":38.0},{"not_picked":["Sever Soul","Havoc","Warcry+1"],"picked":"SKIP","floor":39.0},{"not_picked":["Fire Breathing","Dual Wield+1","Power Through"],"picked":"SKIP","floor":41.0},{"not_picked":["Dropkick","Cleave+1","Bloodletting"],"picked":"SKIP","floor":44.0},{"not_picked":["Sever Soul","Blood for Blood","Havoc"],"picked":"SKIP","floor":47.0}],"player_experience":542552,"relics_obtained":[{"floor":6.0,"key":"Ginger"},{"floor":9.0,"key":"Champion Belt"},{"floor":23.0,"key":"Strawberry"},{"floor":25.0,"key":"Girya"},{"floor":26.0,"key":"Bottled Flame"},{"floor":31.0,"key":"Dream Catcher"},{"floor":41.0,"key":"Turnip"},{"floor":43.0,"key":"Centennial Puzzle"},{"floor":47.0,"key":"Bag of Preparation"}],"event_choices":[{"damage_healed":0.0,"max_hp_gain":0.0,"max_hp_loss":0.0,"gold_gain":0.0,"event_name":"Shining Light","player_choice":"Entered Light","floor":2.0,"gold_loss":0.0,"damage_taken":20.0,"cards_upgraded":["Strike_R","Bash"]},{"damage_healed":0.0,"max_hp_gain":0.0,"max_hp_loss":0.0,"gold_gain":0.0,"event_name":"Scrap Ooze","player_choice":"Success","floor":4.0,"gold_loss":0.0,"damage_taken":26.0,"relics_obtained":["Incense Burner"]},{"damage_healed":0.0,"max_hp_gain":0.0,"max_hp_loss":0.0,"gold_gain":0.0,"event_name":"Vampires","player_choice":"Ignored","floor":19.0,"gold_loss":0.0,"damage_taken":0.0},{"damage_healed":0.0,"max_hp_gain":0.0,"max_hp_loss":0.0,"gold_gain":0.0,"event_name":"The Library","player_choice":"Read","floor":20.0,"gold_loss":0.0,"damage_taken":0.0,"cards_obtained":["Battle Trance"]},{"damage_healed":0.0,"max_hp_gain":0.0,"max_hp_loss":0.0,"gold_gain":0.0,"event_name":"SensoryStone","player_choice":"Memory 2","floor":37.0,"gold_loss":0.0,"damage_taken":5.0},{"damage_healed":0.0,"max_hp_gain":0.0,"max_hp_loss":4.0,"gold_gain":0.0,"event_name":"Winding Halls","player_choice":"Max HP","floor":48.0,"gold_loss":0.0,"damage_taken":0.0}],"is_beta":false,"boss_relics":[{"not_picked":["Runic Dome","Black Blood"],"picked":"Velvet Choker"},{"not_picked":["Pandora\u0027s Box","Fusion Hammer"],"picked":"Philosopher\u0027s Stone"}],"items_purged_floors":[21,36],"is_endless":false,"potions_floor_spawned":[6,10,13,14,18,22,28,31,35,38,44,47],"ascension_level":18}