{"gold_per_floor":[117,134,111,111,123,123,148,166,166,166,43,61,236,267,267,370,370,380,399,419,419,15,15],"floor_reached":23,"playtime":870,"items_purged":[],"score":281,"play_id":"217b4cf3-8f7f-4a78-9b1a-c5ccbc81c38d","local_time":"20190530042347","is_ascension_mode":true,"campfire_choices":[{"data":"Perfected Strike","floor":6,"key":"SMITH"},{"data":"Havoc","floor":10,"key":"SMITH"},{"data":"Impervious","floor":15,"key":"SMITH"}],"neow_cost":"NONE","seed_source_timestamp":143575951457737,"circlet_count":0,"master_deck":["Strike_R","Strike_R","Strike_R","Strike_R","Strike_R","Defend_R","Defend_R","Defend_R","Defend_R","Bash","Perfected Strike+1","Shrug It Off","Flex","Inflame","Havoc+1","Corruption","Pommel Strike","Perfected Strike","Doubt","Impervious+1","Dark Embrace","Burning Pact","Dual Wield","Ghostly Armor","Madness"],"relics":["Burning Blood","NeowsBlessing","Mummified Hand","Paper Frog","Pantograph","Cursed Key","Enchiridion","Calipers"],"potions_floor_usage":[7,14,18,23],"damage_taken":[{"damage":0,"enemies":"Jaw Worm","floor":1,"turns":1},{"damage":0,"enemies":"Cultist","floor":2,"turns":1},{"damage":0,"enemies":"Small Slimes","floor":5,"turns":1},{"damage":8,"enemies":"Gremlin Nob","floor":7,"turns":3},{"damage":4,"enemies":"3 Louse","floor":8,"turns":4},{"damage":12,"enemies":"Exordium Wildlife","floor":12,"turns":3},{"damage":20,"enemies":"Lagavulin","floor":14,"turns":3},{"damage":80,"enemies":"Hexaghost","floor":16,"turns":10},{"damage":7,"enemies":"Chosen","floor":18,"turns":4},{"damage":3,"enemies":"Spheric Guardian","floor":19,"turns":3},{"damage":18,"enemies":"Centurion and Healer","floor":20,"turns":6},{"damage":42,"enemies":"Book of Stabbing","floor":23,"turns":5}],"seed_played":"-6714712851072766564","potions_obtained":[{"floor":2,"key":"Ancient Potion"},{"floor":4,"key":"FairyPotion"},{"floor":4,"key":"Fire Potion"},{"floor":4,"key":"Fire Potion"},{"floor":8,"key":"Ancient Potion"},{"floor":16,"key":"SteroidPotion"},{"floor":19,"key":"Poison Potion"},{"floor":20,"key":"SneckoOil"}],"is_trial":false,"path_per_floor":["M","M","$","?","M","R","E","M","T","R","$","M","?","E","R","B",null,"M","M","M","?","$","E"],"character_chosen":"IRONCLAD","items_purchased":["Flex","Corruption","Pommel Strike","Calipers","Madness"],"campfire_rested":0,"item_purchase_floors":[3,11,11,22,22],"current_hp_per_floor":[78,80,80,80,80,80,78,80,80,80,80,74,74,60,60,14,64,63,66,54,38,38,0],"gold":15,"neow_bonus":"THREE_ENEMY_KILL","is_prod":false,"is_daily":false,"chose_seed":false,"campfire_upgraded":3,"win_rate":0,"timestamp":1559204627,"path_taken":["M","M","$","?","M","R","E","?","T","R","?","M","?","E","R","BOSS","M","M","M","?","$","E"],"build_version":"2019-01-23","purchased_purges":0,"victory":false,"max_hp_per_floor":[80,80,80,80,80,80,80,80,80,80,80,80,80,80,80,80,80,80,80,80,80,80,80],"card_choices":[{"not_picked":["Havoc","Sword Boomerang"],"picked":"Perfected Strike","floor":1},{"not_picked":["Clash","True Grit"],"picked":"Shrug It Off","floor":2},{"not_picked":["Clothesline","Body Slam"],"picked":"Inflame","floor":5},{"not_picked":["Clash","Rampage","Thunderclap"],"picked":"SKIP","floor":7},{"not_picked":["Hemokinesis","Feel No Pain"],"picked":"Havoc","floor":8},{"not_picked":["Rupture","Sword Boomerang"],"picked":"Perfected Strike","floor":12},{"not_picked":["Dark Embrace","Carnage"],"picked":"Impervious","floor":14},{"not_picked":["Berserk","Juggernaut"],"picked":"Dark Embrace","floor":16},{"not_picked":["Carnage","Headbutt"],"picked":"Burning Pact","floor":18},{"not_picked":["Cleave","Armaments"],"picked":"Dual Wield","floor":19},{"not_picked":["Warcry","True Grit"],"picked":"Ghostly Armor","floor":20}],"player_experience":297744,"relics_obtained":[{"floor":7,"key":"Mummified Hand"},{"floor":9,"key":"Paper Frog"},{"floor":14,"key":"Pantograph"},{"floor":21,"key":"Enchiridion"}],"event_choices":[{"damage_healed":0,"gold_gain":0,"player_choice":"Got Potions","damage_taken":0,"max_hp_gain":0,"max_hp_loss":0,"event_name":"Lab","floor":4,"gold_loss":0},{"damage_healed":0,"gold_gain":175,"player_choice":"AGREE","damage_taken":0,"max_hp_gain":0,"max_hp_loss":0,"event_name":"Liars Game","floor":13,"gold_loss":0,"cards_obtained":["Doubt"]},{"damage_healed":0,"gold_gain":0,"player_choice":"Obtained Book","damage_taken":16,"max_hp_gain":0,"max_hp_loss":0,"event_name":"Cursed Tome","floor":21,"gold_loss":0}],"is_beta":false,"boss_relics":[{"not_picked":["Calling Bell","Coffee Dripper"],"picked":"Cursed Key"}],"items_purged_floors":[],"is_endless":false,"potions_floor_spawned":[2,8,16,19,20],"killed_by":"Book of Stabbing","ascension_level":8}