{"gold_per_floor":[115,134,148,148,165,165,178,178,202,220,250,266,266,292,292,367,367,383,34,34,34,51,51,51,81,81,111,111,111,139,139,139,215,215,232,232,91,109,122,154,154,188,215,215,226,226,259,277,277,277,277,277,277,28,56,56],"floor_reached":57,"playtime":3376,"items_purged":["Strike_G","Strike_G"],"score":2816,"play_id":"80596504-1721-4c75-aab0-d4123a10b7bf","local_time":"20190624221211","is_ascension_mode":true,"campfire_choices":[{"data":"Dagger Spray","floor":6.0,"key":"SMITH"},{"data":"Dagger Spray","floor":8.0,"key":"SMITH"},{"floor":13.0,"key":"REST"},{"data":"Catalyst","floor":15.0,"key":"SMITH"},{"floor":23.0,"key":"REST"},{"floor":28.0,"key":"REST"},{"floor":32.0,"key":"RECALL"},{"floor":41.0,"key":"REST"},{"floor":44.0,"key":"REST"},{"floor":46.0,"key":"REST"},{"floor":49.0,"key":"REST"},{"floor":53.0,"key":"REST"}],"neow_cost":"PERCENT_DAMAGE","seed_source_timestamp":742838213301294,"circlet_count":0,"master_deck":["AscendersBane","Defend_G","Defend_G","Defend_G","Defend_G","Defend_G+1","Survivor","Neutralize","Dagger Spray+1","Dagger Spray+1","Leg Sweep+1","Choke","Bouncing Flask","Catalyst+1","Die Die Die","Choke","Outmaneuver","Deadly Poison","Acrobatics+1","After Image","Catalyst+1","Corpse Explosion","Noxious Fumes","Footwork","Prepared+1","Leg Sweep","Crippling Poison+1","Deflect","Footwork"],"special_seed":0,"relics":["Ring of the Snake","Strawberry","Vajra","Centennial Puzzle","Fusion Hammer","Potion Belt","Enchiridion","Pen Nib","Pear","Nunchaku","Matryoshka","Runic Pyramid","War Paint","Bag of Marbles","Art of War","Bag of Preparation","Question Card","Anchor","Lantern"],"potions_floor_usage":[55,56,56],"damage_taken":[{"damage":0.0,"enemies":"2 Louse","floor":1.0,"turns":3.0},{"damage":2.0,"enemies":"Cultist","floor":2.0,"turns":5.0},{"damage":7.0,"enemies":"Jaw Worm","floor":3.0,"turns":7.0},{"damage":25.0,"enemies":"Large Slime","floor":5.0,"turns":11.0},{"damage":0.0,"enemies":"Looter","floor":7.0,"turns":3.0},{"damage":0.0,"enemies":"2 Fungi Beasts","floor":10.0,"turns":2.0},{"damage":14.0,"enemies":"3 Sentries","floor":11.0,"turns":8.0},{"damage":0.0,"enemies":"Exordium Wildlife","floor":12.0,"turns":2.0},{"damage":21.0,"enemies":"Lagavulin","floor":14.0,"turns":6.0},{"damage":9.0,"enemies":"Hexaghost","floor":16.0,"turns":7.0},{"damage":10.0,"enemies":"Spheric Guardian","floor":18.0,"turns":4.0},{"damage":1.0,"enemies":"3 Byrds","floor":22.0,"turns":3.0},{"damage":9.0,"enemies":"Gremlin Leader","floor":25.0,"turns":5.0},{"damage":14.0,"enemies":"Book of Stabbing","floor":27.0,"turns":3.0},{"damage":8.0,"enemies":"Gremlin Leader","floor":30.0,"turns":5.0},{"damage":31.0,"enemies":"Collector","floor":33.0,"turns":5.0},{"damage":4.0,"enemies":"Orb Walker","floor":35.0,"turns":4.0},{"damage":0.0,"enemies":"3 Darklings","floor":38.0,"turns":2.0},{"damage":5.0,"enemies":"Maw","floor":39.0,"turns":5.0},{"damage":4.0,"enemies":"Nemesis","floor":40.0,"turns":5.0},{"damage":7.0,"enemies":"Giant Head","floor":42.0,"turns":5.0},{"damage":6.0,"enemies":"Writhing Mass","floor":45.0,"turns":5.0},{"damage":15.0,"enemies":"Reptomancer","floor":47.0,"turns":5.0},{"damage":0.0,"enemies":"4 Shapes","floor":48.0,"turns":4.0},{"damage":30.0,"enemies":"Awakened One","floor":50.0,"turns":19.0},{"damage":25.0,"enemies":"Time Eater","floor":51.0,"turns":7.0},{"damage":20,"enemies":"Shield and Spear","floor":55,"turns":3},{"damage":56,"enemies":"The Heart","floor":56,"turns":8}],"seed_played":"7711934901412521826","potions_obtained":[{"floor":1.0,"key":"Regen Potion"},{"floor":5.0,"key":"FearPotion"},{"floor":10.0,"key":"Poison Potion"},{"floor":14.0,"key":"AttackPotion"},{"floor":16.0,"key":"EssenceOfSteel"},{"floor":18.0,"key":"PowerPotion"},{"floor":22.0,"key":"SpeedPotion"},{"floor":25.0,"key":"SkillPotion"},{"floor":30.0,"key":"Dexterity Potion"},{"floor":39.0,"key":"SpeedPotion"},{"floor":45.0,"key":"Regen Potion"},{"floor":48.0,"key":"Dexterity Potion"}],"is_trial":false,"path_per_floor":["M","M","M","?","M","R","M","R","T","M","E","M","R","E","R","B",null,"M","$","?","?","M","R","?","E","T","E","R","T","E","?","R","B",null,"M","?","$","M","M","E","R","E","T","R","M","R","E","M","R","B","B",null,"R","$","E","B",null],"character_chosen":"THE_SILENT","items_purchased":["Potion Belt","Explosive Potion","SteroidPotion","Noxious Fumes","Footwork","Anchor"],"campfire_rested":8,"item_purchase_floors":[19,19,19,37,54,54],"current_hp_per_floor":[56,54,62,62,37,37,37,37,44,44,30,30,55,34,34,25,70,60,60,60,39,38,63,63,54,64,50,78,78,70,70,70,39,81,77,77,77,77,72,68,95,88,88,95,89,95,80,80,95,65,40,81,95,95,75,19],"gold":56,"neow_bonus":"TWENTY_PERCENT_HP_BONUS","is_prod":false,"is_daily":false,"chose_seed":false,"campfire_upgraded":3,"win_rate":0,"timestamp":1561439531,"path_taken":["M","M","M","?","M","R","M","R","T","?","E","M","R","E","R","BOSS","M","$","?","?","M","R","?","E","T","E","R","?","E","?","R","BOSS","M","?","$","M","?","E","R","E","T","R","M","R","E","M","R","BOSS","BOSS","R","$","E","BOSS"],"build_version":"2019-06-21","purchased_purges":2,"victory":true,"max_hp_per_floor":[78,78,78,78,78,78,78,78,85,85,85,85,85,85,85,85,85,85,85,85,85,85,85,85,85,95,95,95,95,95,95,95,95,95,95,95,95,95,95,95,95,95,95,95,95,95,95,95,95,95,95,95,95,95,95,95],"card_choices":[{"not_picked":["Reflex","Deflect"],"picked":"Dagger Spray","floor":1.0},{"not_picked":["Heel Hook","Underhanded Strike"],"picked":"Dagger Spray","floor":2.0},{"not_picked":["Acrobatics","Tactician"],"picked":"Leg Sweep","floor":3.0},{"not_picked":["Sucker Punch","Concentrate"],"picked":"Choke","floor":5.0},{"not_picked":["Endless Agony","Flying Knee","Expertise"],"picked":"SKIP","floor":7.0},{"not_picked":["Slice","Quick Slash"],"picked":"Bouncing Flask","floor":10.0},{"not_picked":["Endless Agony","Slice","Finisher"],"picked":"SKIP","floor":11.0},{"not_picked":["Dagger Spray","Dodge and Roll","Endless Agony"],"picked":"SKIP","floor":12.0},{"not_picked":["Dodge and Roll","Expertise"],"picked":"Catalyst","floor":14.0},{"not_picked":["Tools of the Trade","Storm of Steel"],"picked":"Die Die Die","floor":16.0},{"not_picked":["All Out Attack","Bane","Concentrate"],"picked":"SKIP","floor":18.0},{"not_picked":["Poisoned Stab","Sucker Punch"],"picked":"Deadly Poison","floor":22.0},{"not_picked":["Deflect","Underhanded Strike+1"],"picked":"Acrobatics+1","floor":25.0},{"not_picked":["Flying Knee","Dodge and Roll","Accuracy"],"picked":"SKIP","floor":27.0},{"not_picked":["Dodge and Roll","Expertise"],"picked":"After Image","floor":30.0},{"not_picked":["Phantasmal Killer","Grand Finale"],"picked":"Corpse Explosion","floor":33.0},{"not_picked":["Quick Slash","All Out Attack","Blade Dance"],"picked":"SKIP","floor":35.0},{"not_picked":["Caltrops+1","Blur"],"picked":"Footwork","floor":38.0},{"not_picked":["Blade Dance+1","Bane+1","Slice+1"],"picked":"SKIP","floor":39.0},{"not_picked":["Outmaneuver","Dagger Throw"],"picked":"Prepared+1","floor":40.0},{"not_picked":["Dagger Spray","Unload"],"picked":"Leg Sweep","floor":42.0},{"not_picked":["Blade Dance","Flying Knee"],"picked":"Crippling Poison+1","floor":45.0},{"not_picked":["Predator","Poisoned Stab","Concentrate"],"picked":"SKIP","floor":47.0},{"not_picked":["Masterful Stab+1","Noxious Fumes","Poisoned Stab+1"],"picked":"Deflect","floor":48.0},{"not_picked":["Accuracy","Infinite Blades","Outmaneuver","Eviscerate"],"picked":"SKIP","floor":55}],"player_experience":1689821,"relics_obtained":[{"floor":9.0,"key":"Strawberry"},{"floor":11.0,"key":"Vajra"},{"floor":14.0,"key":"Centennial Puzzle"},{"floor":21.0,"key":"Enchiridion"},{"floor":25.0,"key":"Pen Nib"},{"floor":26.0,"key":"Pear"},{"floor":27.0,"key":"Nunchaku"},{"floor":30.0,"key":"Matryoshka"},{"floor":40.0,"key":"War Paint"},{"floor":42.0,"key":"Bag of Marbles"},{"floor":43.0,"key":"Art of War"},{"floor":43.0,"key":"Bag of Preparation"},{"floor":47.0,"key":"Question Card"},{"floor":55,"key":"Lantern"}],"event_choices":[{"cards_removed":["Strike_G"],"damage_healed":0.0,"max_hp_gain":0.0,"max_hp_loss":0.0,"gold_gain":0.0,"event_name":"Bonfire Elementals","player_choice":"Offered Basic","floor":4.0,"gold_loss":0.0,"damage_taken":0.0},{"damage_healed":0.0,"max_hp_gain":0.0,"max_hp_loss":0.0,"gold_gain":0.0,"cards_transformed":["Strike_G","Strike_G"],"event_name":"Drug Dealer","player_choice":"Became Test Subject","floor":20.0,"gold_loss":0.0,"damage_taken":0.0,"cards_obtained":["Choke","Outmaneuver"]},{"damage_healed":0.0,"max_hp_gain":0.0,"max_hp_loss":0.0,"gold_gain":0.0,"event_name":"Cursed Tome","player_choice":"Obtained Book","floor":21.0,"gold_loss":0.0,"damage_taken":21.0},{"damage_healed":0.0,"max_hp_gain":0.0,"max_hp_loss":0.0,"gold_gain":0.0,"event_name":"The Mausoleum","player_choice":"Ignored","floor":24.0,"gold_loss":0.0,"damage_taken":0.0},{"damage_healed":0.0,"max_hp_gain":0.0,"max_hp_loss":0.0,"gold_gain":0.0,"event_name":"The Library","player_choice":"Read","floor":31.0,"gold_loss":0.0,"damage_taken":0.0,"cards_obtained":["Catalyst"]},{"damage_healed":0.0,"max_hp_gain":0.0,"max_hp_loss":0.0,"gold_gain":0.0,"event_name":"Upgrade Shrine","player_choice":"Upgraded","floor":36.0,"gold_loss":0.0,"damage_taken":0.0,"cards_upgraded":["Catalyst"]}],"is_beta":true,"boss_relics":[{"not_picked":["HoveringKite","Busted Crown"],"picked":"Fusion Hammer"},{"not_picked":["Black Star","Sozu"],"picked":"Runic Pyramid"}],"items_purged_floors":[19,37],"is_endless":false,"potions_floor_spawned":[1,5,10,14,16,18,22,25,30,39,45,47,48],"ascension_level":20}