{"gold_per_floor":[119,119,135,146,146,179,191,209,256,256,267,284,302,322,322,421,421,432,8,83,97,22,57,57,88,88,38,53,53],"floor_reached":29,"playtime":2185,"items_purged":["Dualcast"],"score":294,"play_id":"228d5908-04f2-43ca-be8d-8c9c2fa16346","local_time":"20181217200816","is_ascension_mode":false,"campfire_choices":[{"floor":10.0,"key":"REST"},{"floor":15.0,"key":"REST"},{"floor":24.0,"key":"REST"}],"neow_cost":"NONE","seed_source_timestamp":0,"circlet_count":0,"master_deck":["Strike_B","Strike_B","Strike_B","Defend_B","Defend_B","Defend_B","Defend_B","Zap","Conserve Battery","Redo","Ball Lightning","Genetic Algorithm","Gash","Rip and Tear","Tempest","Scrape","Seek","Steam","Amplify","Beam Cell","Beam Cell","Go for the Eyes","Chill","Storm","Defragment","Gash","Gash","Finesse","Swift Strike","Conserve Battery","Jack Of All Trades","Ball Lightning+1","BootSequence","Gash+1"],"special_seed":0,"relics":["Cracked Core","NeowsBlessing","Smiling Mask","The Courier","Oddly Smooth Stone","Orrery","OrangePellets","Juzu Bracelet","Blood Vial","Molten Egg 2"],"potions_floor_usage":[],"damage_taken":[{"damage":0.0,"enemies":"Jaw Worm","floor":1.0,"turns":1.0},{"damage":0.0,"enemies":"Small Slimes","floor":3.0,"turns":1.0},{"damage":0.0,"enemies":"2 Louse","floor":4.0,"turns":1.0},{"damage":30.0,"enemies":"Lagavulin","floor":6.0,"turns":6.0},{"damage":23.0,"enemies":"Exordium Thugs","floor":7.0,"turns":4.0},{"damage":10.0,"enemies":"Large Slime","floor":8.0,"turns":3.0},{"damage":1.0,"enemies":"2 Fungi Beasts","floor":11.0,"turns":3.0},{"damage":1.0,"enemies":"Red Slaver","floor":12.0,"turns":3.0},{"damage":7.0,"enemies":"Exordium Thugs","floor":13.0,"turns":4.0},{"damage":0.0,"enemies":"Exordium Wildlife","floor":14.0,"turns":4.0},{"damage":19.0,"enemies":"The Guardian","floor":16.0,"turns":11.0},{"damage":0.0,"enemies":"Chosen","floor":18.0,"turns":3.0},{"damage":2.0,"enemies":"Spheric Guardian","floor":21.0,"turns":3.0},{"damage":43.0,"enemies":"Slavers","floor":23.0,"turns":6.0},{"damage":26.0,"enemies":"Gremlin Leader","floor":25.0,"turns":6.0},{"damage":17.0,"enemies":"3 Cultists","floor":28.0,"turns":6.0},{"damage":9,"enemies":"Snecko","floor":29,"turns":3}],"seed_played":"-70241688752077493","potions_obtained":[{"floor":1.0,"key":"SteroidPotion"},{"floor":7.0,"key":"Fire Potion"},{"floor":8.0,"key":"SkillPotion"},{"floor":12.0,"key":"GamblersBrew"},{"floor":16.0,"key":"LiquidBronze"},{"floor":18.0,"key":"Fire Potion"},{"floor":21.0,"key":"Energy Potion"},{"floor":23.0,"key":"LiquidBronze"},{"floor":28.0,"key":"Energy Potion"}],"is_trial":false,"path_per_floor":["M","?","M","M","?","E","M","M","T","R","M","M","M","M","R","B",null,"M","$","?","M","$","E","R","E","T","$","M","M"],"character_chosen":"DEFECT","items_purchased":["Gash","Gash","Finesse","Swift Strike","OrangePellets","Conserve Battery","Jack Of All Trades"],"campfire_rested":3,"item_purchase_floors":[19,19,19,19,19,19,22],"current_hp_per_floor":[75,68,68,68,68,38,15,5,5,27,26,25,18,18,40,21,75,75,75,68,66,66,23,45,19,19,19,4,0],"gold":53,"neow_bonus":"THREE_ENEMY_KILL","is_prod":false,"is_daily":false,"chose_seed":false,"campfire_upgraded":0,"win_rate":0.0,"timestamp":1545095296,"path_taken":["M","?","M","M","?","E","?","M","T","R","M","M","M","M","R","BOSS","M","$","?","M","$","E","R","E","T","?","M","M"],"build_version":"2018-12-13","purchased_purges":1,"victory":false,"max_hp_per_floor":[75,75,75,75,75,75,75,75,75,75,75,75,75,75,75,75,75,75,75,75,75,75,75,75,75,75,75,75,75],"card_choices":[{"not_picked":["Melter","Redo"],"picked":"Conserve Battery","floor":1.0},{"not_picked":["Coolheaded","Gash"],"picked":"Redo","floor":3.0},{"not_picked":["Cold Snap","Stack"],"picked":"Ball Lightning","floor":4.0},{"not_picked":["Rebound","Streamline"],"picked":"Gash","floor":6.0},{"not_picked":["Coolheaded","Stack"],"picked":"Rip and Tear","floor":7.0},{"not_picked":["Steam","Go for the Eyes"],"picked":"Tempest","floor":8.0},{"not_picked":["Blizzard","Sunder"],"picked":"Scrape","floor":11.0},{"not_picked":["Beam Cell","Stack"],"picked":"Seek","floor":12.0},{"not_picked":["Sweeping Beam","Streamline"],"picked":"Steam","floor":13.0},{"not_picked":["Redo","Stack","Rebound"],"picked":"SKIP","floor":14.0},{"not_picked":["Seek","Biased Cognition"],"picked":"Amplify","floor":16.0},{"not_picked":["Lockon","Compile Driver"],"picked":"Beam Cell","floor":17.0},{"not_picked":["Sweeping Beam","Doom and Gloom"],"picked":"Beam Cell","floor":17.0},{"not_picked":["Streamline","Redo"],"picked":"Go for the Eyes","floor":17.0},{"not_picked":["Darkness","Beam Cell"],"picked":"Chill","floor":17.0},{"not_picked":["Compile Driver","Sweeping Beam"],"picked":"Storm","floor":17.0},{"not_picked":["Chaos","Cold Snap+1"],"picked":"Defragment","floor":18.0},{"not_picked":["Consume","Rebound+1","Undo"],"picked":"SKIP","floor":21.0},{"not_picked":["Glacier","Compile Driver"],"picked":"Ball Lightning+1","floor":23.0},{"not_picked":["Seek","Go for the Eyes"],"picked":"BootSequence","floor":25.0},{"not_picked":["Barrage+1","Storm"],"picked":"Gash+1","floor":28.0}],"player_experience":93144,"relics_obtained":[{"floor":6.0,"key":"The Courier"},{"floor":9.0,"key":"Oddly Smooth Stone"},{"floor":23.0,"key":"Juzu Bracelet"},{"floor":25.0,"key":"Blood Vial"},{"floor":26.0,"key":"Molten Egg 2"}],"event_choices":[{"damage_healed":0.0,"max_hp_gain":0.0,"max_hp_loss":0.0,"gold_gain":0.0,"event_name":"Scrap Ooze","player_choice":"Success","floor":2.0,"gold_loss":0.0,"damage_taken":7.0,"relics_obtained":["Smiling Mask"]},{"damage_healed":0.0,"max_hp_gain":0.0,"max_hp_loss":0.0,"gold_gain":0.0,"cards_transformed":["Strike_B"],"event_name":"Living Wall","player_choice":"Change","floor":5.0,"gold_loss":0.0,"damage_taken":0.0,"cards_obtained":["Genetic Algorithm"]},{"damage_healed":0.0,"max_hp_gain":0.0,"max_hp_loss":0.0,"gold_gain":75.0,"event_name":"FaceTrader","player_choice":"Touch","floor":20.0,"gold_loss":0.0,"damage_taken":7.0}],"is_beta":false,"boss_relics":[{"not_picked":["Coffee Dripper","Calling Bell"],"picked":"Orrery"}],"items_purged_floors":[27],"is_endless":false,"potions_floor_spawned":[1,7,8,12,16,18,21,23,28],"killed_by":"Snecko","ascension_level":0}