{"gold_per_floor":[111,122,122,140,140,140,33,68,68,68,80,94,151,163,163,263,263,263,263,263,263,263,263,263,263,263,263,263,263,263,263,263,263,263,263,263,263,263,263,263],"floor_reached":40,"playtime":4483,"items_purged":[],"score":588,"play_id":"4fe2f405-a222-4d2b-a3fd-808e3e953ab2","local_time":"20190221173908","is_ascension_mode":true,"campfire_choices":[{"data":"Neutralize","floor":6,"key":"SMITH"},{"data":"Predator","floor":10,"key":"SMITH"},{"data":"Caltrops","floor":15,"key":"SMITH"},{"floor":27,"key":"REST"},{"data":"A Thousand Cuts","floor":29,"key":"SMITH"},{"data":"A Thousand Cuts","floor":32,"key":"SMITH"}],"neow_cost":"NONE","seed_source_timestamp":533501479168114,"circlet_count":0,"master_deck":["Defend_G","Defend_G","Defend_G","Defend_G","Strike_G","Strike_G","Strike_G","Strike_G","Strike_G","Survivor","Neutralize+1","Backflip","Leg Sweep","Backstab+1","Sucker Punch","Bandage Up","Predator+1","Caltrops+1","Endless Agony","Skewer","A Thousand Cuts+1","Cloak And Dagger","PiercingWail+1","Dash","A Thousand Cuts+1","Endless Agony+1","Calculated Gamble","Storm of Steel","Cloak And Dagger+1","Caltrops+1"],"relics":["Ring of the Snake","Bottled Lightning","Ornamental Fan","Tiny Chest","Ectoplasm","Bronze Scales","Question Card","Eternal Feather"],"potions_floor_usage":[8,18,23,33,35],"damage_taken":[{"damage":0,"enemies":"Jaw Worm","floor":1,"turns":5},{"damage":0,"enemies":"Small Slimes","floor":2,"turns":4},{"damage":1,"enemies":"Cultist","floor":4,"turns":3},{"damage":12,"enemies":"Gremlin Nob","floor":8,"turns":4},{"damage":5,"enemies":"Blue Slaver","floor":11,"turns":2},{"damage":5,"enemies":"Gremlin Gang","floor":12,"turns":6},{"damage":9,"enemies":"3 Sentries","floor":13,"turns":9},{"damage":3,"enemies":"Looter","floor":14,"turns":2},{"damage":26,"enemies":"The Guardian","floor":16,"turns":13},{"damage":1,"enemies":"Shell Parasite","floor":18,"turns":4},{"damage":0,"enemies":"Spheric Guardian","floor":20,"turns":3},{"damage":8,"enemies":"Centurion and Healer","floor":21,"turns":7},{"damage":14,"enemies":"Snake Plant","floor":22,"turns":5},{"damage":36,"enemies":"Book of Stabbing","floor":23,"turns":5},{"damage":37,"enemies":"Snecko","floor":25,"turns":7},{"damage":5,"enemies":"Centurion and Healer","floor":28,"turns":6},{"damage":1,"enemies":"3 Cultists","floor":30,"turns":5},{"damage":40,"enemies":"Collector","floor":33,"turns":9},{"damage":11,"enemies":"Orb Walker","floor":35,"turns":3},{"damage":7,"enemies":"3 Shapes","floor":38,"turns":4},{"damage":55,"enemies":"Nemesis","floor":40,"turns":7}],"seed_played":"-9187479538683576438","potions_obtained":[{"floor":1,"key":"Explosive Potion"},{"floor":2,"key":"Regen Potion"},{"floor":12,"key":"Ancient Potion"},{"floor":13,"key":"Poison Potion"},{"floor":14,"key":"Energy Potion"},{"floor":20,"key":"PowerPotion"},{"floor":22,"key":"SteroidPotion"},{"floor":23,"key":"Ancient Potion"},{"floor":28,"key":"Strength Potion"},{"floor":35,"key":"Fruit Juice"}],"is_trial":false,"path_per_floor":["M","M","?","M","?","R","$","E","T","R","M","M","E","M","R","B",null,"M","T","M","M","M","E","?","M","T","R","M","R","M","?","R","B",null,"M","?","?","M","?","E"],"character_chosen":"THE_SILENT","items_purchased":["Predator","Caltrops"],"campfire_rested":1,"item_purchase_floors":[7,7],"current_hp_per_floor":[63,63,63,62,62,62,62,50,50,50,49,48,43,44,44,22,58,61,61,65,61,51,34,34,1,1,22,21,21,24,47,47,11,55,53,53,53,50,50,0],"gold":263,"neow_bonus":"TRANSFORM_CARD","is_prod":false,"is_daily":false,"chose_seed":false,"campfire_upgraded":5,"win_rate":0,"timestamp":1550788748,"path_taken":["M","M","?","M","?","R","$","E","T","R","M","M","E","M","R","BOSS","M","?","M","M","M","E","?","?","T","R","M","R","M","?","R","BOSS","M","?","?","?","?","E"],"build_version":"2019-01-23","purchased_purges":0,"victory":false,"max_hp_per_floor":[70,70,70,70,70,70,70,70,70,70,70,70,70,70,70,70,70,70,70,70,70,70,70,70,70,70,70,70,70,70,70,70,70,70,75,75,75,75,75,75],"card_choices":[{"not_picked":["Calculated Gamble","Eviscerate"],"picked":"Leg Sweep","floor":1},{"not_picked":["Acrobatics","Bouncing Flask"],"picked":"Backstab","floor":2},{"not_picked":["Cloak And Dagger","Riddle With Holes"],"picked":"Sucker Punch","floor":4},{"not_picked":["Distraction","Dagger Spray","Riddle With Holes"],"picked":"SKIP","floor":8},{"not_picked":["Underhanded Strike","Flying Knee"],"picked":"Endless Agony","floor":11},{"not_picked":["Dodge and Roll","Setup","Bane"],"picked":"SKIP","floor":12},{"not_picked":["Underhanded Strike","Dagger Spray","Setup"],"picked":"SKIP","floor":13},{"not_picked":["Escape Plan","Blur"],"picked":"Skewer","floor":14},{"not_picked":["Malaise","Bullet Time"],"picked":"A Thousand Cuts","floor":16},{"not_picked":["Prepared","Masterful Stab","Quick Slash"],"picked":"SKIP","floor":18},{"not_picked":["Deflect","Caltrops"],"picked":"Cloak And Dagger","floor":20},{"not_picked":["Slice","Dagger Throw"],"picked":"PiercingWail+1","floor":21},{"not_picked":["Riddle With Holes","Flying Knee+1"],"picked":"Dash","floor":22},{"not_picked":["Flying Knee","Acrobatics+1"],"picked":"A Thousand Cuts","floor":23},{"not_picked":["Reflex","Backflip+1"],"picked":"Endless Agony+1","floor":25},{"not_picked":["Caltrops+1","Expertise","Leg Sweep","Sucker Punch+1"],"picked":"SKIP","floor":28},{"not_picked":["Bane","Prepared","Flying Knee+1"],"picked":"Calculated Gamble","floor":30},{"not_picked":["Grand Finale","Adrenaline","Glass Knife"],"picked":"Storm of Steel","floor":33},{"not_picked":["Dodge and Roll+1","Heel Hook+1","Deflect"],"picked":"Cloak And Dagger+1","floor":35},{"not_picked":["Quick Slash","Tactician","Backflip"],"picked":"Caltrops+1","floor":38}],"player_experience":1624250,"relics_obtained":[{"floor":8,"key":"Bottled Lightning"},{"floor":9,"key":"Ornamental Fan"},{"floor":13,"key":"Tiny Chest"},{"floor":23,"key":"Bronze Scales"},{"floor":26,"key":"Question Card"}],"event_choices":[{"damage_healed":0,"gold_gain":0,"player_choice":"Grow","damage_taken":0,"max_hp_gain":0,"max_hp_loss":0,"event_name":"Living Wall","floor":3,"gold_loss":0,"cards_upgraded":["Backstab"]},{"damage_healed":0,"gold_gain":0,"player_choice":"2 cards matched","damage_taken":0,"max_hp_gain":0,"max_hp_loss":0,"event_name":"Match and Keep!","floor":5,"gold_loss":0,"cards_obtained":["Neutralize","Bandage Up"]},{"damage_healed":0,"gold_gain":200,"player_choice":"Gold","damage_taken":0,"max_hp_gain":0,"max_hp_loss":0,"event_name":"Wheel of Change","floor":24,"gold_loss":0},{"damage_healed":23,"gold_gain":0,"player_choice":"Heal","damage_taken":0,"max_hp_gain":0,"max_hp_loss":0,"event_name":"The Library","floor":31,"gold_loss":0},{"cards_removed":["Neutralize"],"damage_healed":0,"gold_gain":0,"player_choice":"Removed Attack","damage_taken":0,"max_hp_gain":0,"max_hp_loss":0,"event_name":"Falling","floor":36,"gold_loss":0},{"damage_healed":0,"gold_gain":0,"player_choice":"Ignored","damage_taken":0,"max_hp_gain":0,"max_hp_loss":0,"event_name":"SecretPortal","floor":37,"gold_loss":0},{"damage_healed":0,"gold_gain":0,"player_choice":"Ignored","damage_taken":0,"max_hp_gain":0,"max_hp_loss":0,"event_name":"Tomb of Lord Red Mask","floor":39,"gold_loss":0}],"is_beta":false,"boss_relics":[{"not_picked":["Busted Crown","Lizard Tail"],"picked":"Ectoplasm"},{"not_picked":["Snecko Eye","Runic Dome"],"picked":"Eternal Feather"}],"items_purged_floors":[],"is_endless":false,"potions_floor_spawned":[1,2,12,13,14,20,22,23,28,35],"killed_by":"Nemesis","ascension_level":8}