{"gold_per_floor":[110,126,49,67,67,67,107,140,140,165,165,203,218,251,251,370,370,391,406,406,406,427,427,468,489,512,524,536,23,23,67,67,188,188,207,38,62,62,77,110,110,146,146,146,167,67,33,57,57,57],"floor_reached":50,"playtime":3918,"items_purged":["Writhe","Clumsy"],"score":633,"play_id":"83f3b421-1eaa-4ae7-a5fa-2a68a541bc43","local_time":"20181116044620","is_ascension_mode":false,"campfire_choices":[{"data":"Backstab","floor":6,"key":"SMITH"},{"floor":11,"key":"REST"},{"floor":15,"key":"REST"},{"data":"Dash","floor":23,"key":"SMITH"},{"floor":27,"key":"REST"},{"data":"Bouncing Flask","floor":30,"key":"SMITH"},{"data":"Outmaneuver","floor":32,"key":"SMITH"},{"floor":41,"key":"REST"},{"data":"Dramatic Entrance","floor":44,"key":"SMITH"},{"data":"Well Laid Plans","floor":49,"key":"SMITH"}],"neow_cost":"NONE","seed_source_timestamp":44475401795404,"circlet_count":0,"master_deck":["Defend_G","Defend_G","Defend_G","Defend_G","Defend_G","Survivor","Neutralize","Flying Knee","Backflip","Backstab+1","Outmaneuver+1","Deadly Poison","Bouncing Flask+1","Dash+1","Leg Sweep","Poisoned Stab","Crippling Poison+1","Die Die Die","Crippling Poison+1","Crippling Poison+1","Bite+1","Bite","Bite","Bite","Bite+1","Backstab+1","Deflect+1","Dodge and Roll+1","Well Laid Plans+1","Blur+1","Calculated Gamble+1","Venomology+1","Footwork+1","Dramatic Entrance+1","Bouncing Flask+1","Prepared+1","Predator","Prepared+1","Noxious Fumes+1","Distraction+1","Deflect+1","Injury","Poisoned Stab+1","Noxious Fumes","Dagger Throw+1"],"relics":["Ring of the Serpent","NeowsBlessing","Golden Idol","Gremlin Horn","Odd Mushroom","Anchor","Ornamental Fan","Toxic Egg 2","Cursed Key","MutagenicStrength","Bag of Marbles","MawBank","Blood Vial","Pen Nib","PreservedInsect","Strawberry","Whetstone","Dream Catcher","Question Card"],"potions_floor_usage":[12,12,14,14,35,39,40,42,48,48,50,50,50],"damage_taken":[{"damage":0,"enemies":"2 Louse","floor":1,"turns":1},{"damage":0,"enemies":"Small Slimes","floor":2,"turns":1},{"damage":0,"enemies":"Jaw Worm","floor":4,"turns":1},{"damage":42,"enemies":"Lagavulin","floor":7,"turns":11},{"damage":16,"enemies":"The Mushroom Lair","floor":8,"turns":4},{"damage":0,"enemies":"Lots of Slimes","floor":10,"turns":4},{"damage":22,"enemies":"3 Sentries","floor":12,"turns":5},{"damage":0,"enemies":"Looter","floor":13,"turns":3},{"damage":1,"enemies":"Lagavulin","floor":14,"turns":6},{"damage":8,"enemies":"Hexaghost","floor":16,"turns":9},{"damage":10,"enemies":"3 Byrds","floor":18,"turns":5},{"damage":2,"enemies":"Shell Parasite","floor":19,"turns":3},{"damage":0,"enemies":"Cultist and Chosen","floor":22,"turns":3},{"damage":26,"enemies":"Book of Stabbing","floor":24,"turns":5},{"damage":0,"enemies":"Chosen and Byrds","floor":25,"turns":3},{"damage":0,"enemies":"Slavers","floor":31,"turns":2},{"damage":28,"enemies":"Collector","floor":33,"turns":6},{"damage":0,"enemies":"3 Darklings","floor":35,"turns":3},{"damage":0,"enemies":"Orb Walker","floor":37,"turns":1},{"damage":7,"enemies":"Writhing Mass","floor":39,"turns":4},{"damage":26,"enemies":"Giant Head","floor":40,"turns":7},{"damage":5,"enemies":"Reptomancer","floor":42,"turns":3},{"damage":17,"enemies":"Maw","floor":45,"turns":6},{"damage":2,"enemies":"Transient","floor":48,"turns":5},{"damage":59,"enemies":"Time Eater","floor":50,"turns":9}],"seed_played":"8192285434116478007","potions_obtained":[{"floor":4,"key":"Strength Potion"},{"floor":7,"key":"LiquidBronze"},{"floor":10,"key":"Fire Potion"},{"floor":12,"key":"Energy Potion"},{"floor":16,"key":"FearPotion"},{"floor":19,"key":"SteroidPotion"},{"floor":24,"key":"Dexterity Potion"},{"floor":31,"key":"PowerPotion"},{"floor":33,"key":"Dexterity Potion"},{"floor":35,"key":"Block Potion"},{"floor":39,"key":"Fire Potion"},{"floor":48,"key":"Fire Potion"}],"is_trial":false,"path_per_floor":["M","M","$","M","?","R","E","?","T","M","R","E","M","E","R","B",null,"M","M","?","?","M","R","E","M","T","R","?","$","R","E","R","B",null,"M","$","M","?","M","E","R","E","T","R","M","$","$","M","R","B"],"character_chosen":"THE_SILENT","items_purchased":["Backstab","Well Laid Plans","Blur+1","Pen Nib","PreservedInsect","Dramatic Entrance","Bouncing Flask+1","Noxious Fumes"],"campfire_rested":4,"item_purchase_floors":[3,29,29,29,29,36,36,47],"current_hp_per_floor":[70,70,70,70,65,65,23,7,7,7,26,4,4,3,22,14,65,55,53,45,45,45,45,23,27,27,40,40,40,40,52,52,38,52,52,52,52,52,47,34,49,52,52,52,42,42,42,50,50,0],"gold":57,"neow_bonus":"THREE_ENEMY_KILL","is_prod":false,"is_daily":false,"chose_seed":false,"campfire_upgraded":6,"win_rate":0.0,"timestamp":1542361580,"path_taken":["M","M","$","M","?","R","E","?","T","M","R","E","M","E","R","BOSS","M","M","?","?","M","R","E","M","T","R","?","?","R","E","R","BOSS","M","?","?","?","M","E","R","E","T","R","M","?","$","M","R","BOSS"],"build_version":"2018-11-15","purchased_purges":2,"victory":false,"max_hp_per_floor":[70,70,70,70,65,65,65,65,65,65,65,65,65,65,65,65,65,65,65,45,45,45,45,45,45,45,45,45,45,45,52,52,52,52,52,52,52,52,52,52,52,52,52,52,52,52,52,52,52,52],"card_choices":[{"not_picked":["Backflip","Expertise"],"picked":"Flying Knee","floor":1},{"not_picked":["Outmaneuver","Sucker Punch"],"picked":"Backflip","floor":2},{"not_picked":["Finisher","Eviscerate"],"picked":"Outmaneuver","floor":4},{"not_picked":["Quick Slash","Malaise"],"picked":"Deadly Poison","floor":7},{"not_picked":["Infinite Blades","Blade Dance"],"picked":"Bouncing Flask","floor":8},{"not_picked":["Underhanded Strike","PiercingWail"],"picked":"Dash","floor":10},{"not_picked":["Eviscerate","Dagger Throw"],"picked":"Leg Sweep","floor":12},{"not_picked":["Underhanded Strike","Sucker Punch"],"picked":"Poisoned Stab","floor":13},{"not_picked":["Underhanded Strike","Phantasmal Killer"],"picked":"Crippling Poison","floor":14},{"not_picked":["A Thousand Cuts","Doppelganger+1"],"picked":"Die Die Die","floor":16},{"not_picked":["Leg Sweep+1","Deflect+1"],"picked":"Crippling Poison+1","floor":18},{"not_picked":["All Out Attack+1","Deflect+1"],"picked":"Crippling Poison+1","floor":19},{"not_picked":["Bouncing Flask+1","Masterful Stab"],"picked":"Backstab+1","floor":22},{"not_picked":["Terror+1","Endless Agony"],"picked":"Deflect+1","floor":24},{"not_picked":["Dagger Spray","Caltrops"],"picked":"Dodge and Roll+1","floor":25},{"not_picked":["Endless Agony","Caltrops"],"picked":"Calculated Gamble+1","floor":31},{"not_picked":["Glass Knife","Doppelganger+1"],"picked":"Venomology+1","floor":33},{"not_picked":["Blade Dance+1","Outmaneuver+1"],"picked":"Footwork+1","floor":35},{"not_picked":["Outmaneuver+1","Footwork+1"],"picked":"Prepared+1","floor":37},{"not_picked":["Calculated Gamble+1","Backflip+1"],"picked":"Noxious Fumes+1","floor":39},{"not_picked":["Dodge and Roll+1","Infinite Blades"],"picked":"Distraction+1","floor":40},{"not_picked":["Dagger Spray","Well Laid Plans"],"picked":"Deflect+1","floor":42},{"not_picked":["Blade Dance+1","Prepared+1","Slice"],"picked":"Poisoned Stab+1","floor":45},{"not_picked":["Finisher+1","Choke","Doppelganger+1"],"picked":"Dagger Throw+1","floor":48}],"player_experience":16145,"relics_obtained":[{"floor":7,"key":"Gremlin Horn"},{"floor":8,"key":"Odd Mushroom"},{"floor":9,"key":"Anchor"},{"floor":12,"key":"Ornamental Fan"},{"floor":14,"key":"Toxic Egg 2"},{"floor":24,"key":"Bag of Marbles"},{"floor":26,"key":"MawBank"},{"floor":31,"key":"Strawberry"},{"floor":40,"key":"Whetstone"},{"floor":42,"key":"Dream Catcher"},{"floor":43,"key":"Question Card"}],"event_choices":[{"damage_healed":0,"gold_gain":0,"player_choice":"Lose Max HP","damage_taken":0,"relics_obtained":["Golden Idol"],"max_hp_gain":0,"max_hp_loss":5,"event_name":"Golden Idol","floor":5,"gold_loss":0},{"damage_healed":0,"gold_gain":0,"player_choice":"Fought Mushrooms","damage_taken":0,"max_hp_gain":0,"max_hp_loss":0,"event_name":"Mushrooms","floor":8,"gold_loss":0},{"damage_healed":0,"gold_gain":0,"player_choice":"Became a vampire","damage_taken":0,"max_hp_gain":0,"max_hp_loss":20,"event_name":"Vampires","floor":20,"gold_loss":0,"cards_obtained":["Bite","Bite","Bite","Bite","Bite"]},{"damage_healed":0,"gold_gain":0,"player_choice":"Inject Mutagens","damage_taken":0,"relics_obtained":["MutagenicStrength"],"max_hp_gain":0,"max_hp_loss":0,"event_name":"Drug Dealer","floor":21,"gold_loss":0},{"damage_healed":0,"gold_gain":0,"player_choice":"Opened","damage_taken":0,"relics_obtained":["Blood Vial"],"max_hp_gain":0,"max_hp_loss":0,"event_name":"The Mausoleum","floor":28,"gold_loss":0,"cards_obtained":["Writhe"]},{"damage_healed":0,"gold_gain":0,"player_choice":"2 cards matched","damage_taken":0,"max_hp_gain":0,"max_hp_loss":0,"event_name":"Match and Keep!","floor":38,"gold_loss":0,"cards_obtained":["Predator","Prepared"]}],"is_beta":false,"boss_relics":[{"not_picked":["Ectoplasm","Coffee Dripper"],"picked":"Cursed Key"},{"not_picked":["White Beast Statue","Velvet Choker"],"picked":"Ring of the Serpent"}],"items_purged_floors":[29,46],"is_endless":false,"potions_floor_spawned":[4,7,10,12,16,19,24,31,33,35,39,48],"killed_by":"Time Eater","ascension_level":0}