{"gold_per_floor":[12,22,40,56,131,131,165,165,192,207,47,72,72,21,21,121,121,137,156,174,190,209,209,240,252,264,301,12,12,12,24,24,120,120,134,188,202,152,172,205,205,234,234,38,138,138,166,166,166,166],"floor_reached":51,"playtime":3792,"items_purged":["Strike_R+1","Strike_R+1"],"score":1111,"play_id":"87709507-a75b-4c1c-b3c1-6af092390ddd","local_time":"20190602172613","is_ascension_mode":true,"campfire_choices":[{"data":"Whirlwind","floor":6,"key":"SMITH"},{"data":"Flame Barrier","floor":8,"key":"SMITH"},{"data":"Offering","floor":13,"key":"SMITH"},{"floor":15,"key":"REST"},{"data":"Double Tap","floor":23,"key":"SMITH"},{"floor":25,"key":"REST"},{"data":"Spot Weakness","floor":29,"key":"SMITH"},{"data":"Corruption","floor":32,"key":"SMITH"},{"floor":41,"key":"REST"},{"floor":46,"key":"REST"},{"floor":49,"key":"REST"}],"neow_cost":"NO_GOLD","seed_source_timestamp":4849972803697,"circlet_count":0,"master_deck":["Strike_R+1","Strike_R+1","Strike_R+1","Defend_R+1","Defend_R+1","Defend_R+1","Defend_R+1","Bash","Deep Breath","Deep Breath","Whirlwind+1","Cleave","Flex","Flame Barrier+1","Shrug It Off","Heavy Blade","Shockwave","Bloodletting","Offering+1","Double Tap+1","Sword Boomerang+1","Thunderclap","Cleave+1","Whirlwind","Headbutt","Reaper","Corruption+1","Spot Weakness+1","Metallicize+1","Demon Form","Battle Trance+1","Havoc","Pommel Strike+1","Rupture","Flex+1","Spot Weakness","Flame Barrier+1","Headbutt+1","Rage"],"relics":["Burning Blood","Regal Pillow","Boot","Bag of Preparation","Sozu","MawBank","Smiling Mask","Pear","Vajra","Runic Cube","Nunchaku","Dream Catcher","Oddly Smooth Stone","Mango","Red Skull","Charon\u0027s Ashes","Bronze Scales","Pen Nib"],"potions_floor_usage":[7,7,16,24,39],"damage_taken":[{"damage":0,"enemies":"Small Slimes","floor":1,"turns":3},{"damage":1,"enemies":"2 Louse","floor":2,"turns":2},{"damage":19,"enemies":"Jaw Worm","floor":3,"turns":5},{"damage":0,"enemies":"3 Louse","floor":4,"turns":2},{"damage":20,"enemies":"Gremlin Nob","floor":7,"turns":4},{"damage":9,"enemies":"2 Fungi Beasts","floor":10,"turns":3},{"damage":28,"enemies":"3 Sentries","floor":12,"turns":6},{"damage":18,"enemies":"Slime Boss","floor":16,"turns":8},{"damage":12,"enemies":"2 Thieves","floor":18,"turns":3},{"damage":7,"enemies":"Spheric Guardian","floor":19,"turns":3},{"damage":13,"enemies":"Centurion and Healer","floor":20,"turns":7},{"damage":6,"enemies":"Snecko","floor":21,"turns":2},{"damage":14,"enemies":"Snake Plant","floor":22,"turns":4},{"damage":38,"enemies":"Book of Stabbing","floor":24,"turns":6},{"damage":9,"enemies":"Slavers","floor":27,"turns":1},{"damage":6,"enemies":"Cultist and Chosen","floor":31,"turns":4},{"damage":64,"enemies":"Collector","floor":33,"turns":9},{"damage":0,"enemies":"3 Shapes","floor":35,"turns":3},{"damage":62,"enemies":"2 Orb Walkers","floor":36,"turns":4},{"damage":21,"enemies":"3 Darklings","floor":37,"turns":3},{"damage":28,"enemies":"Writhing Mass","floor":39,"turns":4},{"damage":30,"enemies":"Reptomancer","floor":40,"turns":4},{"damage":24,"enemies":"Nemesis","floor":42,"turns":5},{"damage":3,"enemies":"Mind Bloom Boss Battle","floor":45,"turns":5},{"damage":61,"enemies":"Reptomancer","floor":47,"turns":6},{"damage":58,"enemies":"Donu and Deca","floor":50,"turns":7}],"seed_played":"4620147397638467091","potions_obtained":[{"floor":2,"key":"Block Potion"},{"floor":4,"key":"Strength Potion"},{"floor":10,"key":"Swift Potion"},{"floor":12,"key":"Regen Potion"}],"is_trial":false,"path_per_floor":["M","M","M","M","?","R","E","R","T","M","$","E","R","$","R","B",null,"M","M","M","M","M","R","E","R","T","E","$","R","?","M","R","B",null,"M","?","M","$","M","E","R","E","T","$","?","R","E","T","R","B",null],"character_chosen":"IRONCLAD","items_purchased":["Shockwave","Bloodletting","PowerPotion","Vajra","Corruption","Spot Weakness","Red Skull"],"campfire_rested":5,"item_purchase_floors":[11,11,14,28,28,28,44],"current_hp_per_floor":[78,80,67,73,62,62,48,48,48,45,45,23,23,23,62,50,73,67,66,59,59,51,51,19,58,58,65,65,65,65,75,75,17,72,90,60,45,45,35,11,53,35,49,49,52,98,52,52,98,46],"gold":166,"neow_bonus":"RANDOM_COLORLESS_2","is_prod":false,"is_daily":false,"chose_seed":false,"campfire_upgraded":6,"win_rate":0,"timestamp":1559510773,"path_taken":["M","M","M","M","?","R","E","R","T","M","$","E","R","$","R","BOSS","M","M","M","M","M","R","E","R","T","E","$","R","?","M","R","BOSS","M","?","M","$","M","E","R","E","T","$","?","R","E","?","R","BOSS"],"build_version":"2019-01-23","purchased_purges":2,"victory":true,"max_hp_per_floor":[80,80,80,80,80,80,80,80,80,80,80,80,80,80,80,80,80,80,80,80,80,80,80,80,80,80,90,90,90,90,90,90,90,90,90,90,90,90,90,90,90,90,104,104,104,104,104,104,104,104],"card_choices":[{"not_picked":["Cleave","Armaments"],"picked":"Whirlwind","floor":1},{"not_picked":["Clash","Body Slam"],"picked":"Cleave","floor":2},{"not_picked":["Perfected Strike","Rampage"],"picked":"Flex","floor":3},{"not_picked":["Uppercut","Body Slam"],"picked":"Flame Barrier","floor":4},{"not_picked":["Rupture","Perfected Strike"],"picked":"Shrug It Off","floor":7},{"not_picked":["Rampage","Cleave"],"picked":"Heavy Blade","floor":10},{"not_picked":["Clash","Shockwave"],"picked":"Offering","floor":12},{"not_picked":["Juggernaut","Dark Embrace"],"picked":"Double Tap","floor":16},{"not_picked":["Reckless Charge+1","Wild Strike"],"picked":"Sword Boomerang+1","floor":18},{"not_picked":["Sword Boomerang","Blood for Blood"],"picked":"Thunderclap","floor":19},{"not_picked":["Sever Soul","Wild Strike"],"picked":"Cleave+1","floor":20},{"not_picked":["Hemokinesis","Thunderclap"],"picked":"Whirlwind","floor":21},{"not_picked":["Havoc","Iron Wave"],"picked":"Headbutt","floor":22},{"not_picked":["Heavy Blade+1","Dropkick","Hemokinesis"],"picked":"SKIP","floor":24},{"not_picked":["Anger+1","Combust+1"],"picked":"Reaper","floor":27},{"not_picked":["Iron Wave","Perfected Strike+1"],"picked":"Metallicize+1","floor":31},{"not_picked":["Fiend Fire","Juggernaut"],"picked":"Demon Form","floor":33},{"not_picked":["Warcry","Flex+1"],"picked":"Battle Trance+1","floor":35},{"not_picked":["Cleave+1","True Grit+1"],"picked":"Havoc","floor":36},{"not_picked":["Body Slam+1","Combust+1"],"picked":"Pommel Strike+1","floor":37},{"not_picked":["Evolve","Pommel Strike"],"picked":"Rupture","floor":39},{"not_picked":["Reckless Charge","Havoc+1"],"picked":"Flex+1","floor":40},{"not_picked":["Pommel Strike+1","Heavy Blade"],"picked":"Spot Weakness","floor":41},{"not_picked":["Berserk","Feed","Sentinel+1"],"picked":"SKIP","floor":42},{"not_picked":["Wild Strike+1","Cleave"],"picked":"Flame Barrier+1","floor":45},{"not_picked":["Blood for Blood+1","Thunderclap"],"picked":"Headbutt+1","floor":47},{"not_picked":["Feed","Sever Soul"],"picked":"Rage","floor":49}],"player_experience":302650,"relics_obtained":[{"floor":7,"key":"Regal Pillow"},{"floor":9,"key":"Boot"},{"floor":12,"key":"Bag of Preparation"},{"floor":24,"key":"MawBank"},{"floor":26,"key":"Smiling Mask"},{"floor":27,"key":"Pear"},{"floor":36,"key":"Nunchaku"},{"floor":40,"key":"Dream Catcher"},{"floor":42,"key":"Oddly Smooth Stone"},{"floor":43,"key":"Mango"},{"floor":45,"key":"Charon\u0027s Ashes"},{"floor":47,"key":"Bronze Scales"},{"floor":48,"key":"Pen Nib"}],"event_choices":[{"damage_healed":0,"gold_gain":75,"player_choice":"Gather Gold","damage_taken":11,"max_hp_gain":0,"max_hp_loss":0,"event_name":"World of Goop","floor":5,"gold_loss":0},{"damage_healed":0,"gold_gain":0,"player_choice":"Simplicity","damage_taken":0,"max_hp_gain":0,"max_hp_loss":0,"event_name":"Back to Basics","floor":30,"gold_loss":0,"cards_upgraded":["Strike_R","Strike_R","Strike_R","Strike_R","Strike_R","Defend_R","Defend_R","Defend_R","Defend_R"]},{"damage_healed":0,"gold_gain":0,"player_choice":"Fight","damage_taken":0,"max_hp_gain":0,"max_hp_loss":0,"event_name":"Mysterious Sphere","floor":36,"gold_loss":0},{"damage_healed":0,"gold_gain":0,"player_choice":"Fight","damage_taken":0,"max_hp_gain":0,"max_hp_loss":0,"event_name":"MindBloom","floor":45,"gold_loss":0}],"is_beta":false,"boss_relics":[{"not_picked":["Busted Crown","Eternal Feather"],"picked":"Sozu"},{"not_picked":["Philosopher\u0027s Stone","Empty Cage"],"picked":"Runic Cube"}],"items_purged_floors":[38,44],"is_endless":false,"potions_floor_spawned":[2,4,10,12,18,19,21,27,36,39,42],"ascension_level":8}