{"path_per_floor":["M","M","?","M","$","E","R","E","T","?","$","E","M","?","R","B",null,"M","$","M","M","M","R","M","R","T","M","E","R","?","M","R","B",null,"M","M","?","$","?","R","?","R","T","M","R","M","$","?","R"],"character_chosen":"THE_SILENT","items_purchased":["Underhanded Strike","Caltrops","Bottled Flame","Choke","Meat on the Bone","Prepared"],"gold_per_floor":[116,136,136,155,56,87,87,116,116,137,37,62,81,81,81,204,204,229,27,45,70,94,94,118,118,118,133,177,177,177,201,201,320,320,340,360,360,65,65,65,398,398,421,436,436,452,24,24,24],"floor_reached":50,"campfire_rested":5,"playtime":5637,"current_hp_per_floor":[70,65,65,65,65,27,48,34,34,33,33,33,33,33,33,13,70,68,68,58,52,35,56,36,36,36,35,21,42,26,26,47,7,70,70,54,45,45,45,57,57,69,69,32,44,27,27,27,62],"items_purged":["Defend_G","Strike_G","Defend_G","Defend_G"],"gold":24,"score":555,"play_id":"2b974c45-bbf0-4a33-8146-be2548c5b48f","local_time":"20180318013453","is_prod":false,"is_daily":false,"is_ascension_mode":false,"campfire_upgraded":2,"timestamp":1521351293,"path_taken":["M","M","?","M","$","E","R","E","T","?","?","E","M","?","R","BOSS","M","$","M","M","M","R","M","R","T","M","E","R","?","M","R","BOSS","M","M","?","$","?","R","?","R","T","M","R","M","$","?","R","BOSS"],"build_version":"2018-03-15v3","purchased_purges":5,"victory":false,"master_deck":["Defend_G","Defend_G","Strike_G","Strike_G","Survivor","Neutralize","Underhanded Strike","Dagger Throw+1","Endless Agony","Underhanded Strike","Well Laid Plans","Calculated Gamble+1","Poisoned Stab+1","Bane","Prepared","Injury","Glass Knife","Underhanded Strike","Caltrops","Eviscerate+1","Backstab","Glass Knife","Escape Plan","Infinite Blades","Backstab","Dodge and Roll","Tactician+1","Infinite Blades","Madness","Madness","Choke","Caltrops","Endless Agony","Leg Sweep+1","Prepared"],"max_hp_per_floor":[70,70,70,70,70,70,70,70,70,70,70,70,70,70,70,70,70,70,70,70,70,70,70,70,70,70,70,70,70,70,70,70,70,70,70,70,70,70,70,70,70,70,70,70,70,70,70,70,70],"relics":["Ring of the Snake","Juzu Bracelet","Bag of Marbles","Girya","Odd Mushroom","Whetstone","White Beast Statue","Unceasing Top","Kunai","Enchiridion","Eternal Feather","Bottled Flame","Snake Skull","Meat on the Bone"],"card_choices":[{"not_picked":["Backflip","Adrenaline"],"picked":"Underhanded Strike"},{"not_picked":["PiercingWail","Backflip"],"picked":"Dagger Throw"},{"not_picked":["Escape Plan","Dagger Spray"],"picked":"Endless Agony"},{"not_picked":["Dagger Spray","Endless Agony"],"picked":"Well Laid Plans"},{"not_picked":["Reflex","Finisher"],"picked":"Calculated Gamble"},{"not_picked":["Bane","Dash"],"picked":"Poisoned Stab"},{"not_picked":["Burst","Deflect"],"picked":"Bane"},{"not_picked":["Finisher","Deflect"],"picked":"Prepared"},{"not_picked":["Adrenaline","Bullet Time"],"picked":"Glass Knife"},{"not_picked":["Flying Knee","Backflip"],"picked":"Underhanded Strike"},{"not_picked":["Predator","Infinite Blades"],"picked":"Eviscerate"},{"not_picked":["Dagger Throw","Bane"],"picked":"Backstab"},{"not_picked":["PiercingWail","Masterful Stab"],"picked":"Glass Knife"},{"not_picked":["Poisoned Stab","Flying Knee"],"picked":"Escape Plan"},{"not_picked":["Bane","Leg Sweep"],"picked":"Infinite Blades"},{"not_picked":["Venomology","PiercingWail"],"picked":"Backstab"},{"not_picked":["Quick Slash","Footwork"],"picked":"Dodge and Roll"},{"not_picked":["Envenom","Night Terror"],"picked":"Tactician"},{"not_picked":["Masterful Stab","Blade Dance"],"picked":"Infinite Blades"},{"not_picked":["Dodge and Roll","Prepared"],"picked":"Endless Agony"},{"not_picked":["Deflect","Sucker Punch"],"picked":"Leg Sweep"}],"player_experience":228177,"potions_floor_usage":[12,21,22,24,27,28,31,33,33,33,46,50,50,50],"damage_taken":[{"damage":0,"enemies":"2 Louse","floor":1,"turns":5},{"damage":5,"enemies":"Jaw Worm","floor":2,"turns":5},{"damage":0,"enemies":"Small Slimes","floor":4,"turns":4},{"damage":38,"enemies":"Lagavulin","floor":6,"turns":8},{"damage":14,"enemies":"3 Sentries","floor":8,"turns":9},{"damage":1,"enemies":"The Mushroom Lair","floor":10,"turns":3},{"damage":0,"enemies":"Gremlin Nob","floor":12,"turns":3},{"damage":0,"enemies":"Red Slaver","floor":13,"turns":2},{"damage":20,"enemies":"Hexaghost","floor":16,"turns":9},{"damage":2,"enemies":"Chosen","floor":18,"turns":3},{"damage":10,"enemies":"3 Byrds","floor":20,"turns":4},{"damage":6,"enemies":"Snake Plant","floor":21,"turns":3},{"damage":17,"enemies":"Snecko","floor":22,"turns":6},{"damage":20,"enemies":"Sentry and Sphere","floor":24,"turns":4},{"damage":1,"enemies":"3 Cultists","floor":27,"turns":4},{"damage":14,"enemies":"Slavers","floor":28,"turns":3},{"damage":0,"enemies":"Centurion and Healer","floor":31,"turns":4},{"damage":40,"enemies":"Champ","floor":33,"turns":11},{"damage":0,"enemies":"Orb Walker","floor":35,"turns":1},{"damage":16,"enemies":"3 Shapes","floor":36,"turns":3},{"damage":37,"enemies":"Maw","floor":44,"turns":8},{"damage":17,"enemies":"Sphere and 2 Shapes","floor":46,"turns":5},{"damage":65,"enemies":"Donu and Deca","floor":50,"turns":5}],"event_choices":[{"event_name":"Living Wall","player_choice":"Forget","floor":3,"damage_taken":0},{"event_name":"Mushrooms","player_choice":"Fought Mushrooms","floor":10,"damage_taken":0},{"event_name":"Golden Idol","player_choice":"Take Wound","floor":14,"damage_taken":0},{"event_name":"Cursed Tome","player_choice":"Obtained Book","floor":30,"damage_taken":0},{"event_name":"Winding Halls","player_choice":"Embrace Madness","floor":37,"damage_taken":0},{"event_name":"Transmorgrifier","player_choice":"Transform","floor":39,"damage_taken":0},{"event_name":"The Moai Head","player_choice":"Gave Idol","floor":41,"damage_taken":0},{"event_name":"The Lab","player_choice":"Got Potions","floor":48,"damage_taken":0}],"boss_relics":[{"not_picked":["Ectoplasm","Runic Dome"],"picked":"White Beast Statue"},{"not_picked":["Philosopher\u0027s Stone","Black Star"],"picked":"Eternal Feather"}],"potions_floor_spawned":[6,13,16,18,20,21,22,24,27,28,31,33,35,36,44,46],"seed_played":"-70644335579492582","killed_by":"Donu and Deca","ascension_level":0,"is_trial":false}