{"gold_per_floor":[111,127,127,147,165,165,200,200,250,250],"floor_reached":10,"playtime":784,"items_purged":[],"score":116,"play_id":"a5dfdc6b-f2f5-42e2-96b4-f05983965e45","local_time":"20190408124539","is_ascension_mode":true,"campfire_choices":[{"data":"Neutralize","floor":6,"key":"SMITH"}],"neow_cost":"NONE","seed_source_timestamp":573542884235549,"circlet_count":0,"master_deck":["AscendersBane","Defend_G","Defend_G","Defend_G","Defend_G","Defend_G","Strike_G","Strike_G","Strike_G","Strike_G","Strike_G","Survivor","Neutralize+1","Poisoned Stab","Skewer","Deflect","Decay"],"relics":["Ring of the Snake","Art of War","Mercury Hourglass","Dream Catcher"],"potions_floor_usage":[10],"damage_taken":[{"damage":0,"enemies":"Small Slimes","floor":1,"turns":4},{"damage":14,"enemies":"Jaw Worm","floor":2,"turns":6},{"damage":1,"enemies":"Cultist","floor":4,"turns":3},{"damage":1,"enemies":"2 Fungi Beasts","floor":5,"turns":4},{"damage":32,"enemies":"Lagavulin","floor":7,"turns":8},{"damage":20,"enemies":"Gremlin Nob","floor":10,"turns":3}],"seed_played":"-2115408254475830843","potions_obtained":[{"floor":4,"key":"Ancient Potion"},{"floor":5,"key":"Energy Potion"},{"floor":7,"key":"EssenceOfSteel"}],"is_trial":false,"path_per_floor":["M","M","?","M","M","R","E","?","T","E"],"character_chosen":"THE_SILENT","items_purchased":[],"campfire_rested":0,"item_purchase_floors":[],"current_hp_per_floor":[59,45,45,44,43,43,11,11,11,0],"gold":250,"neow_bonus":"RANDOM_COMMON_RELIC","is_prod":false,"is_daily":false,"chose_seed":false,"campfire_upgraded":1,"win_rate":0,"timestamp":1554741939,"path_taken":["M","M","?","M","M","R","E","?","T","E"],"build_version":"2019-01-23","purchased_purges":0,"victory":false,"max_hp_per_floor":[66,66,66,66,66,66,66,66,66,66],"card_choices":[{"not_picked":["Deflect","Dagger Throw"],"picked":"Poisoned Stab","floor":1},{"not_picked":["Deflect","Unload"],"picked":"Skewer","floor":2},{"not_picked":["Sucker Punch","Reflex"],"picked":"Deflect","floor":4},{"not_picked":["Underhanded Strike","Infinite Blades","Skewer"],"picked":"SKIP","floor":5},{"not_picked":["Storm of Steel","Bane","Prepared"],"picked":"SKIP","floor":7}],"player_experience":2096935,"relics_obtained":[{"floor":7,"key":"Mercury Hourglass"},{"floor":9,"key":"Dream Catcher"}],"event_choices":[{"damage_healed":0,"gold_gain":0,"player_choice":"Ignored","damage_taken":0,"max_hp_gain":0,"max_hp_loss":0,"event_name":"Liars Game","floor":3,"gold_loss":0},{"damage_healed":0,"gold_gain":0,"player_choice":"Cursed","damage_taken":0,"max_hp_gain":0,"max_hp_loss":0,"event_name":"Wheel of Change","floor":8,"gold_loss":0,"cards_obtained":["Decay"]}],"is_beta":false,"boss_relics":[],"items_purged_floors":[],"is_endless":false,"potions_floor_spawned":[4,5,7],"killed_by":"Gremlin Nob","ascension_level":14}