{"gold_per_floor":[367,367,442,442,27,27,27,27,27,46,59,78,78,97,97,198,198,210,18,52,52,52,52,67,67,115,131,131,148,182,182],"floor_reached":31,"playtime":885,"items_purged":["Strike_B"],"score":243,"play_id":"e3b973f8-fecb-4df9-809d-d6d6aaf6c233","local_time":"20190501102401","is_ascension_mode":false,"campfire_choices":[{"data":"White Noise","floor":6.0,"key":"SMITH"},{"data":"Dualcast","floor":8.0,"key":"SMITH"},{"data":"Coolheaded","floor":13.0,"key":"SMITH"},{"data":"Reinforced Body","floor":15.0,"key":"SMITH"},{"data":"Zap","floor":23.0,"key":"SMITH"},{"data":"Trip","floor":25.0,"key":"SMITH"},{"data":"Hologram","floor":28,"key":"SMITH"}],"neow_cost":"PERCENT_DAMAGE","seed_source_timestamp":13098230766867,"circlet_count":0,"master_deck":["Strike_B","Strike_B","Strike_B","Defend_B","Defend_B","Defend_B","Defend_B","Zap+1","Dualcast+1","Coolheaded+1","White Noise+1","Cold Snap","Reinforced Body+1","Core Surge","Hyperbeam","Trip+1","Zap+1","Compile Driver","Hologram+1","Conserve Battery+1"],"special_seed":0,"relics":["Cracked Core","Bottled Lightning","Orichalcum","Sozu","Chemical X","Red Mask","Regal Pillow","Happy Flower"],"potions_floor_usage":[],"damage_taken":[{"damage":0.0,"enemies":"Cultist","floor":1.0,"turns":4.0},{"damage":0.0,"enemies":"2 Louse","floor":10.0,"turns":1.0},{"damage":0.0,"enemies":"Small Slimes","floor":11.0,"turns":1.0},{"damage":0.0,"enemies":"3 Louse","floor":12.0,"turns":2.0},{"damage":1.0,"enemies":"Red Slaver","floor":14.0,"turns":3.0},{"damage":52.0,"enemies":"Hexaghost","floor":16.0,"turns":13.0},{"damage":10.0,"enemies":"2 Thieves","floor":18.0,"turns":3.0},{"damage":7.0,"enemies":"Masked Bandits","floor":20.0,"turns":6.0},{"damage":3.0,"enemies":"Shell Parasite","floor":24.0,"turns":3.0},{"damage":0,"enemies":"Cultist and Chosen","floor":27,"turns":4},{"damage":14,"enemies":"Sentry and Sphere","floor":29,"turns":4},{"damage":23,"enemies":"Gremlin Leader","floor":30,"turns":6},{"damage":24,"enemies":"Snake Plant","floor":31,"turns":3}],"seed_played":"4817609316614974495","potions_obtained":[{"floor":10.0,"key":"AttackPotion"},{"floor":11.0,"key":"SpeedPotion"},{"floor":14.0,"key":"Poison Potion"}],"is_trial":false,"path_per_floor":["M","?","?","?","$","R","?","R","T","M","M","M","R","M","R","B",null,"M","$","?","?","$","R","M","R","T","M","R","M","E","M"],"character_chosen":"DEFECT","items_purchased":["White Noise","Bottled Lightning","Chemical X"],"campfire_rested":0,"item_purchase_floors":[5,5,19],"current_hp_per_floor":[54,54,43,68,68,68,75,75,75,75,75,75,75,74,74,22,75,65,65,58,58,58,58,55,55,55,55,55,41,18,0],"gold":182,"neow_bonus":"TWO_FIFTY_GOLD","is_prod":false,"is_daily":false,"chose_seed":false,"campfire_upgraded":7,"win_rate":0,"timestamp":1556727841,"path_taken":["M","?","?","?","$","R","?","R","T","M","M","M","R","?","R","BOSS","M","$","?","?","$","R","?","R","T","M","R","M","E","M"],"build_version":"2019-01-23","purchased_purges":1,"victory":false,"max_hp_per_floor":[75,75,75,75,75,75,75,75,75,75,75,75,75,75,75,75,75,75,75,75,75,75,75,75,75,75,75,75,75,75,75],"card_choices":[{"not_picked":["Go for the Eyes","Barrage"],"picked":"Coolheaded","floor":1.0},{"not_picked":["Rebound","Glacier"],"picked":"Cold Snap","floor":10.0},{"not_picked":["Streamline","Gash","Sweeping Beam"],"picked":"SKIP","floor":11.0},{"not_picked":["Beam Cell","Turbo"],"picked":"Reinforced Body","floor":12.0},{"not_picked":["Streamline","Rebound"],"picked":"Core Surge","floor":14.0},{"not_picked":["Multi-Cast","Core Surge"],"picked":"Hyperbeam","floor":16.0},{"not_picked":["Steam","Go for the Eyes","Sweeping Beam"],"picked":"SKIP","floor":18.0},{"not_picked":["Static Discharge","Gash+1"],"picked":"Compile Driver","floor":24.0},{"not_picked":["Capacitor","Steam Power"],"picked":"Hologram","floor":27},{"not_picked":["Rip and Tear+1","Beam Cell","Turbo"],"picked":"SKIP","floor":29},{"not_picked":["Streamline+1","Leap"],"picked":"Conserve Battery+1","floor":30}],"player_experience":1350897,"relics_obtained":[{"floor":9.0,"key":"Orichalcum"},{"floor":20.0,"key":"Red Mask"},{"floor":26.0,"key":"Regal Pillow"},{"floor":30,"key":"Happy Flower"}],"event_choices":[{"damage_healed":0.0,"max_hp_gain":0.0,"max_hp_loss":0.0,"gold_gain":0.0,"event_name":"Living Wall","player_choice":"Grow","floor":2.0,"gold_loss":0.0,"damage_taken":0.0,"cards_upgraded":["Zap"]},{"damage_healed":0.0,"max_hp_gain":0.0,"max_hp_loss":0.0,"gold_gain":75.0,"event_name":"World of Goop","player_choice":"Gather Gold","floor":3.0,"gold_loss":0.0,"damage_taken":11.0},{"damage_healed":25.0,"max_hp_gain":0.0,"max_hp_loss":0.0,"gold_gain":0.0,"event_name":"Big Fish","player_choice":"Banana","floor":4.0,"gold_loss":0.0,"damage_taken":0.0},{"damage_healed":7.0,"max_hp_gain":0.0,"max_hp_loss":0.0,"gold_gain":0.0,"event_name":"Wheel of Change","player_choice":"Full Heal","floor":7.0,"gold_loss":0.0,"damage_taken":0.0},{"damage_healed":0.0,"max_hp_gain":0.0,"max_hp_loss":0.0,"gold_gain":0.0,"event_name":"Masked Bandits","player_choice":"Fought Bandits","floor":20.0,"gold_loss":0.0,"damage_taken":0.0},{"damage_healed":0.0,"max_hp_gain":0.0,"max_hp_loss":0.0,"gold_gain":0.0,"event_name":"Match and Keep!","player_choice":"2 cards matched","floor":21.0,"gold_loss":0.0,"damage_taken":0.0,"cards_obtained":["Trip","Zap"]}],"is_beta":false,"boss_relics":[{"not_picked":["Fusion Hammer","Lizard Tail"],"picked":"Sozu"}],"items_purged_floors":[5],"is_endless":false,"potions_floor_spawned":[10,11,14,24,27,29,30],"killed_by":"Snake Plant","ascension_level":0}