{"gold_per_floor":[115,115,133,143,143,173,173,202,255,288,288,299,311,327,327,327],"floor_reached":16,"playtime":779,"items_purged":[],"score":189,"play_id":"dcc526ff-5a9b-4b79-a5db-4e478bb52f7b","local_time":"20190619012206","is_ascension_mode":true,"campfire_choices":[{"data":"Bouncing Flask","floor":7,"key":"SMITH"},{"floor":11,"key":"REST"},{"floor":15,"key":"REST"}],"neow_cost":"NONE","seed_source_timestamp":54841477038355,"circlet_count":0,"master_deck":["AscendersBane","Defend_G","Defend_G","Defend_G","Defend_G","Defend_G","Strike_G","Strike_G","Strike_G","Strike_G","Strike_G","Survivor","Neutralize+1","Deadly Poison","PiercingWail","Flying Knee","Bouncing Flask+1","Backstab","Footwork"],"relics":["Ring of the Snake","NeowsBlessing","Singing Bowl","Pen Nib","Snake Skull","Mummified Hand"],"potions_floor_usage":[6,6,10,13],"damage_taken":[{"damage":0,"enemies":"2 Louse","floor":1,"turns":1},{"damage":0,"enemies":"Cultist","floor":3,"turns":1},{"damage":0,"enemies":"Jaw Worm","floor":4,"turns":1},{"damage":27,"enemies":"3 Sentries","floor":6,"turns":10},{"damage":24,"enemies":"Lagavulin","floor":8,"turns":6},{"damage":21,"enemies":"3 Sentries","floor":10,"turns":8},{"damage":10,"enemies":"Red Slaver","floor":12,"turns":4},{"damage":0,"enemies":"2 Fungi Beasts","floor":13,"turns":2},{"damage":0,"enemies":"Exordium Wildlife","floor":14,"turns":2},{"damage":47,"enemies":"Slime Boss","floor":16,"turns":8}],"seed_played":"4505845682079593532","potions_obtained":[{"floor":2,"key":"Fire Potion"},{"floor":2,"key":"Regen Potion"},{"floor":6,"key":"EssenceOfSteel"},{"floor":10,"key":"Explosive Potion"},{"floor":13,"key":"LiquidBronze"}],"is_trial":false,"path_per_floor":["M","?","M","M","?","E","R","E","T","E","R","M","M","M","R","B"],"character_chosen":"THE_SILENT","items_purchased":[],"campfire_rested":2,"item_purchase_floors":[],"current_hp_per_floor":[63,63,63,63,63,51,51,27,27,6,27,19,21,23,45,0],"gold":327,"neow_bonus":"THREE_ENEMY_KILL","is_prod":false,"is_daily":false,"chose_seed":false,"campfire_upgraded":1,"win_rate":0,"timestamp":1560878526,"path_taken":["M","?","?","M","?","E","R","E","T","E","R","?","M","M","R","BOSS"],"build_version":"2019-01-23","purchased_purges":0,"victory":false,"max_hp_per_floor":[70,70,70,70,70,70,70,70,70,70,70,72,74,76,76,76],"card_choices":[{"not_picked":["Choke","Flying Knee"],"picked":"Deadly Poison","floor":1},{"not_picked":["Setup","Deflect"],"picked":"PiercingWail","floor":3},{"not_picked":["Dagger Throw","Acrobatics"],"picked":"Flying Knee","floor":4},{"not_picked":["Blade Dance","Outmaneuver"],"picked":"Bouncing Flask","floor":6},{"not_picked":["Crippling Poison","Dagger Spray"],"picked":"Backstab","floor":8},{"not_picked":["Distraction","Caltrops"],"picked":"Footwork","floor":10},{"not_picked":["After Image","Blade Dance","Infinite Blades"],"picked":"Singing Bowl","floor":12},{"not_picked":["Flechettes","Dagger Throw","Slice"],"picked":"Singing Bowl","floor":13},{"not_picked":["Cloak And Dagger","PiercingWail","Flying Knee"],"picked":"Singing Bowl","floor":14}],"player_experience":540148,"relics_obtained":[{"floor":6,"key":"Singing Bowl"},{"floor":8,"key":"Pen Nib"},{"floor":9,"key":"Snake Skull"},{"floor":10,"key":"Mummified Hand"}],"event_choices":[{"damage_healed":0,"gold_gain":0,"player_choice":"Got Potions","damage_taken":0,"max_hp_gain":0,"max_hp_loss":0,"event_name":"Lab","floor":2,"gold_loss":0},{"damage_healed":0,"gold_gain":0,"player_choice":"Upgraded","damage_taken":0,"max_hp_gain":0,"max_hp_loss":0,"event_name":"Upgrade Shrine","floor":5,"gold_loss":0,"cards_upgraded":["Neutralize"]}],"is_beta":false,"boss_relics":[],"items_purged_floors":[],"is_endless":false,"potions_floor_spawned":[6,10,13],"killed_by":"Slime Boss","ascension_level":11}