{"gold_per_floor":[118,118,132,142,154,154,8,28,80,111,111,30,61,80,80,184,184,202,202,202],"floor_reached":20,"playtime":2109,"items_purged":["Strike_G"],"score":294,"play_id":"1132bfbb-778c-4570-8def-1fccbefbdc0f","local_time":"20190315164605","is_ascension_mode":true,"campfire_choices":[{"data":"Neutralize","floor":6.0,"key":"SMITH"},{"data":"Glass Knife","floor":15,"key":"SMITH"}],"neow_cost":"CURSE","seed_source_timestamp":0,"circlet_count":0,"master_deck":["AscendersBane","Defend_G","Defend_G","Defend_G","Defend_G","Defend_G","Strike_G","Strike_G","Strike_G","Strike_G","Survivor","Neutralize+1","Crippling Poison","Poisoned Stab","Catalyst","Quick Slash","Glass Knife+1","Footwork","Terror","Cloak And Dagger","Envenom"],"special_seed":0,"relics":["Ring of the Snake","Nunchaku","Pear","Dream Catcher","Anchor","Snecko Eye"],"potions_floor_usage":[19],"damage_taken":[{"damage":5.0,"enemies":"2 Louse","floor":1.0,"turns":5.0},{"damage":0.0,"enemies":"Jaw Worm","floor":3.0,"turns":7.0},{"damage":0.0,"enemies":"Small Slimes","floor":4.0,"turns":4.0},{"damage":2.0,"enemies":"2 Fungi Beasts","floor":5.0,"turns":5.0},{"damage":2.0,"enemies":"Large Slime","floor":8.0,"turns":7.0},{"damage":16.0,"enemies":"3 Sentries","floor":10.0,"turns":12.0},{"damage":13.0,"enemies":"Lagavulin","floor":13.0,"turns":4.0},{"damage":1,"enemies":"Looter","floor":14,"turns":2},{"damage":19,"enemies":"Hexaghost","floor":16,"turns":11},{"damage":41,"enemies":"Spheric Guardian","floor":18,"turns":8},{"damage":11,"enemies":"Colosseum Slavers","floor":19,"turns":6},{"damage":11,"enemies":"Chosen","floor":20,"turns":4}],"seed_played":"-6939009964617745061","potions_obtained":[{"floor":1.0,"key":"Poison Potion"},{"floor":3.0,"key":"Energy Potion"},{"floor":13.0,"key":"Block Potion"}],"is_trial":false,"path_per_floor":["M","?","M","M","M","R","$","M","T","E","?","$","E","M","R","B",null,"M","?","M"],"character_chosen":"THE_SILENT","items_purchased":["Catalyst","Footwork"],"campfire_rested":0,"item_purchase_floors":[7,12],"current_hp_per_floor":[58,51,51,51,49,49,49,47,47,41,41,41,28,27,27,8,62,21,10,0],"gold":202,"neow_bonus":"ONE_RARE_RELIC","is_prod":false,"is_daily":false,"chose_seed":false,"campfire_upgraded":2,"win_rate":0,"timestamp":1552682765,"path_taken":["M","?","M","M","M","R","$","M","T","E","?","$","E","?","R","BOSS","M","?","M"],"build_version":"2019-01-23","purchased_purges":1,"victory":false,"max_hp_per_floor":[70,70,70,70,70,70,70,70,70,80,80,80,80,80,80,80,80,80,80,80],"card_choices":[{"not_picked":["Eviscerate","Outmaneuver"],"picked":"Crippling Poison","floor":1.0},{"not_picked":["Distraction","Escape Plan","Concentrate"],"picked":"SKIP","floor":3.0},{"not_picked":["Underhanded Strike","Tactician","Backflip"],"picked":"SKIP","floor":4.0},{"not_picked":["Catalyst","Flying Knee"],"picked":"Poisoned Stab","floor":5.0},{"not_picked":["Dagger Spray","Dodge and Roll"],"picked":"Quick Slash","floor":8.0},{"not_picked":["Flying Knee","Poisoned Stab"],"picked":"Glass Knife","floor":10.0},{"not_picked":["Dagger Throw","Dagger Spray"],"picked":"Terror","floor":13.0},{"not_picked":["Blade Dance","Sucker Punch"],"picked":"Cloak And Dagger","floor":14},{"not_picked":["After Image","Night Terror"],"picked":"Envenom","floor":16},{"not_picked":["Dagger Throw","Deflect","Dagger Spray+1"],"picked":"SKIP","floor":18}],"player_experience":1891057,"relics_obtained":[{"floor":10.0,"key":"Pear"},{"floor":13.0,"key":"Anchor"}],"event_choices":[{"cards_removed":["Pain"],"damage_healed":0.0,"max_hp_gain":0.0,"max_hp_loss":0.0,"gold_gain":0.0,"event_name":"Golden Wing","player_choice":"Card Removal","floor":2.0,"gold_loss":0.0,"damage_taken":7.0},{"damage_healed":0.0,"max_hp_gain":0.0,"max_hp_loss":0.0,"gold_gain":0.0,"event_name":"Dead Adventurer","player_choice":"Searched \u00272\u0027 times","floor":11.0,"gold_loss":0.0,"damage_taken":0.0,"relics_obtained":["Dream Catcher"]},{"damage_healed":0,"gold_gain":0,"player_choice":"Fight","damage_taken":0,"max_hp_gain":0,"max_hp_loss":0,"event_name":"Colosseum","floor":19,"gold_loss":0},{"damage_healed":0,"gold_gain":0,"player_choice":"Fled From Nobs","damage_taken":0,"max_hp_gain":0,"max_hp_loss":0,"event_name":"Colosseum","floor":19,"gold_loss":0}],"is_beta":false,"boss_relics":[{"not_picked":["White Beast Statue","Black Star"],"picked":"Snecko Eye"}],"items_purged_floors":[7],"is_endless":false,"potions_floor_spawned":[1,3,4,5,13],"killed_by":"Chosen","ascension_level":12}