{"gold_per_floor":[110,285,285,56,69,69,84,84,84,159,159,159,159,178,178,281,281,300,128,138,148,161,161,190,190,190,105,105,138,138,153,153,255,255,268,268,72,92,2,13,31,31,54,66,93,115,127,139,151,163],"floor_reached":51,"playtime":1545,"items_purged":["Doubt","Strike_B","Defend_B"],"score":725,"play_id":"27f2efc1-9db3-4126-a667-ee37171a39bd","local_time":"20190625093104","is_ascension_mode":false,"campfire_choices":[{"data":"Zap","floor":6,"key":"SMITH"},{"floor":11,"key":"REST"},{"data":"Static Discharge","floor":13,"key":"SMITH"},{"data":"Dualcast","floor":15,"key":"SMITH"},{"data":"Storm","floor":23,"key":"SMITH"},{"data":"Static Discharge","floor":25,"key":"SMITH"},{"data":"Fusion","floor":28,"key":"SMITH"},{"data":"Hello World","floor":30,"key":"SMITH"},{"floor":32,"key":"REST"},{"data":"Chaos","floor":42,"key":"SMITH"},{"data":"Static Discharge","floor":47,"key":"SMITH"},{"data":"Buffer","floor":49,"key":"SMITH"}],"neow_cost":"TEN_PERCENT_HP_LOSS","seed_source_timestamp":12006718990007,"circlet_count":0,"master_deck":["Strike_B+1","Defend_B","Defend_B","Defend_B+1","Zap+1","Dualcast+1","Rebound","Static Discharge+1","Coolheaded","Ball Lightning","Fusion+1","Go for the Eyes","Reboot","Static Discharge+1","Storm+1","Cold Snap","Coolheaded","Go for the Eyes+1","Hello World+1","Ball Lightning+1","Buffer+1","Buffer","Force Field","Coolheaded","Hello World","Leap+1","Conserve Battery+1","Steam+1","Compile Driver+1","Chaos+1","Echo Form","Coolheaded+1","Defragment+1","Static Discharge+1","Conserve Battery+1"],"relics":["Cracked Core","Emotion Chip","Dodecahedron","Bird Faced Urn","Nuclear Battery","Bag of Preparation","Orichalcum","Prayer Wheel","Centennial Puzzle","Black Star","MawBank","Bottled Lightning"],"potions_floor_usage":[20,24,29,29,33,50],"damage_taken":[{"damage":2,"enemies":"2 Louse","floor":1,"turns":3},{"damage":0,"enemies":"Cultist","floor":5,"turns":3},{"damage":11,"enemies":"Jaw Worm","floor":7,"turns":2},{"damage":1,"enemies":"2 Fungi Beasts","floor":14,"turns":4},{"damage":22,"enemies":"Hexaghost","floor":16,"turns":5},{"damage":6,"enemies":"Chosen","floor":18,"turns":3},{"damage":4,"enemies":"Shell Parasite","floor":20,"turns":3},{"damage":7,"enemies":"Sentry and Sphere","floor":21,"turns":3},{"damage":10,"enemies":"Cultist and Chosen","floor":22,"turns":5},{"damage":17,"enemies":"Slavers","floor":24,"turns":3},{"damage":20,"enemies":"Gremlin Leader","floor":29,"turns":4},{"damage":10,"enemies":"3 Cultists","floor":31,"turns":4},{"damage":15,"enemies":"Automaton","floor":33,"turns":8},{"damage":0,"enemies":"Orb Walker","floor":35,"turns":4},{"damage":25,"enemies":"3 Darklings","floor":38,"turns":3},{"damage":14,"enemies":"Sphere and 2 Shapes","floor":40,"turns":5},{"damage":1,"enemies":"4 Shapes","floor":41,"turns":4},{"damage":5,"enemies":"Writhing Mass","floor":45,"turns":6},{"damage":8,"enemies":"3 Darklings","floor":46,"turns":3},{"damage":32,"enemies":"Time Eater","floor":50,"turns":14}],"seed_played":"-4687182458683997689","potions_obtained":[{"floor":7,"key":"AttackPotion"},{"floor":16,"key":"Fire Potion"},{"floor":18,"key":"FocusPotion"},{"floor":22,"key":"Energy Potion"},{"floor":24,"key":"Swift Potion"},{"floor":29,"key":"Poison Potion"},{"floor":38,"key":"Block Potion"},{"floor":41,"key":"Block Potion"}],"is_trial":false,"path_per_floor":["M","?","?","$","M","R","M","?","T","?","R","?","R","M","R","B",null,"M","$","M","M","M","R","E","R","T","?","R","E","R","M","R","B",null,"M","?","$","M","?","M","M","R","T","$","M","M","R","T","R","B",null],"character_chosen":"DEFECT","items_purchased":["Static Discharge","Coolheaded","Ball Lightning","Storm","Hello World"],"campfire_rested":2,"item_purchase_floors":[4,4,4,19,37],"current_hp_per_floor":[66,66,66,66,66,66,55,41,41,30,50,38,38,39,39,19,68,64,64,66,63,59,59,48,48,48,48,48,34,34,32,52,47,68,68,68,68,47,47,47,60,60,60,60,68,60,60,60,60,51],"gold":175,"neow_bonus":"ONE_RARE_RELIC","is_prod":false,"is_daily":false,"chose_seed":false,"campfire_upgraded":10,"win_rate":0,"timestamp":1561476664,"path_taken":["M","?","?","$","M","R","?","?","T","?","R","?","R","M","R","BOSS","M","$","M","M","M","R","E","R","T","?","R","E","R","M","R","BOSS","M","?","$","?","?","?","M","R","T","?","M","M","R","?","R","BOSS"],"build_version":"2019-01-23","purchased_purges":3,"victory":true,"max_hp_per_floor":[68,68,68,68,68,68,68,68,68,68,68,68,68,68,68,68,68,68,68,68,68,68,68,68,68,68,68,68,68,68,68,68,68,68,68,68,68,68,68,68,68,68,68,68,68,68,68,68,68,68],"card_choices":[{"not_picked":["Steam","Beam Cell"],"picked":"Rebound","floor":1},{"not_picked":["Streamline","Auto Shields"],"picked":"Fusion","floor":5},{"not_picked":["Conserve Battery","Steam"],"picked":"Go for the Eyes","floor":7},{"not_picked":["Hologram","Steam Power","BootSequence"],"picked":"SKIP","floor":14},{"not_picked":["All For One","Machine Learning"],"picked":"Reboot","floor":16},{"not_picked":["Genetic Algorithm+1","Go for the Eyes"],"picked":"Static Discharge","floor":18},{"not_picked":["Darkness","Steam"],"picked":"Cold Snap","floor":20},{"not_picked":["Compile Driver","Conserve Battery","Hologram"],"picked":"SKIP","floor":21},{"not_picked":["Double Energy","Turbo"],"picked":"Coolheaded","floor":22},{"not_picked":["Glacier","Beam Cell"],"picked":"Go for the Eyes+1","floor":24},{"not_picked":["Chaos","Scrape"],"picked":"Hello World","floor":29},{"not_picked":["Conserve Battery","Lockon"],"picked":"Ball Lightning+1","floor":31},{"not_picked":["Melter","Beam Cell"],"picked":"Buffer","floor":31},{"not_picked":["Multi-Cast","Core Surge"],"picked":"Buffer","floor":33},{"not_picked":["Sweeping Beam+1","Coolheaded"],"picked":"Force Field","floor":35},{"not_picked":["Hologram","Barrage+1"],"picked":"Coolheaded","floor":35},{"not_picked":["Double Energy+1","Gash+1"],"picked":"Leap+1","floor":38},{"not_picked":["Recycle+1","Go for the Eyes"],"picked":"Conserve Battery+1","floor":38},{"not_picked":["Meteor Strike","Coolheaded"],"picked":"Steam+1","floor":40},{"not_picked":["Turbo+1","Streamline"],"picked":"Compile Driver+1","floor":40},{"not_picked":["Hologram","Stack"],"picked":"Chaos","floor":41},{"not_picked":["Compile Driver","Rebound+1"],"picked":"Echo Form","floor":41},{"not_picked":["Leap","Reprogram"],"picked":"Coolheaded+1","floor":45},{"not_picked":["FTL+1","Hologram+1"],"picked":"Defragment+1","floor":45},{"not_picked":["Fusion+1","Steam"],"picked":"Static Discharge","floor":46},{"not_picked":["Chill+1","Recycle"],"picked":"Conserve Battery+1","floor":46}],"player_experience":1495033,"relics_obtained":[{"floor":9,"key":"Dodecahedron"},{"floor":24,"key":"Bag of Preparation"},{"floor":26,"key":"Orichalcum"},{"floor":29,"key":"Centennial Puzzle"},{"floor":43,"key":"MawBank"},{"floor":48,"key":"Bottled Lightning"}],"event_choices":[{"damage_healed":0,"gold_gain":175,"player_choice":"AGREE","damage_taken":0,"max_hp_gain":0,"max_hp_loss":0,"event_name":"Liars Game","floor":2,"gold_loss":0,"cards_obtained":["Doubt"]},{"damage_healed":0,"gold_gain":0,"player_choice":"Bought 0 Potions","damage_taken":0,"max_hp_gain":0,"max_hp_loss":0,"event_name":"The Woman in Blue","floor":3,"gold_loss":0},{"damage_healed":0,"gold_gain":0,"player_choice":"Entered Light","damage_taken":14,"max_hp_gain":0,"max_hp_loss":0,"event_name":"Shining Light","floor":8,"gold_loss":0,"cards_upgraded":["Strike_B","Strike_B"]},{"damage_healed":0,"gold_gain":75,"player_choice":"Gather Gold","damage_taken":11,"max_hp_gain":0,"max_hp_loss":0,"event_name":"World of Goop","floor":10,"gold_loss":0},{"damage_healed":0,"gold_gain":0,"player_choice":"Success","damage_taken":12,"relics_obtained":["Bird Faced Urn"],"max_hp_gain":0,"max_hp_loss":0,"event_name":"Scrap Ooze","floor":12,"gold_loss":0},{"damage_healed":0,"gold_gain":0,"player_choice":"Obtained Relic","damage_taken":0,"relics_obtained":["Prayer Wheel"],"max_hp_gain":0,"max_hp_loss":0,"event_name":"Addict","floor":27,"gold_loss":85},{"cards_removed":["Strike_B"],"damage_healed":0,"gold_gain":0,"player_choice":"Purged","damage_taken":0,"max_hp_gain":0,"max_hp_loss":0,"event_name":"Purifier","floor":36,"gold_loss":0},{"cards_removed":["Strike_B"],"damage_healed":0,"gold_gain":0,"player_choice":"Upgrade and Remove","damage_taken":0,"max_hp_gain":0,"max_hp_loss":0,"event_name":"Designer","floor":39,"gold_loss":90,"cards_upgraded":["Defend_B"]}],"is_beta":false,"boss_relics":[{"not_picked":["Ectoplasm","Eternal Feather"],"picked":"Nuclear Battery"},{"not_picked":["Lizard Tail","Pandora\u0027s Box"],"picked":"Black Star"}],"items_purged_floors":[4,19,37],"is_endless":false,"potions_floor_spawned":[7,16,18,22,24,29,38,41],"ascension_level":0}