{"gold_per_floor":[110,110,110,125,141,141,169,169,193,225,225,243,343,357,357,458,458,478,393,433,457,489,501,234,234,234,234,234,249,249,260,260,260],"floor_reached":33,"playtime":969,"items_purged":[],"score":395,"play_id":"9160c518-eb20-4d8b-92a3-5502778e78c8","local_time":"20190624180810","is_ascension_mode":true,"campfire_choices":[{"data":"Unload","floor":6.0,"key":"SMITH"},{"floor":8.0,"key":"REST"},{"data":"Poisoned Stab","floor":11,"key":"SMITH"},{"data":"Caltrops","floor":15,"key":"SMITH"},{"floor":23,"key":"REST"},{"data":"Corpse Explosion","floor":25,"key":"SMITH"},{"floor":30,"key":"REST"},{"floor":32,"key":"REST"}],"neow_cost":"NONE","seed_source_timestamp":0,"circlet_count":0,"master_deck":["AscendersBane","Defend_G","Defend_G","Defend_G","Defend_G","Defend_G","Strike_G","Strike_G","Strike_G","Strike_G","Strike_G","Survivor","Neutralize+1","Unload+1","Poisoned Stab","Poisoned Stab+1","Caltrops+1","Backflip","Glass Knife","Dash+1","Acrobatics","Noxious Fumes","Corpse Explosion+1","Backstab","Blur+1","Adrenaline"],"special_seed":0,"relics":["Ring of the Snake","Ancient Tea Set","Strawberry","Oddly Smooth Stone","Runic Dome","MawBank","Red Mask","Sundial","Art of War","MutagenicStrength"],"potions_floor_usage":[10,16,16,22],"damage_taken":[{"damage":1.0,"enemies":"Cultist","floor":1.0,"turns":4.0},{"damage":3.0,"enemies":"Jaw Worm","floor":4.0,"turns":4.0},{"damage":0.0,"enemies":"2 Louse","floor":5.0,"turns":3.0},{"damage":20.0,"enemies":"Gremlin Nob","floor":7.0,"turns":4.0},{"damage":7,"enemies":"Lagavulin","floor":10,"turns":4},{"damage":0,"enemies":"Looter","floor":12,"turns":2},{"damage":3,"enemies":"Blue Slaver","floor":14,"turns":3},{"damage":13,"enemies":"Hexaghost","floor":16,"turns":10},{"damage":0,"enemies":"Chosen","floor":18,"turns":4},{"damage":34,"enemies":"Masked Bandits","floor":20,"turns":5},{"damage":0,"enemies":"3 Byrds","floor":21,"turns":1},{"damage":16,"enemies":"Centurion and Healer","floor":22,"turns":5},{"damage":13,"enemies":"Snecko","floor":29,"turns":3},{"damage":7,"enemies":"Shelled Parasite and Fungi","floor":31,"turns":5},{"damage":96,"enemies":"Champ","floor":33,"turns":10}],"seed_played":"-3602799976506041607","potions_obtained":[{"floor":4.0,"key":"Ancient Potion"},{"floor":7.0,"key":"Poison Potion"},{"floor":12,"key":"Regen Potion"},{"floor":14,"key":"Block Potion"},{"floor":21,"key":"AttackPotion"}],"is_trial":false,"path_per_floor":["M","?","$","M","M","R","E","R","T","E","R","M","?","M","R","B",null,"M","?","?","M","M","R","$","R","T","T","?","M","R","M","R","B"],"character_chosen":"THE_SILENT","items_purchased":["Noxious Fumes","Corpse Explosion","Backstab"],"campfire_rested":4,"item_purchase_floors":[24,24,24],"current_hp_per_floor":[62,62,62,59,59,59,39,60,67,60,60,60,60,57,57,59,73,73,73,39,39,23,46,46,46,46,46,46,33,56,49,72,0],"gold":260,"neow_bonus":"ONE_RANDOM_RARE_CARD","is_prod":false,"is_daily":false,"chose_seed":false,"campfire_upgraded":4,"win_rate":0,"timestamp":1561370890,"path_taken":["M","?","$","M","?","R","E","R","T","E","R","M","?","?","R","BOSS","M","?","?","M","M","R","$","R","T","?","?","M","R","M","R","BOSS"],"build_version":"2019-01-23","purchased_purges":0,"victory":false,"max_hp_per_floor":[70,70,70,70,70,70,70,70,77,77,77,77,77,77,77,77,77,77,77,77,77,77,77,77,77,77,77,77,77,77,77,77,77],"card_choices":[{"not_picked":["Underhanded Strike","Masterful Stab"],"picked":"Poisoned Stab","floor":1.0},{"not_picked":["PiercingWail","Choke"],"picked":"Poisoned Stab","floor":4.0},{"not_picked":["Dagger Throw","Escape Plan","Sucker Punch"],"picked":"SKIP","floor":5.0},{"not_picked":["Flechettes","Tools of the Trade","Finisher"],"picked":"SKIP","floor":7.0},{"not_picked":["Calculated Gamble","Underhanded Strike","Slice"],"picked":"SKIP","floor":10},{"not_picked":["Calculated Gamble","Underhanded Strike","Slice"],"picked":"SKIP","floor":10},{"not_picked":["Finisher","Concentrate"],"picked":"Caltrops","floor":12},{"not_picked":["Prepared","Outmaneuver"],"picked":"Backflip","floor":14},{"not_picked":["Phantasmal Killer","Tools of the Trade"],"picked":"Glass Knife","floor":16},{"not_picked":["PiercingWail","Setup"],"picked":"Dash+1","floor":18},{"not_picked":["Slice","PiercingWail"],"picked":"Acrobatics","floor":21},{"not_picked":["Setup","Bane","Acrobatics"],"picked":"SKIP","floor":22},{"not_picked":["Slice","Quick Slash+1"],"picked":"Blur+1","floor":29},{"not_picked":["Backflip","Acrobatics"],"picked":"Adrenaline","floor":31}],"player_experience":551492,"relics_obtained":[{"floor":7.0,"key":"Ancient Tea Set"},{"floor":9.0,"key":"Strawberry"},{"floor":10,"key":"Oddly Smooth Stone"},{"floor":20,"key":"Red Mask"},{"floor":26,"key":"Sundial"},{"floor":27,"key":"Art of War"}],"event_choices":[{"damage_healed":0.0,"max_hp_gain":0.0,"max_hp_loss":0.0,"gold_gain":0.0,"event_name":"Upgrade Shrine","player_choice":"Upgraded","floor":2.0,"gold_loss":0.0,"damage_taken":0.0,"cards_upgraded":["Neutralize"]},{"damage_healed":0,"gold_gain":100,"player_choice":"Pray","damage_taken":0,"max_hp_gain":0,"max_hp_loss":0,"event_name":"Golden Shrine","floor":13,"gold_loss":0},{"damage_healed":0,"gold_gain":0,"player_choice":"Obtained Relic","damage_taken":0,"relics_obtained":["MawBank"],"max_hp_gain":0,"max_hp_loss":0,"event_name":"Addict","floor":19,"gold_loss":85},{"damage_healed":0,"gold_gain":0,"player_choice":"Fought Bandits","damage_taken":0,"max_hp_gain":0,"max_hp_loss":0,"event_name":"Masked Bandits","floor":20,"gold_loss":0},{"damage_healed":0,"gold_gain":0,"player_choice":"Inject Mutagens","damage_taken":0,"relics_obtained":["MutagenicStrength"],"max_hp_gain":0,"max_hp_loss":0,"event_name":"Drug Dealer","floor":28,"gold_loss":0}],"is_beta":false,"boss_relics":[{"not_picked":["Tiny House","Black Star"],"picked":"Runic Dome"}],"items_purged_floors":[],"is_endless":false,"potions_floor_spawned":[4,7,12,14,21],"killed_by":"Champ","ascension_level":11}