{"gold_per_floor":[112,122,136,148,48,48,77,96,96,114,130,157,176,176,176,273,273,283,299,317,77,90,102,102],"floor_reached":24,"playtime":2675,"items_purged":["Strike_G","Strike_G"],"score":216,"play_id":"8f20a2f1-1a10-427d-bfe2-347795f894cb","local_time":"20180903203935","is_ascension_mode":false,"campfire_choices":[{"data":"Bouncing Flask","floor":6,"key":"SMITH"},{"floor":15,"key":"REST"}],"neow_cost":"NONE","seed_source_timestamp":4363880859651,"circlet_count":0,"master_deck":["Defend_G","Defend_G","Defend_G","Defend_G","Defend_G","Strike_G+1","Strike_G+1","Strike_G","Survivor","Neutralize","Bouncing Flask+1","Poisoned Stab","Leg Sweep","Dodge and Roll","Deflect","PiercingWail","Cloak And Dagger+1","Poisoned Stab","Deadly Poison+1","Malaise+1","Skewer","Bandage Up+1","Caltrops+1"],"relics":["Ring of the Snake","Whetstone","Toxic Egg 2","Dream Catcher","Frozen Egg 2","Busted Crown"],"potions_floor_usage":[16,16,16],"damage_taken":[{"damage":1,"enemies":"Cultist","floor":1,"turns":5},{"damage":0,"enemies":"2 Louse","floor":2,"turns":3},{"damage":2,"enemies":"Small Slimes","floor":3,"turns":4},{"damage":4,"enemies":"Red Slaver","floor":4,"turns":4},{"damage":7,"enemies":"Lagavulin","floor":7,"turns":6},{"damage":15,"enemies":"Gremlin Gang","floor":8,"turns":8},{"damage":13,"enemies":"Lots of Slimes","floor":10,"turns":6},{"damage":0,"enemies":"Blue Slaver","floor":11,"turns":4},{"damage":12,"enemies":"3 Sentries","floor":12,"turns":10},{"damage":3,"enemies":"Large Slime","floor":13,"turns":9},{"damage":41,"enemies":"Slime Boss","floor":16,"turns":12},{"damage":0,"enemies":"3 Byrds","floor":18,"turns":6},{"damage":8,"enemies":"Shell Parasite","floor":19,"turns":5},{"damage":6,"enemies":"3 Cultists","floor":20,"turns":7},{"damage":0,"enemies":"Cultist and Chosen","floor":22,"turns":8},{"damage":21,"enemies":"Sentry and Sphere","floor":23,"turns":6},{"damage":67,"enemies":"Gremlin Leader","floor":24,"turns":9}],"seed_played":"6642250432453603928","potions_obtained":[{"floor":2,"key":"Poison Potion"},{"floor":4,"key":"Poison Potion"},{"floor":8,"key":"Weak Potion"},{"floor":16,"key":"Energy Potion"},{"floor":18,"key":"Explosive Potion"},{"floor":19,"key":"SteroidPotion"}],"is_trial":false,"path_per_floor":["M","M","M","M","$","R","E","M","T","M","M","E","M","T","R","B",null,"M","M","M","$","M","M"],"character_chosen":"THE_SILENT","items_purchased":["Dodge and Roll","Skewer","Bandage Up+1"],"campfire_rested":1,"item_purchase_floors":[5,21,21],"current_hp_per_floor":[76,76,74,70,70,70,63,48,48,35,35,23,20,20,43,2,77,77,69,63,63,69,54,0],"gold":102,"neow_bonus":"TEN_PERCENT_HP_BONUS","is_prod":false,"is_daily":false,"chose_seed":false,"campfire_upgraded":1,"win_rate":0,"timestamp":1536021575,"path_taken":["M","M","M","M","$","R","E","M","T","M","M","E","M","?","R","BOSS","M","M","M","$","M","M","E"],"build_version":"2018-08-30","purchased_purges":2,"victory":false,"max_hp_per_floor":[77,77,77,77,77,77,77,77,77,77,77,77,77,77,77,77,77,77,77,77,77,77,77,77],"card_choices":[{"not_picked":["Prepared","Bane","Outmaneuver"],"picked":"SKIP","floor":1},{"not_picked":["Distraction","Bane"],"picked":"Bouncing Flask","floor":2},{"not_picked":["Caltrops","Slice"],"picked":"Poisoned Stab","floor":3},{"not_picked":["Deflect","Slice"],"picked":"Leg Sweep","floor":4},{"not_picked":["Slice","Phantasmal Killer"],"picked":"Deflect","floor":7},{"not_picked":["Outmaneuver","Sucker Punch"],"picked":"PiercingWail","floor":8},{"not_picked":["PiercingWail+1","Distraction+1"],"picked":"Cloak And Dagger+1","floor":10},{"not_picked":["Dagger Throw","Dash","Bane"],"picked":"SKIP","floor":11},{"not_picked":["Flying Knee","Masterful Stab","Sucker Punch"],"picked":"SKIP","floor":12},{"not_picked":["Dagger Throw","Blade Dance+1"],"picked":"Poisoned Stab","floor":13},{"not_picked":["Sucker Punch","PiercingWail+1"],"picked":"Deadly Poison+1","floor":15},{"not_picked":["Doppelganger+1","Wraith Form v2+1"],"picked":"Malaise+1","floor":16},{"not_picked":["Sucker Punch"],"picked":"SKIP","floor":18},{"not_picked":["Outmaneuver+1"],"picked":"SKIP","floor":19},{"not_picked":["Bane"],"picked":"SKIP","floor":20},{"not_picked":[],"picked":"Caltrops+1","floor":22},{"not_picked":["Terror+1"],"picked":"SKIP","floor":23}],"player_experience":801712,"relics_obtained":[{"floor":7,"key":"Whetstone"},{"floor":9,"key":"Toxic Egg 2"},{"floor":12,"key":"Dream Catcher"},{"floor":14,"key":"Frozen Egg 2"}],"event_choices":[],"is_beta":false,"boss_relics":[{"not_picked":["Ectoplasm","HoveringKite"],"picked":"Busted Crown"}],"items_purged_floors":[5,21],"is_endless":false,"potions_floor_spawned":[2,4,8,16,18,19],"killed_by":"Gremlin Leader","ascension_level":0}