{"gold_per_floor":[117,132,147,167,92,92,102,102,102,102,114,40,40,16,16,121,121,137,137,148,73,88,88,100,100,126,142,142,156,156,176,176,274,274,287,287,287,287,387,387],"floor_reached":40,"playtime":1201,"items_purged":["Strike_B"],"score":428,"play_id":"9870cf74-5383-45c2-bfba-ebe96f04da67","local_time":"20190520062244","is_ascension_mode":false,"campfire_choices":[{"data":"Zap","floor":6.0,"key":"SMITH"},{"data":"Creative AI","floor":10.0,"key":"SMITH"},{"data":"Defragment","floor":15.0,"key":"SMITH"},{"data":"Hologram","floor":23.0,"key":"SMITH"},{"data":"Tempest","floor":25,"key":"SMITH"},{"floor":30,"key":"REST"},{"floor":32,"key":"REST"}],"neow_cost":"NONE","seed_source_timestamp":48404475284455,"circlet_count":0,"master_deck":["Strike_B","Strike_B","Defend_B","Defend_B+1","Defend_B","Defend_B","Zap+1","Dualcast+1","Rebound","Leap","Coolheaded","Hologram+1","Creative AI+1","Defragment+1","Ball Lightning","Cold Snap","Ball Lightning","Machine Learning","Conserve Battery","Tempest+1","Ball Lightning+1","Self Repair+1","Conserve Battery+1","Cold Snap","Thunder Strike","Reinforced Body","Mayhem","Impatience","Bandage Up"],"special_seed":0,"relics":["Cracked Core","NeowsBlessing","Ornamental Fan","Philosopher\u0027s Stone","Vajra","Velvet Choker","Dead Branch"],"potions_floor_usage":[24,27,27,29,29,31,35],"damage_taken":[{"damage":0.0,"enemies":"Cultist","floor":1.0,"turns":1.0},{"damage":0.0,"enemies":"2 Louse","floor":2.0,"turns":1.0},{"damage":0.0,"enemies":"Jaw Worm","floor":3.0,"turns":1.0},{"damage":5.0,"enemies":"Looter","floor":4.0,"turns":3.0},{"damage":13.0,"enemies":"Exordium Thugs","floor":7.0,"turns":5.0},{"damage":0.0,"enemies":"Blue Slaver","floor":11.0,"turns":4.0},{"damage":0.0,"enemies":"Slime Boss","floor":16.0,"turns":5.0},{"damage":0.0,"enemies":"Spheric Guardian","floor":18.0,"turns":2.0},{"damage":20.0,"enemies":"Shell Parasite","floor":20.0,"turns":5.0},{"damage":30.0,"enemies":"Snake Plant","floor":22.0,"turns":5.0},{"damage":15,"enemies":"Sentry and Sphere","floor":24,"turns":4},{"damage":16,"enemies":"Shelled Parasite and Fungi","floor":27,"turns":4},{"damage":5,"enemies":"Snake Plant","floor":29,"turns":3},{"damage":0,"enemies":"Centurion and Healer","floor":31,"turns":5},{"damage":70,"enemies":"Automaton","floor":33,"turns":11},{"damage":0,"enemies":"Orb Walker","floor":35,"turns":3},{"damage":0,"enemies":"Mind Bloom Boss Battle","floor":39,"turns":4},{"damage":86,"enemies":"Reptomancer","floor":40,"turns":3}],"seed_played":"-47409067925263261","potions_obtained":[{"floor":1.0,"key":"Regen Potion"},{"floor":3.0,"key":"LiquidBronze"},{"floor":16.0,"key":"GamblersBrew"},{"floor":24,"key":"Energy Potion"},{"floor":27,"key":"SkillPotion"},{"floor":29,"key":"Fire Potion"},{"floor":35,"key":"Fruit Juice"}],"is_trial":false,"path_per_floor":["M","M","M","M","$","R","M","?","T","R","M","$","?","$","R","B",null,"M","?","M","?","M","R","M","R","T","M","?","M","R","M","R","B",null,"M","?","?","?","?","E"],"character_chosen":"DEFECT","items_purchased":["Ball Lightning","Cold Snap","Ball Lightning"],"campfire_rested":2,"item_purchase_floors":[12,12,14],"current_hp_per_floor":[75,75,75,70,70,70,57,42,42,42,42,42,47,47,47,47,80,80,80,60,60,30,30,15,15,15,11,11,16,40,50,74,14,80,85,75,75,75,81,0],"gold":387,"neow_bonus":"THREE_ENEMY_KILL","is_prod":false,"is_daily":false,"chose_seed":false,"campfire_upgraded":5,"win_rate":0,"timestamp":1558354964,"path_taken":["M","M","?","M","$","R","M","?","T","R","M","$","?","?","R","BOSS","M","?","M","?","M","R","M","R","T","M","?","?","R","M","R","BOSS","M","?","?","?","?","E"],"build_version":"2019-01-23","purchased_purges":1,"victory":false,"max_hp_per_floor":[75,75,75,75,75,75,75,75,75,75,75,75,80,80,80,80,80,80,80,80,80,80,80,80,80,80,80,80,80,80,80,80,80,80,85,85,85,81,81,81],"card_choices":[{"not_picked":["BootSequence","Force Field"],"picked":"Rebound","floor":1.0},{"not_picked":["Undo","Scrape"],"picked":"Leap","floor":2.0},{"not_picked":["Steam","Leap"],"picked":"Coolheaded","floor":3.0},{"not_picked":["Sunder","Auto Shields"],"picked":"Hologram","floor":4.0},{"not_picked":["Heatsinks","Steam Power"],"picked":"Creative AI","floor":7.0},{"not_picked":["Gash","Streamline"],"picked":"Defragment","floor":11.0},{"not_picked":["Core Surge","Hyperbeam"],"picked":"Machine Learning","floor":16.0},{"not_picked":["Streamline","Beam Cell"],"picked":"Conserve Battery","floor":18.0},{"not_picked":["Gash","Steam"],"picked":"Tempest","floor":20.0},{"not_picked":["Beam Cell","Compile Driver"],"picked":"Leap","floor":22.0},{"not_picked":["Heatsinks","Leap"],"picked":"Ball Lightning+1","floor":24},{"not_picked":["Echo Form","Ball Lightning"],"picked":"Self Repair","floor":27},{"not_picked":["Cold Snap+1","Beam Cell"],"picked":"Conserve Battery+1","floor":29},{"not_picked":["Leap","Sweeping Beam"],"picked":"Cold Snap","floor":31},{"not_picked":["Amplify","Echo Form"],"picked":"Thunder Strike","floor":33},{"not_picked":["Hologram+1","Turbo"],"picked":"Reinforced Body","floor":35},{"not_picked":["Finesse","Swift Strike"],"picked":"Mayhem","floor":36},{"not_picked":["PanicButton","Sadistic Nature"],"picked":"Impatience","floor":36},{"not_picked":["Dramatic Entrance","Enlightenment"],"picked":"Bandage Up","floor":36}],"player_experience":1452271,"relics_obtained":[{"floor":9.0,"key":"Ornamental Fan"},{"floor":26,"key":"Vajra"},{"floor":39,"key":"Dead Branch"}],"event_choices":[{"damage_healed":0.0,"max_hp_gain":0.0,"max_hp_loss":0.0,"gold_gain":0.0,"event_name":"Shining Light","player_choice":"Entered Light","floor":8.0,"gold_loss":0.0,"damage_taken":15.0,"cards_upgraded":["Dualcast","Defend_B"]},{"damage_healed":0.0,"max_hp_gain":5.0,"max_hp_loss":0.0,"gold_gain":0.0,"event_name":"Big Fish","player_choice":"Donut","floor":13.0,"gold_loss":0.0,"damage_taken":0.0},{"damage_healed":0.0,"max_hp_gain":0.0,"max_hp_loss":0.0,"gold_gain":0.0,"event_name":"Vampires","player_choice":"Ignored","floor":19.0,"gold_loss":0.0,"damage_taken":0.0},{"cards_removed":["Strike_B"],"damage_healed":0.0,"max_hp_gain":0.0,"max_hp_loss":0.0,"gold_gain":0.0,"event_name":"Beggar","player_choice":"Gave Gold","floor":21.0,"gold_loss":75.0,"damage_taken":0.0},{"damage_healed":0,"gold_gain":0,"player_choice":"Upgraded","damage_taken":0,"max_hp_gain":0,"max_hp_loss":0,"event_name":"Upgrade Shrine","floor":28,"gold_loss":0,"cards_upgraded":["Self Repair"]},{"damage_healed":0,"gold_gain":0,"player_choice":"Memory 3","damage_taken":10,"max_hp_gain":0,"max_hp_loss":0,"event_name":"SensoryStone","floor":36,"gold_loss":0},{"cards_removed":["Leap"],"damage_healed":0,"gold_gain":0,"player_choice":"Removed Skill","damage_taken":0,"max_hp_gain":0,"max_hp_loss":0,"event_name":"Falling","floor":37,"gold_loss":0},{"damage_healed":0,"gold_gain":0,"player_choice":"Max HP","damage_taken":0,"max_hp_gain":0,"max_hp_loss":4,"event_name":"Winding Halls","floor":38,"gold_loss":0},{"damage_healed":0,"gold_gain":0,"player_choice":"Fight","damage_taken":0,"max_hp_gain":0,"max_hp_loss":0,"event_name":"MindBloom","floor":39,"gold_loss":0}],"is_beta":false,"boss_relics":[{"not_picked":["Nuclear Battery","Snecko Eye"],"picked":"Philosopher\u0027s Stone"},{"not_picked":["Astrolabe","Fusion Hammer"],"picked":"Velvet Choker"}],"items_purged_floors":[5],"is_endless":false,"potions_floor_spawned":[1,3,16,22,24,27,29,35],"killed_by":"Reptomancer","ascension_level":0}