{"gold_per_floor":[115,128,128,29,29,29,60,60,87,87,101,101,135,152,152,251,251],"floor_reached":17,"playtime":433,"items_purged":["Regret"],"score":253,"play_id":"8ff77942-2b90-41e9-8f8c-1c64680b8a67","local_time":"20190625190131","is_ascension_mode":true,"campfire_choices":[{"data":"Neutralize","floor":6,"key":"SMITH"},{"data":"Cloak And Dagger","floor":10,"key":"SMITH"},{"floor":15,"key":"REST"}],"neow_cost":"NONE","seed_source_timestamp":0,"circlet_count":0,"master_deck":["AscendersBane","Defend_G","Defend_G+1","Defend_G","Defend_G+1","Defend_G","Strike_G","Strike_G","Strike_G","Strike_G","Strike_G","Survivor","Neutralize+1","A Thousand Cuts","Poisoned Stab","Poisoned Stab","Cloak And Dagger+1","Cloak And Dagger","Endless Agony","After Image"],"special_seed":0,"relics":["Ring of the Snake","Dodecahedron","Bag of Preparation","Centennial Puzzle","Pen Nib"],"potions_floor_usage":[7,7],"damage_taken":[{"damage":6.0,"enemies":"Cultist","floor":1.0,"turns":6.0},{"damage":0.0,"enemies":"Jaw Worm","floor":2.0,"turns":4.0},{"damage":25,"enemies":"3 Sentries","floor":7,"turns":6},{"damage":0,"enemies":"2 Louse","floor":11,"turns":2},{"damage":1,"enemies":"Lagavulin","floor":13,"turns":6},{"damage":2,"enemies":"Blue Slaver","floor":14,"turns":4},{"damage":33,"enemies":"The Guardian","floor":16,"turns":13}],"seed_played":"-8623100198941403883","potions_obtained":[{"floor":1.0,"key":"Fire Potion"},{"floor":2.0,"key":"Poison Potion"},{"floor":16,"key":"GamblersBrew"}],"is_trial":false,"path_per_floor":["M","M","?","$","?","R","E","$","T","R","M","?","E","M","R","B",null],"character_chosen":"THE_SILENT","items_purchased":["Poisoned Stab"],"campfire_rested":1,"item_purchase_floors":[4],"current_hp_per_floor":[57,57,57,57,43,43,18,18,18,18,18,18,17,15,36,3,3],"gold":251,"neow_bonus":"ONE_RANDOM_RARE_CARD","is_prod":false,"is_daily":false,"chose_seed":false,"campfire_upgraded":2,"win_rate":0,"timestamp":1561460491,"path_taken":["M","?","?","$","?","R","E","?","T","R","?","?","E","M","R","BOSS"],"build_version":"2019-01-23","purchased_purges":1,"victory":false,"max_hp_per_floor":[70,70,70,70,70,70,70,70,70,70,70,70,70,70,70,70,70],"card_choices":[{"not_picked":["Finisher","Bouncing Flask"],"picked":"Poisoned Stab","floor":1.0},{"not_picked":["Prepared","Underhanded Strike","Distraction"],"picked":"SKIP","floor":2.0},{"not_picked":["Dagger Spray","Underhanded Strike"],"picked":"Cloak And Dagger","floor":7},{"not_picked":["Blade Dance","Poisoned Stab","Outmaneuver"],"picked":"SKIP","floor":11},{"not_picked":["Setup","Infinite Blades"],"picked":"Cloak And Dagger","floor":13},{"not_picked":["Outmaneuver","Skewer"],"picked":"Endless Agony","floor":14},{"not_picked":["Envenom","Venomology"],"picked":"After Image","floor":16}],"player_experience":558722,"relics_obtained":[{"floor":7,"key":"Bag of Preparation"},{"floor":9,"key":"Centennial Puzzle"},{"floor":13,"key":"Pen Nib"}],"event_choices":[{"damage_healed":0,"gold_gain":0,"player_choice":"Box","damage_taken":0,"relics_obtained":["Dodecahedron"],"max_hp_gain":0,"max_hp_loss":0,"event_name":"Big Fish","floor":3,"gold_loss":0,"cards_obtained":["Regret"]},{"damage_healed":0,"gold_gain":0,"player_choice":"Entered Light","damage_taken":14,"max_hp_gain":0,"max_hp_loss":0,"event_name":"Shining Light","floor":5,"gold_loss":0,"cards_upgraded":["Defend_G","Defend_G"]},{"damage_healed":0,"gold_gain":0,"player_choice":"Fled","damage_taken":0,"max_hp_gain":0,"max_hp_loss":0,"event_name":"Scrap Ooze","floor":12,"gold_loss":0}],"is_beta":false,"boss_relics":[],"items_purged_floors":[4],"is_endless":false,"potions_floor_spawned":[1,2,16],"ascension_level":11}