{"gold_per_floor":[113,127,8,20,20,49,49,77,152,152,162,194,213,213,213,318,318,332,602,617,225,225,225,260,16,69,108,120,148,160],"floor_reached":30,"playtime":6515,"items_purged":["Strike_R"],"score":342,"play_id":"5a294d20-36de-46f7-ad20-3f7eeba51581","local_time":"20190331202008","is_ascension_mode":true,"campfire_choices":[{"data":"Bloodletting","floor":7.0,"key":"SMITH"},{"data":"Demon Form","floor":15.0,"key":"SMITH"},{"data":"Trip","floor":23.0,"key":"SMITH"}],"neow_cost":"NONE","seed_source_timestamp":23585605746381,"circlet_count":0,"master_deck":["Strike_R","Strike_R","Strike_R+1","Defend_R","Defend_R","Defend_R","Defend_R","Bash","Bloodletting+1","Clothesline+1","Infernal Blade","Warcry","Shrug It Off","Thunderclap","Seeing Red","Wild Strike","Pommel Strike","Demon Form+1","Seeing Red","Immolate","Seeing Red+1","Trip+1","Finesse","Corruption","Spot Weakness+1","Demon Form+1"],"special_seed":0,"relics":["Snecko Eye","Dead Branch","Ancient Tea Set","Meat on the Bone","Pocketwatch","Black Star","Bottled Tornado","MutagenicStrength","Whetstone","Paper Frog","Pantograph","MawBank","Toxic Egg 2","Kunai"],"potions_floor_usage":[30],"damage_taken":[{"damage":3.0,"enemies":"2 Louse","floor":1.0,"turns":3.0},{"damage":3.0,"enemies":"Small Slimes","floor":2.0,"turns":2.0},{"damage":0.0,"enemies":"Jaw Worm","floor":4.0,"turns":3.0},{"damage":7.0,"enemies":"Gremlin Nob","floor":6.0,"turns":4.0},{"damage":16.0,"enemies":"3 Sentries","floor":8.0,"turns":4.0},{"damage":9.0,"enemies":"Red Slaver","floor":11.0,"turns":2.0},{"damage":6.0,"enemies":"Lagavulin","floor":12.0,"turns":4.0},{"damage":0.0,"enemies":"3 Louse","floor":13.0,"turns":1.0},{"damage":33.0,"enemies":"The Guardian","floor":16.0,"turns":5.0},{"damage":0.0,"enemies":"Spheric Guardian","floor":18.0,"turns":2.0},{"damage":13.0,"enemies":"Chosen","floor":20.0,"turns":2.0},{"damage":2.0,"enemies":"Gremlin Leader","floor":24.0,"turns":4.0},{"damage":32.0,"enemies":"Slavers","floor":27.0,"turns":2.0},{"damage":18.0,"enemies":"Shelled Parasite and Fungi","floor":29.0,"turns":3.0},{"damage":15,"enemies":"Gremlin Leader","floor":30,"turns":2}],"seed_played":"8802071904871069829","potions_obtained":[{"floor":1.0,"key":"Strength Potion"},{"floor":2.0,"key":"Energy Potion"},{"floor":11.0,"key":"SpeedPotion"},{"floor":16.0,"key":"Fire Potion"},{"floor":18.0,"key":"FearPotion"},{"floor":29.0,"key":"EssenceOfSteel"}],"is_trial":false,"path_per_floor":["M","M","$","M","?","E","R","E","T","?","M","E","M","?","R","B",null,"M","?","M","$","?","R","E","$","T","E","?","M","E"],"character_chosen":"IRONCLAD","items_purchased":["Infernal Blade","Warcry","Bottled Tornado","Corruption","Pantograph"],"campfire_rested":0,"item_purchase_floors":[3,3,21,21,25],"current_hp_per_floor":[77,74,74,74,74,67,67,51,51,51,42,48,48,80,80,47,80,80,32,31,31,31,31,41,41,41,21,21,15,0],"gold":160,"neow_bonus":"BOSS_RELIC","is_prod":false,"is_daily":false,"chose_seed":false,"campfire_upgraded":3,"win_rate":0,"timestamp":1554078008,"path_taken":["M","M","$","M","?","E","R","E","T","?","M","E","M","?","R","BOSS","M","?","?","?","?","R","E","$","T","E","?","?","E"],"build_version":"2019-01-23","purchased_purges":1,"victory":false,"max_hp_per_floor":[80,80,80,80,80,80,80,80,80,80,80,80,80,80,80,80,80,80,80,80,80,80,80,80,80,80,80,80,80,80],"card_choices":[{"not_picked":["Feel No Pain","Rage"],"picked":"Bloodletting","floor":1.0},{"not_picked":["Iron Wave","Heavy Blade"],"picked":"Clothesline","floor":2.0},{"not_picked":["Battle Trance","Sentinel"],"picked":"Shrug It Off","floor":4.0},{"not_picked":["Iron Wave","Wild Strike"],"picked":"Thunderclap","floor":6.0},{"not_picked":["True Grit","Heavy Blade"],"picked":"Seeing Red","floor":8.0},{"not_picked":["Headbutt","Rage"],"picked":"Pommel Strike","floor":11.0},{"not_picked":["Dual Wield","Sword Boomerang"],"picked":"Demon Form","floor":12.0},{"not_picked":["Battle Trance","Flex"],"picked":"Seeing Red","floor":13.0},{"not_picked":["Feed","Dark Embrace"],"picked":"Immolate","floor":16.0},{"not_picked":["Warcry","Anger"],"picked":"Seeing Red+1","floor":18.0},{"not_picked":["Body Slam+1","Sword Boomerang+1","Feel No Pain+1"],"picked":"SKIP","floor":20.0},{"not_picked":["Exhume","Bloodletting","Wild Strike"],"picked":"SKIP","floor":24.0},{"not_picked":["Flex","Carnage"],"picked":"Spot Weakness","floor":27.0},{"not_picked":["Sword Boomerang","Cleave+1","Combust+1"],"picked":"SKIP","floor":29.0}],"player_experience":158361,"relics_obtained":[{"floor":6.0,"key":"Dead Branch"},{"floor":8.0,"key":"Ancient Tea Set"},{"floor":9.0,"key":"Meat on the Bone"},{"floor":12.0,"key":"Pocketwatch"},{"floor":24.0,"key":"Whetstone"},{"floor":24.0,"key":"Paper Frog"},{"floor":26.0,"key":"MawBank"},{"floor":27.0,"key":"Toxic Egg 2"},{"floor":27.0,"key":"Kunai"}],"event_choices":[{"damage_healed":0.0,"max_hp_gain":0.0,"max_hp_loss":0.0,"gold_gain":0.0,"event_name":"The Cleric","player_choice":"Leave","floor":5.0,"gold_loss":0.0,"damage_taken":0.0},{"damage_healed":0.0,"max_hp_gain":0.0,"max_hp_loss":0.0,"gold_gain":0.0,"cards_transformed":["Strike_R"],"event_name":"Living Wall","player_choice":"Change","floor":10.0,"gold_loss":0.0,"damage_taken":0.0,"cards_obtained":["Wild Strike"]},{"damage_healed":32.0,"max_hp_gain":0.0,"max_hp_loss":0.0,"gold_gain":0.0,"event_name":"Wheel of Change","player_choice":"Full Heal","floor":14.0,"gold_loss":0.0,"damage_taken":0.0},{"damage_healed":0.0,"max_hp_gain":0.0,"max_hp_loss":0.0,"gold_gain":270.0,"event_name":"Knowing Skull","player_choice":"CARD CARD GOLD GOLD GOLD ","floor":19.0,"potions_obtained":[],"gold_loss":0.0,"damage_taken":48.0,"cards_obtained":["Trip","Finesse"]},{"damage_healed":0.0,"max_hp_gain":0.0,"max_hp_loss":0.0,"gold_gain":0.0,"event_name":"Drug Dealer","player_choice":"Inject Mutagens","floor":22.0,"gold_loss":0.0,"damage_taken":0.0,"relics_obtained":["MutagenicStrength"]},{"damage_healed":0.0,"max_hp_gain":0.0,"max_hp_loss":0.0,"gold_gain":0.0,"event_name":"Duplicator","player_choice":"Copied","floor":28.0,"gold_loss":0.0,"damage_taken":0.0,"cards_obtained":["Demon Form"]}],"is_beta":false,"boss_relics":[{"not_picked":["Lizard Tail","Sozu"],"picked":"Black Star"}],"items_purged_floors":[21],"is_endless":false,"potions_floor_spawned":[1,2,11,16,18,29],"killed_by":"Gremlin Leader","ascension_level":2}