{"gold_per_floor":[117,117,0,20,20,20,33,43,113,144,163,163,194,206,206,302,302,321,98,198,209,221,221,238,238,238,238],"floor_reached":27,"playtime":1842,"items_purged":["Strike_B"],"score":360,"play_id":"8fb4f8f0-05ea-4295-af54-78693b74919a","local_time":"20190329001412","is_ascension_mode":true,"campfire_choices":[{"data":"Zap","floor":6.0,"key":"SMITH"},{"data":"Zap","floor":12.0,"key":"SMITH"},{"floor":15.0,"key":"REST"},{"floor":23,"key":"REST"},{"floor":25,"key":"REST"}],"neow_cost":"PERCENT_DAMAGE","seed_source_timestamp":0,"circlet_count":0,"master_deck":["AscendersBane","Strike_B","Defend_B","Defend_B","Defend_B","Defend_B","Zap+1","Dualcast","Biased Cognition","Go for the Eyes","FTL","Hologram","Rebound","Zap+1","Storm","Recycle","Glacier","Genetic Algorithm","Compile Driver","Buffer","Auto Shields","Echo Form","Skim","Seek"],"special_seed":0,"relics":["Cracked Core","Cables","Pen Nib","Calipers","Empty Cage","Anchor"],"potions_floor_usage":[27],"damage_taken":[{"damage":1.0,"enemies":"Cultist","floor":1.0,"turns":4.0},{"damage":0.0,"enemies":"2 Louse","floor":4.0,"turns":3.0},{"damage":5.0,"enemies":"Small Slimes","floor":7.0,"turns":3.0},{"damage":9.0,"enemies":"Red Slaver","floor":8.0,"turns":2.0},{"damage":19.0,"enemies":"3 Sentries","floor":10.0,"turns":6.0},{"damage":0.0,"enemies":"2 Fungi Beasts","floor":11.0,"turns":3.0},{"damage":16.0,"enemies":"Gremlin Nob","floor":13.0,"turns":3.0},{"damage":13.0,"enemies":"3 Louse","floor":14.0,"turns":3.0},{"damage":31.0,"enemies":"The Guardian","floor":16.0,"turns":9.0},{"damage":31,"enemies":"Spheric Guardian","floor":18,"turns":6},{"damage":0,"enemies":"Chosen","floor":21,"turns":4},{"damage":22,"enemies":"Snake Plant","floor":22,"turns":5},{"damage":20,"enemies":"Snecko","floor":24,"turns":4},{"damage":34,"enemies":"Slavers","floor":27,"turns":2}],"seed_played":"3115422065231071258","potions_obtained":[{"floor":4.0,"key":"SteroidPotion"},{"floor":8.0,"key":"Dexterity Potion"},{"floor":16.0,"key":"Swift Potion"},{"floor":18,"key":"LiquidBronze"}],"is_trial":false,"path_per_floor":["M","?","$","M","?","R","M","M","T","E","M","R","E","M","R","B",null,"M","$","?","M","M","R","M","R","T","E"],"character_chosen":"DEFECT","items_purchased":["FTL","Hologram","Anchor"],"campfire_rested":3,"item_purchase_floors":[3,3,19],"current_hp_per_floor":[49,74,74,74,74,74,69,60,60,41,41,41,25,12,34,3,57,26,26,26,26,4,26,6,28,28,0],"gold":238,"neow_bonus":"THREE_RARE_CARDS","is_prod":false,"is_daily":false,"chose_seed":false,"campfire_upgraded":2,"win_rate":0,"timestamp":1553832852,"path_taken":["M","?","$","M","?","R","M","M","T","E","?","R","E","M","R","BOSS","M","$","?","M","M","R","M","R","T","E"],"build_version":"2019-01-23","purchased_purges":1,"victory":false,"max_hp_per_floor":[75,75,75,75,75,75,75,75,75,75,75,75,75,75,75,75,75,75,75,75,75,75,75,75,75,75,75],"card_choices":[{"not_picked":["Multi-Cast","All For One"],"picked":"Biased Cognition","floor":0.0},{"not_picked":["Compile Driver","Storm"],"picked":"Go for the Eyes","floor":1.0},{"not_picked":["Redo","Conserve Battery"],"picked":"Rebound","floor":4.0},{"not_picked":["Go for the Eyes","Turbo"],"picked":"Recycle","floor":7.0},{"not_picked":["Stack","Rebound"],"picked":"Glacier","floor":8.0},{"not_picked":["Hyperbeam","Steam"],"picked":"Genetic Algorithm","floor":10.0},{"not_picked":["Beam Cell","Barrage"],"picked":"Compile Driver","floor":11.0},{"not_picked":["Gash","Scrape"],"picked":"Buffer","floor":13.0},{"not_picked":["Barrage","Go for the Eyes"],"picked":"Auto Shields","floor":14.0},{"not_picked":["Machine Learning","All For One"],"picked":"Echo Form","floor":16.0},{"not_picked":["Ball Lightning","Coolheaded"],"picked":"Skim","floor":18},{"not_picked":["Steam","Redo","Turbo"],"picked":"SKIP","floor":21},{"not_picked":["Beam Cell+1","Chaos","Coolheaded"],"picked":"SKIP","floor":22},{"not_picked":["Streamline","Gash"],"picked":"Seek","floor":24}],"player_experience":2033067,"relics_obtained":[{"floor":9.0,"key":"Cables"},{"floor":10.0,"key":"Pen Nib"},{"floor":13.0,"key":"Calipers"}],"event_choices":[{"damage_healed":25.0,"max_hp_gain":0.0,"max_hp_loss":0.0,"gold_gain":0.0,"event_name":"Big Fish","player_choice":"Banana","floor":2.0,"gold_loss":0.0,"damage_taken":0.0},{"damage_healed":0.0,"max_hp_gain":0.0,"max_hp_loss":0.0,"gold_gain":0.0,"event_name":"Match and Keep!","player_choice":"2 cards matched","floor":5.0,"gold_loss":0.0,"damage_taken":0.0,"cards_obtained":["Zap","Storm"]},{"damage_healed":0,"gold_gain":100,"player_choice":"Pray","damage_taken":0,"max_hp_gain":0,"max_hp_loss":0,"event_name":"Golden Shrine","floor":20,"gold_loss":0}],"is_beta":false,"boss_relics":[{"not_picked":["Lizard Tail","Calling Bell"],"picked":"Empty Cage"}],"items_purged_floors":[19],"is_endless":false,"potions_floor_spawned":[4,8,13,14,16,18,21,22,24],"killed_by":"Slavers","ascension_level":12}