{"gold_per_floor":[11,26,40,54,54,54,89,89,138,23,56,67,67,86,86,183,183,193,93,93,105,105,105,105,105,132,149,149,181,200,211,211,313,313,329,347,347,358,358,371,371,99,99,321,354,112,112,129,129,129],"floor_reached":51,"playtime":1841,"items_purged":["Strike_B","Strike_B","Strike_B","Strike_B"],"score":837,"play_id":"b75888f1-947c-4cae-a8fb-2c8984b7936e","local_time":"20190501084718","is_ascension_mode":false,"campfire_choices":[{"data":"Zap","floor":6,"key":"SMITH"},{"data":"Dualcast","floor":8,"key":"SMITH"},{"data":"Darkness","floor":13,"key":"SMITH"},{"data":"Leap","floor":15,"key":"SMITH"},{"data":"Rainbow","floor":24,"key":"SMITH"},{"data":"Capacitor","floor":28,"key":"SMITH"},{"data":"Glacier","floor":32,"key":"SMITH"},{"data":"Fission","floor":41,"key":"SMITH"},{"floor":49,"key":"REST"}],"neow_cost":"NO_GOLD","seed_source_timestamp":0,"circlet_count":0,"master_deck":["Defend_B","Defend_B","Defend_B","Defend_B","Zap+1","Dualcast+1","Cold Snap","Leap+1","Conserve Battery","Go for the Eyes+1","Rip and Tear+1","Darkness+1","FTL+1","Glacier+1","Rainbow+1","Lockon+1","Darkness+1","Capacitor+1","Compile Driver+1","Fission+1","FTL+1","Rebound+1","Finesse","Magnetism","Impatience","Good Instincts","Hologram","Glacier+1","Good Instincts","Ball Lightning+1","Rebound+1"],"special_seed":0,"relics":["FrozenCore","Incense Burner","Molten Egg 2","PreservedInsect","Dream Catcher","Bag of Preparation","Philosopher\u0027s Stone","Orichalcum","Symbiotic Virus","Nilry\u0027s Codex","Regal Pillow","Red Mask","Darkstone Periapt","Vajra","Torii"],"potions_floor_usage":[29,33,33,50,50,50],"damage_taken":[{"damage":0.0,"enemies":"Small Slimes","floor":1.0,"turns":2.0},{"damage":0.0,"enemies":"Cultist","floor":2.0,"turns":4.0},{"damage":0,"enemies":"2 Louse","floor":3,"turns":2},{"damage":7,"enemies":"Blue Slaver","floor":4,"turns":4},{"damage":20,"enemies":"Gremlin Nob","floor":7,"turns":5},{"damage":0,"enemies":"3 Sentries","floor":11,"turns":4},{"damage":0,"enemies":"3 Louse","floor":12,"turns":2},{"damage":0,"enemies":"Exordium Wildlife","floor":14,"turns":3},{"damage":0,"enemies":"The Guardian","floor":16,"turns":9},{"damage":0,"enemies":"Shell Parasite","floor":18,"turns":4},{"damage":2,"enemies":"3 Byrds","floor":21,"turns":2},{"damage":0,"enemies":"Cultist and Chosen","floor":27,"turns":3},{"damage":17,"enemies":"Masked Bandits","floor":29,"turns":4},{"damage":12,"enemies":"Shelled Parasite and Fungi","floor":30,"turns":5},{"damage":0,"enemies":"Sentry and Sphere","floor":31,"turns":3},{"damage":50,"enemies":"Automaton","floor":33,"turns":8},{"damage":0,"enemies":"3 Shapes","floor":35,"turns":6},{"damage":0,"enemies":"Orb Walker","floor":36,"turns":3},{"damage":0,"enemies":"Spire Growth","floor":38,"turns":4},{"damage":9,"enemies":"Sphere and 2 Shapes","floor":40,"turns":6},{"damage":0,"enemies":"Nemesis","floor":45,"turns":3},{"damage":0,"enemies":"4 Shapes","floor":48,"turns":6},{"damage":0,"enemies":"Awakened One","floor":50,"turns":10}],"seed_played":"-388168985292213379","potions_obtained":[{"floor":2.0,"key":"Fruit Juice"},{"floor":3,"key":"Regen Potion"},{"floor":12,"key":"Regen Potion"},{"floor":27,"key":"Regen Potion"},{"floor":29,"key":"Dexterity Potion"},{"floor":38,"key":"Ancient Potion"},{"floor":40,"key":"Fire Potion"},{"floor":45,"key":"PowerPotion"}],"is_trial":false,"path_per_floor":["M","M","M","M","?","R","E","R","T","$","E","M","R","M","R","B",null,"M","$","?","M","?","T","R","?","T","M","R","?","M","M","R","B",null,"M","M","?","M","?","M","R","$","T","?","E","$","T","M","R","B",null],"character_chosen":"DEFECT","items_purchased":["Rip and Tear+1","Good Instincts","Hologram","Good Instincts"],"campfire_rested":1,"item_purchase_floors":[10,42,42,46],"current_hp_per_floor":[75,80,80,73,73,73,53,53,53,53,53,53,53,53,53,53,80,80,80,80,78,63,63,63,47,47,47,47,42,30,30,30,29,85,85,85,85,85,75,66,66,66,66,66,66,66,66,66,85,85],"gold":129,"neow_bonus":"ONE_RARE_RELIC","is_prod":false,"is_daily":false,"chose_seed":false,"campfire_upgraded":8,"win_rate":0,"timestamp":1556722038,"path_taken":["M","M","M","M","?","R","E","R","T","$","E","?","R","M","R","BOSS","M","$","?","M","?","?","R","?","T","M","R","?","M","M","R","BOSS","M","M","?","M","?","M","R","$","T","?","E","?","?","?","R","BOSS"],"build_version":"2019-01-23","purchased_purges":4,"victory":true,"max_hp_per_floor":[75,80,80,80,80,80,80,80,80,80,80,80,80,80,80,80,80,80,80,80,80,85,85,85,85,85,85,85,85,85,85,85,85,85,85,85,85,85,85,85,85,85,85,85,85,85,85,85,85,85],"card_choices":[{"not_picked":["Rebound","Consume"],"picked":"Cold Snap","floor":1.0},{"not_picked":["Scrape","Beam Cell"],"picked":"Leap","floor":2.0},{"not_picked":["Leap","FTL"],"picked":"Hologram","floor":3},{"not_picked":["Go for the Eyes","Compile Driver"],"picked":"Conserve Battery","floor":4},{"not_picked":["Gash+1","Scrape+1"],"picked":"Go for the Eyes+1","floor":7},{"not_picked":["Steam","Thunder Strike+1"],"picked":"Darkness","floor":11},{"not_picked":["Stack","Gash+1"],"picked":"FTL+1","floor":12},{"not_picked":["Hologram","Consume"],"picked":"Glacier","floor":14},{"not_picked":["Echo Form","Buffer"],"picked":"Rainbow","floor":16},{"not_picked":["Auto Shields","Compile Driver+1"],"picked":"Lockon+1","floor":18},{"not_picked":["Ball Lightning+1","Storm"],"picked":"Darkness+1","floor":21},{"not_picked":["Stack+1","Tempest"],"picked":"Capacitor","floor":27},{"not_picked":["Coolheaded","Lockon+1"],"picked":"Rip and Tear+1","floor":29},{"not_picked":["Go for the Eyes+1","Buffer","Gash+1"],"picked":"SKIP","floor":30},{"not_picked":["Go for the Eyes+1","FTL+1"],"picked":"Compile Driver+1","floor":31},{"not_picked":["Core Surge+1","All For One+1"],"picked":"Fission","floor":33},{"not_picked":["BootSequence+1","Turbo","Sweeping Beam+1"],"picked":"SKIP","floor":35},{"not_picked":["Self Repair","Conserve Battery+1"],"picked":"FTL+1","floor":36},{"not_picked":["Turbo","Glacier"],"picked":"Rebound+1","floor":38},{"not_picked":["Bandage Up","Panacea"],"picked":"Finesse","floor":39},{"not_picked":["Swift Strike+1","PanicButton"],"picked":"Magnetism","floor":39},{"not_picked":["Blind","Mind Blast+1"],"picked":"Impatience","floor":39},{"not_picked":["Conserve Battery","Genetic Algorithm","Static Discharge"],"picked":"SKIP","floor":40},{"not_picked":["Turbo","Redo+1"],"picked":"Glacier+1","floor":45},{"not_picked":["Compile Driver+1","Capacitor+1"],"picked":"Ball Lightning+1","floor":48},{"not_picked":["Coolheaded","Steam Power+1"],"picked":"Rebound+1","floor":49}],"player_experience":1346612,"relics_obtained":[{"floor":7,"key":"PreservedInsect"},{"floor":9,"key":"Dream Catcher"},{"floor":11,"key":"Bag of Preparation"},{"floor":23,"key":"Symbiotic Virus"},{"floor":25,"key":"Nilry\u0027s Codex"},{"floor":26,"key":"Regal Pillow"},{"floor":29,"key":"Red Mask"},{"floor":43,"key":"Darkstone Periapt"},{"floor":45,"key":"Vajra"},{"floor":47,"key":"Torii"}],"event_choices":[{"cards_removed":["Hologram"],"damage_healed":0,"gold_gain":0,"player_choice":"Gave Card","damage_taken":0,"relics_obtained":["Molten Egg 2"],"max_hp_gain":0,"max_hp_loss":0,"event_name":"WeMeetAgain","floor":5,"gold_loss":0},{"damage_healed":0,"gold_gain":0,"player_choice":"Opened","damage_taken":0,"relics_obtained":["Orichalcum"],"max_hp_gain":0,"max_hp_loss":0,"event_name":"The Mausoleum","floor":20,"gold_loss":0},{"damage_healed":0,"gold_gain":0,"player_choice":"Shed Blood","damage_taken":20,"max_hp_gain":5,"max_hp_loss":0,"event_name":"Forgotten Altar","floor":22,"gold_loss":0},{"damage_healed":0,"gold_gain":0,"player_choice":"Obtained Book","damage_taken":16,"max_hp_gain":0,"max_hp_loss":0,"event_name":"Cursed Tome","floor":25,"gold_loss":0},{"damage_healed":0,"gold_gain":0,"player_choice":"Fought Bandits","damage_taken":0,"max_hp_gain":0,"max_hp_loss":0,"event_name":"Masked Bandits","floor":29,"gold_loss":0},{"cards_removed":["Rip and Tear"],"damage_healed":0,"gold_gain":0,"player_choice":"Removed Attack","damage_taken":0,"max_hp_gain":0,"max_hp_loss":0,"event_name":"Falling","floor":37,"gold_loss":0},{"damage_healed":0,"gold_gain":0,"player_choice":"Memory 3","damage_taken":10,"max_hp_gain":0,"max_hp_loss":0,"event_name":"SensoryStone","floor":39,"gold_loss":0},{"damage_healed":0,"gold_gain":222,"player_choice":"Wore Mask","damage_taken":0,"max_hp_gain":0,"max_hp_loss":0,"event_name":"Tomb of Lord Red Mask","floor":44,"gold_loss":0}],"is_beta":false,"boss_relics":[{"not_picked":["Calling Bell","Empty Cage"],"picked":"Philosopher\u0027s Stone"},{"not_picked":["Orrery","Fusion Hammer"],"picked":"FrozenCore"}],"items_purged_floors":[10,19,42,46],"is_endless":false,"potions_floor_spawned":[2,3,12,27,29,31,38,40,45],"ascension_level":0}