{"gold_per_floor":[368,381,381,556,39,70,70,97,97,97,113,113,132,151,151,253,253,263,188,188,88,108,108,108,108,108,140,67,67,18,117,117,220,220,237,1236,771,782,794,819,819,819,843,181,198,198,225,225,225,225],"floor_reached":51,"playtime":2318,"items_purged":["Doubt","Strike_B","Normality","Normality"],"score":827,"play_id":"e61dbb5e-a00b-4f24-9b2a-f7de9165ea49","local_time":"20190519003341","is_ascension_mode":false,"campfire_choices":[{"data":"Zap","floor":7.0,"key":"SMITH"},{"data":"Dualcast","floor":12.0,"key":"SMITH"},{"data":"Hologram","floor":15.0,"key":"SMITH"},{"data":"Multi-Cast","floor":23.0,"key":"SMITH"},{"data":"Consume","floor":24.0,"key":"SMITH"},{"data":"Electrodynamics","floor":25.0,"key":"SMITH"},{"data":"1","floor":32.0,"key":"LIFT"},{"floor":41,"key":"REST"},{"floor":46,"key":"REST"},{"floor":49,"key":"REST"}],"neow_cost":"TEN_PERCENT_HP_LOSS","seed_source_timestamp":6811358480650,"circlet_count":0,"master_deck":["Strike_B","Defend_B","Defend_B","Defend_B","Defend_B","Zap+1","Dualcast+1","Cold Snap","Steam","Leap","Ball Lightning","Hologram+1","Multi-Cast+1","Electrodynamics+1","Consume+1","Rebound","Leap","Conserve Battery","Thunder Strike","Ball Lightning","Cold Snap","Turbo+1","Capacitor","Shame","Hologram+1","Meteor Strike","Compile Driver+1","Master of Strategy+1","Capacitor","Capacitor","Consume+1","Rainbow+1","Ball Lightning","Streamline+1","Rainbow+1","Secret Weapon+1","Chrysalis+1","Madness+1"],"special_seed":0,"relics":["Cracked Core","Pear","Calipers","Blue Candle","WingedGreaves","Strawberry","Snecko Eye","Anchor","Toxic Egg 2","Girya","Lantern","Sozu","Bag of Preparation","Boot","Potion Belt","Blood Vial","Sundial","Frozen Egg 2"],"potions_floor_usage":[40,50],"damage_taken":[{"damage":1.0,"enemies":"Cultist","floor":1.0,"turns":3.0},{"damage":0.0,"enemies":"2 Louse","floor":2.0,"turns":2.0},{"damage":23.0,"enemies":"3 Sentries","floor":6.0,"turns":12.0},{"damage":4.0,"enemies":"Gremlin Nob","floor":8.0,"turns":3.0},{"damage":3.0,"enemies":"Small Slimes","floor":11.0,"turns":2.0},{"damage":0.0,"enemies":"Looter","floor":13.0,"turns":2.0},{"damage":0.0,"enemies":"Blue Slaver","floor":14.0,"turns":3.0},{"damage":6.0,"enemies":"The Guardian","floor":16.0,"turns":11.0},{"damage":3.0,"enemies":"3 Byrds","floor":18.0,"turns":3.0},{"damage":0.0,"enemies":"Chosen","floor":22.0,"turns":3.0},{"damage":21.0,"enemies":"Book of Stabbing","floor":27.0,"turns":5.0},{"damage":46.0,"enemies":"Automaton","floor":33.0,"turns":9.0},{"damage":0.0,"enemies":"3 Shapes","floor":35.0,"turns":2.0},{"damage":1.0,"enemies":"Orb Walker","floor":38.0,"turns":1.0},{"damage":1.0,"enemies":"4 Shapes","floor":39.0,"turns":5.0},{"damage":72,"enemies":"Reptomancer","floor":40,"turns":4},{"damage":0,"enemies":"Jaw Worm Horde","floor":45,"turns":2},{"damage":1,"enemies":"Giant Head","floor":47,"turns":5},{"damage":55,"enemies":"Time Eater","floor":50,"turns":10}],"seed_played":"-6259103510333607889","potions_obtained":[{"floor":1.0,"key":"FearPotion"},{"floor":11.0,"key":"SteroidPotion"},{"floor":13.0,"key":"Fire Potion"},{"floor":14.0,"key":"EssenceOfSteel"},{"floor":16.0,"key":"Fire Potion"},{"floor":33.0,"key":"PowerPotion"}],"is_trial":false,"path_per_floor":["M","M","?","?","$","E","R","E","T","?","M","R","M","M","R","B",null,"M","?","?","$","M","R","R","R","T","E","$","?","$","?","R","B",null,"M","?","$","M","M","E","R","?","T","$","M","R","E","?","R","B",null],"character_chosen":"DEFECT","items_purchased":["Calipers","Leap","Ball Lightning","Hologram","Capacitor","Hologram+1","Bag of Preparation","Master of Strategy+1","Rainbow+1","Blood Vial","Sundial","Ball Lightning"],"campfire_rested":3,"item_purchase_floors":[5,5,5,5,28,30,37,37,44,44,44,44],"current_hp_per_floor":[67,67,65,65,65,42,42,38,45,45,42,42,42,42,42,36,85,82,82,82,82,82,82,82,82,82,61,61,61,61,61,61,15,85,85,85,85,84,83,11,36,36,36,36,38,63,64,54,79,26],"gold":225,"neow_bonus":"TWO_FIFTY_GOLD","is_prod":false,"is_daily":false,"chose_seed":false,"campfire_upgraded":6,"win_rate":0,"timestamp":1558247621,"path_taken":["M","?","?","?","$","E","R","E","T","?","?","R","M","M","R","BOSS","M","?","?","$","M","R","R","R","T","E","$","?","$","?","R","BOSS","M","?","$","M","M","E","R","?","T","$","M","R","E","?","R","BOSS"],"build_version":"2019-01-23","purchased_purges":4,"victory":true,"max_hp_per_floor":[68,68,78,78,78,78,78,78,85,85,85,85,85,85,85,85,85,85,85,85,85,85,85,85,85,85,85,85,85,85,85,85,85,85,85,85,85,85,85,85,85,85,85,85,85,85,85,85,85,85],"card_choices":[{"not_picked":["Lockon","Streamline"],"picked":"Cold Snap","floor":1.0},{"not_picked":["Static Discharge","Streamline"],"picked":"Steam","floor":2.0},{"not_picked":["Sunder","Loop"],"picked":"Multi-Cast","floor":6.0},{"not_picked":["Fission","BootSequence"],"picked":"Electrodynamics","floor":8.0},{"not_picked":["Sweeping Beam","Go for the Eyes"],"picked":"Rebound","floor":11.0},{"not_picked":["Rip and Tear","Streamline"],"picked":"Leap","floor":13.0},{"not_picked":["Streamline","Consume"],"picked":"Conserve Battery","floor":14.0},{"not_picked":["Core Surge","Hyperbeam"],"picked":"Thunder Strike","floor":16.0},{"not_picked":["Beam Cell+1","Leap"],"picked":"Ball Lightning","floor":18.0},{"not_picked":["Sweeping Beam","Rebound"],"picked":"Cold Snap","floor":22.0},{"not_picked":["Compile Driver","Redo+1"],"picked":"Turbo+1","floor":27.0},{"not_picked":["Core Surge","Creative AI"],"picked":"Meteor Strike","floor":33.0},{"not_picked":["Redo+1","Cold Snap"],"picked":"Compile Driver+1","floor":35.0},{"not_picked":["Rebound+1","Scrape"],"picked":"Capacitor","floor":38.0},{"not_picked":["Rebound+1","Lockon+1"],"picked":"Capacitor","floor":39.0},{"not_picked":["Melter","Stack+1"],"picked":"Consume+1","floor":40},{"not_picked":["Aggregate+1","Gash+1"],"picked":"Streamline+1","floor":45},{"not_picked":["Skim+1","Barrage+1"],"picked":"Rainbow+1","floor":47},{"not_picked":["Madness+1","PanicButton+1"],"picked":"Secret Weapon+1","floor":48},{"not_picked":["Trip+1","Secret Weapon+1"],"picked":"Chrysalis+1","floor":48},{"not_picked":["Violence+1","Blind+1"],"picked":"Madness+1","floor":48}],"player_experience":1442184,"relics_obtained":[{"floor":6.0,"key":"Blue Candle"},{"floor":8.0,"key":"WingedGreaves"},{"floor":9.0,"key":"Strawberry"},{"floor":26.0,"key":"Toxic Egg 2"},{"floor":27.0,"key":"Girya"},{"floor":40,"key":"Boot"},{"floor":43,"key":"Potion Belt"},{"floor":47,"key":"Frozen Egg 2"}],"event_choices":[{"damage_healed":0.0,"max_hp_gain":0.0,"max_hp_loss":0.0,"gold_gain":0.0,"event_name":"Scrap Ooze","player_choice":"Success","floor":3.0,"gold_loss":0.0,"damage_taken":12.0,"relics_obtained":["Pear"]},{"damage_healed":0.0,"max_hp_gain":0.0,"max_hp_loss":0.0,"gold_gain":175.0,"event_name":"Liars Game","player_choice":"AGREE","floor":4.0,"gold_loss":0.0,"damage_taken":0.0,"cards_obtained":["Doubt"]},{"damage_healed":0.0,"max_hp_gain":0.0,"max_hp_loss":0.0,"gold_gain":0.0,"cards_transformed":["Strike_B"],"event_name":"Transmorgrifier","player_choice":"Transformed","floor":10.0,"gold_loss":0.0,"damage_taken":0.0,"cards_obtained":["Consume"]},{"cards_removed":["Strike_B"],"damage_healed":0.0,"max_hp_gain":0.0,"max_hp_loss":0.0,"gold_gain":0.0,"event_name":"Beggar","player_choice":"Gave Gold","floor":19.0,"gold_loss":75.0,"damage_taken":0.0},{"damage_healed":0.0,"max_hp_gain":0.0,"max_hp_loss":0.0,"gold_gain":0.0,"event_name":"The Mausoleum","player_choice":"Opened","floor":20.0,"gold_loss":0.0,"damage_taken":0.0,"relics_obtained":["Anchor"]},{"damage_healed":0.0,"max_hp_gain":0.0,"max_hp_loss":0.0,"gold_gain":0.0,"event_name":"Addict","player_choice":"Stole Relic","floor":29.0,"gold_loss":0.0,"damage_taken":0.0,"relics_obtained":["Lantern"],"cards_obtained":["Shame"]},{"damage_healed":0.0,"max_hp_gain":0.0,"max_hp_loss":0.0,"gold_gain":99.0,"event_name":"Nest","player_choice":"Stole From Cult","floor":31.0,"gold_loss":0.0,"damage_taken":0.0},{"damage_healed":0.0,"max_hp_gain":0.0,"max_hp_loss":0.0,"gold_gain":999.0,"event_name":"MindBloom","player_choice":"Gold","floor":36.0,"gold_loss":0.0,"damage_taken":0.0,"cards_obtained":["Normality","Normality"]},{"damage_healed":0,"gold_gain":0,"player_choice":"Ignored","damage_taken":0,"max_hp_gain":0,"max_hp_loss":0,"event_name":"Tomb of Lord Red Mask","floor":42,"gold_loss":0},{"damage_healed":0,"gold_gain":0,"player_choice":"Memory 3","damage_taken":10,"max_hp_gain":0,"max_hp_loss":0,"event_name":"SensoryStone","floor":48,"gold_loss":0}],"is_beta":false,"boss_relics":[{"not_picked":["Calling Bell","Orrery"],"picked":"Snecko Eye"},{"not_picked":["FrozenCore","Runic Pyramid"],"picked":"Sozu"}],"items_purged_floors":[5,21,37,44],"is_endless":false,"potions_floor_spawned":[1,11,13,14,16,33,40,47],"ascension_level":0}