{"gold_per_floor":[118,137,154,229,249,249,261,261,316,316,286,286,303,323,323,323],"floor_reached":16,"playtime":1775,"items_purged":[],"score":127,"play_id":"5aadbc44-55dd-4ce6-8f1e-bcb341595896","local_time":"20190624181710","is_ascension_mode":true,"campfire_choices":[{"data":"Burst","floor":6,"key":"SMITH"},{"floor":8,"key":"REST"},{"data":"Prepared","floor":15,"key":"SMITH"}],"neow_cost":"NONE","seed_source_timestamp":6025546973769683,"circlet_count":0,"master_deck":["Defend_G","Defend_G","Defend_G","Defend_G","Defend_G","Strike_G","Strike_G","Strike_G","Strike_G","Survivor","Neutralize","Cloak And Dagger","Prepared+1","Burst+1","Calculated Gamble","Underhanded Strike","Tactician+1","Backflip+1"],"relics":["Ring of the Snake","Tiny Chest","Toxic Egg 2","Pantograph"],"potions_floor_usage":[16,16],"damage_taken":[{"damage":0,"enemies":"Cultist","floor":1,"turns":6},{"damage":1,"enemies":"Small Slimes","floor":2,"turns":4},{"damage":2,"enemies":"Jaw Worm","floor":3,"turns":7},{"damage":20,"enemies":"Lots of Slimes","floor":5,"turns":10},{"damage":12,"enemies":"Exordium Wildlife","floor":7,"turns":13},{"damage":0,"enemies":"Looter","floor":11,"turns":4},{"damage":13,"enemies":"Large Slime","floor":13,"turns":13},{"damage":1,"enemies":"Gremlin Gang","floor":14,"turns":5},{"damage":71,"enemies":"Slime Boss","floor":16,"turns":13}],"seed_played":"-5758301201852507790","potions_obtained":[{"floor":1,"key":"Regen Potion"},{"floor":5,"key":"Ancient Potion"}],"is_trial":false,"path_per_floor":["M","M","M","?","M","R","M","R","T","T","M","T","M","M","R","B"],"character_chosen":"THE_SILENT","items_purchased":[],"campfire_rested":1,"item_purchase_floors":[],"current_hp_per_floor":[63,62,60,53,33,33,21,42,42,42,42,42,29,28,28,0],"gold":323,"neow_bonus":"REMOVE_CARD","is_prod":false,"is_daily":false,"chose_seed":false,"campfire_upgraded":2,"win_rate":0,"timestamp":1561418230,"path_taken":["M","?","M","?","?","R","M","R","T","?","?","?","M","M","R","BOSS"],"build_version":"2019-01-23","purchased_purges":0,"victory":false,"max_hp_per_floor":[70,70,70,70,70,70,70,70,70,70,70,70,70,70,70,70],"card_choices":[{"not_picked":["Endless Agony","Dodge and Roll"],"picked":"Cloak And Dagger","floor":1},{"not_picked":["Dagger Spray","Slice"],"picked":"Prepared","floor":2},{"not_picked":["Riddle With Holes","Finisher","Dagger Spray"],"picked":"SKIP","floor":3},{"not_picked":["Setup","Dodge and Roll"],"picked":"Burst","floor":5},{"not_picked":["Slice","Sucker Punch"],"picked":"Calculated Gamble","floor":7},{"not_picked":["Slice","Finisher"],"picked":"Underhanded Strike","floor":11},{"not_picked":["Slice","Flying Knee"],"picked":"Tactician+1","floor":13},{"not_picked":["Deadly Poison+1","Sucker Punch"],"picked":"Backflip+1","floor":14}],"player_experience":174505,"relics_obtained":[{"floor":9,"key":"Tiny Chest"},{"floor":10,"key":"Toxic Egg 2"},{"floor":12,"key":"Pantograph"}],"event_choices":[{"damage_healed":0,"gold_gain":75,"player_choice":"Touch","damage_taken":7,"max_hp_gain":0,"max_hp_loss":0,"event_name":"FaceTrader","floor":4,"gold_loss":0}],"is_beta":false,"boss_relics":[],"items_purged_floors":[],"is_endless":false,"potions_floor_spawned":[1,5],"killed_by":"Slime Boss","ascension_level":7}