{"gold_per_floor":[110,123,123,123,139,164,184,219,219,232,202,215,215,228,228,304,304,287,86,96,96,113,113,132,132,157,187,187,187,206,121,121,195,195,214,214,314,143,143,143,171,184,211,0,16,16,36,47,47,47],"floor_reached":51,"playtime":2975,"items_purged":["Perfected Strike"],"score":1204,"play_id":"a1d7c043-4d25-498f-a7cf-ede6859f1773","local_time":"20190622015617","is_ascension_mode":true,"campfire_choices":[{"floor":13,"key":"REST"},{"data":"Disarm","floor":15,"key":"SMITH"},{"data":"Entrench","floor":23,"key":"SMITH"},{"data":"Battle Trance","floor":25,"key":"SMITH"},{"data":"True Grit","floor":29,"key":"SMITH"},{"floor":32,"key":"REST"},{"floor":40,"key":"REST"},{"data":"Offering","floor":49,"key":"SMITH"}],"neow_cost":"NONE","seed_source_timestamp":10396659406524,"circlet_count":0,"master_deck":["AscendersBane","Strike_R","Strike_R","Strike_R","Strike_R","Defend_R","Defend_R+1","Defend_R","Defend_R","Bash","Body Slam+1","Iron Wave","Shrug It Off+1","Disarm+1","Intimidate","Offering+1","Metallicize+1","Battle Trance+1","Barricade+1","Cleave","Headbutt","Entrench+1","True Grit+1","Flame Barrier+1","Madness","Madness","Headbutt","Metallicize+1","Seeing Red"],"relics":["Burning Blood","Art of War","Strawberry","Frozen Egg 2","Philosopher\u0027s Stone","Oddly Smooth Stone","War Paint","Singing Bowl","Lantern","Centennial Puzzle","Runic Pyramid","Turnip","Pen Nib","Dream Catcher","Red Mask"],"potions_floor_usage":[10,12,16,20,24,35,50,50],"damage_taken":[{"damage":1,"enemies":"Cultist","floor":1,"turns":4},{"damage":16,"enemies":"Jaw Worm","floor":2,"turns":4},{"damage":7,"enemies":"2 Louse","floor":5,"turns":2},{"damage":28,"enemies":"Gremlin Nob","floor":6,"turns":5},{"damage":10,"enemies":"Red Slaver","floor":7,"turns":5},{"damage":26,"enemies":"Lagavulin","floor":8,"turns":7},{"damage":20,"enemies":"Large Slime","floor":10,"turns":5},{"damage":2,"enemies":"Looter","floor":12,"turns":3},{"damage":6,"enemies":"2 Fungi Beasts","floor":14,"turns":4},{"damage":12,"enemies":"The Guardian","floor":16,"turns":16},{"damage":19,"enemies":"2 Thieves","floor":18,"turns":4},{"damage":13,"enemies":"Chosen","floor":20,"turns":4},{"damage":10,"enemies":"Shelled Parasite and Fungi","floor":22,"turns":8},{"damage":10,"enemies":"Chosen and Byrds","floor":24,"turns":5},{"damage":35,"enemies":"Gremlin Leader","floor":27,"turns":6},{"damage":17,"enemies":"Snake Plant","floor":30,"turns":6},{"damage":31,"enemies":"Collector","floor":33,"turns":10},{"damage":6,"enemies":"3 Darklings","floor":35,"turns":9},{"damage":25,"enemies":"Mind Bloom Boss Battle","floor":37,"turns":6},{"damage":11,"enemies":"Reptomancer","floor":41,"turns":7},{"damage":6,"enemies":"3 Shapes","floor":42,"turns":4},{"damage":13,"enemies":"3 Darklings","floor":45,"turns":7},{"damage":6,"enemies":"Sphere and 2 Shapes","floor":47,"turns":6},{"damage":0,"enemies":"Maw","floor":48,"turns":6},{"damage":27,"enemies":"Donu and Deca","floor":50,"turns":8}],"seed_played":"-5806065204999600756","potions_obtained":[{"floor":1,"key":"Explosive Potion"},{"floor":2,"key":"Swift Potion"},{"floor":8,"key":"SkillPotion"},{"floor":12,"key":"Fire Potion"},{"floor":18,"key":"Ancient Potion"},{"floor":20,"key":"LiquidBronze"},{"floor":27,"key":"SpeedPotion"},{"floor":30,"key":"Fire Potion"},{"floor":37,"key":"Fire Potion"}],"is_trial":false,"path_per_floor":["M","M","?","?","M","E","M","E","T","M","?","M","R","M","R","B",null,"M","$","M","?","M","R","M","R","T","E","?","R","M","?","R","B",null,"M","?","?","$","?","R","E","M","T","?","M","?","M","M","R","B",null],"character_chosen":"IRONCLAD","items_purchased":["Oddly Smooth Stone","Cleave","Block Potion","Headbutt"],"campfire_rested":3,"item_purchase_floors":[19,19,38,38],"current_hp_per_floor":[77,67,67,67,66,44,40,27,27,13,13,17,43,43,43,37,75,62,62,55,55,51,51,47,47,47,18,18,18,7,7,33,10,69,71,60,43,43,43,70,67,69,69,69,62,62,62,70,70,49],"gold":47,"neow_bonus":"THREE_CARDS","is_prod":false,"is_daily":false,"chose_seed":false,"campfire_upgraded":5,"win_rate":0,"timestamp":1561139777,"path_taken":["M","?","?","?","?","E","M","E","T","M","?","M","R","M","R","BOSS","M","$","M","?","M","R","M","R","T","E","?","R","?","?","R","BOSS","M","?","?","$","?","R","E","?","T","?","M","?","M","M","R","BOSS"],"build_version":"2019-01-23","purchased_purges":1,"victory":true,"max_hp_per_floor":[80,80,80,80,80,80,80,87,87,87,87,87,87,87,87,87,87,87,87,87,87,87,87,87,87,87,87,87,87,87,87,87,89,89,91,91,93,93,93,93,95,97,97,97,97,97,97,99,99,99],"card_choices":[{"not_picked":["Pummel","Iron Wave"],"picked":"Body Slam","floor":0},{"not_picked":["Disarm","Thunderclap"],"picked":"Iron Wave","floor":1},{"not_picked":["Spot Weakness","Twin Strike"],"picked":"Shrug It Off","floor":2},{"not_picked":["Exhume","Fire Breathing"],"picked":"Perfected Strike","floor":5},{"not_picked":["Headbutt","Twin Strike"],"picked":"Disarm","floor":6},{"not_picked":["Bloodletting","Combust"],"picked":"Intimidate","floor":7},{"not_picked":["Twin Strike","Headbutt"],"picked":"Offering","floor":8},{"not_picked":["Sword Boomerang","Feel No Pain+1","Warcry"],"picked":"SKIP","floor":10},{"not_picked":["Anger","True Grit"],"picked":"Metallicize+1","floor":12},{"not_picked":["Headbutt","Pummel"],"picked":"Battle Trance","floor":14},{"not_picked":["Feed","Dark Embrace+1"],"picked":"Barricade+1","floor":16},{"not_picked":["Pommel Strike","Flex"],"picked":"Shrug It Off","floor":18},{"not_picked":["Whirlwind","Anger"],"picked":"Headbutt","floor":20},{"not_picked":["Perfected Strike","Fire Breathing+1","Evolve+1"],"picked":"SKIP","floor":22},{"not_picked":["Sever Soul","Anger","Wild Strike"],"picked":"SKIP","floor":24},{"not_picked":["Blood for Blood","Demon Form+1"],"picked":"True Grit","floor":27},{"not_picked":["Perfected Strike","Dual Wield"],"picked":"Flame Barrier","floor":30},{"not_picked":["Demon Form+1","Berserk+1","Double Tap"],"picked":"Singing Bowl","floor":33},{"not_picked":["Headbutt","Dropkick+1","Clothesline"],"picked":"Singing Bowl","floor":35},{"not_picked":["Clash","Twin Strike+1","Rupture+1"],"picked":"Singing Bowl","floor":37},{"not_picked":["Iron Wave","Clash","Rampage+1"],"picked":"Singing Bowl","floor":41},{"not_picked":["Warcry","Dark Embrace+1","Clash"],"picked":"Singing Bowl","floor":42},{"not_picked":["Pummel","Perfected Strike"],"picked":"Metallicize+1","floor":45},{"not_picked":["Flex","Warcry"],"picked":"Seeing Red","floor":47},{"not_picked":["Carnage","Flex+1","Twin Strike"],"picked":"Singing Bowl","floor":48}],"player_experience":543902,"relics_obtained":[{"floor":6,"key":"Art of War"},{"floor":8,"key":"Strawberry"},{"floor":9,"key":"Frozen Egg 2"},{"floor":26,"key":"War Paint"},{"floor":27,"key":"Singing Bowl"},{"floor":37,"key":"Turnip"},{"floor":41,"key":"Pen Nib"},{"floor":43,"key":"Dream Catcher"}],"event_choices":[{"damage_healed":0,"gold_gain":0,"player_choice":"Grow","damage_taken":0,"max_hp_gain":0,"max_hp_loss":0,"event_name":"Living Wall","floor":3,"gold_loss":0,"cards_upgraded":["Body Slam"]},{"cards_removed":["Strike_R"],"damage_healed":0,"gold_gain":0,"player_choice":"Purged","damage_taken":0,"max_hp_gain":0,"max_hp_loss":0,"event_name":"Purifier","floor":4,"gold_loss":0},{"damage_healed":0,"gold_gain":0,"player_choice":"Left Gold","damage_taken":0,"max_hp_gain":0,"max_hp_loss":0,"event_name":"World of Goop","floor":11,"gold_loss":30},{"damage_healed":0,"gold_gain":0,"player_choice":"Read","damage_taken":0,"max_hp_gain":0,"max_hp_loss":0,"event_name":"The Library","floor":21,"gold_loss":0,"cards_obtained":["Entrench"]},{"damage_healed":0,"gold_gain":0,"player_choice":"Gave Potion","damage_taken":0,"relics_obtained":["Lantern"],"max_hp_gain":0,"max_hp_loss":0,"event_name":"WeMeetAgain","floor":28,"gold_loss":0},{"damage_healed":0,"gold_gain":0,"player_choice":"Obtained Relic","damage_taken":0,"relics_obtained":["Centennial Puzzle"],"max_hp_gain":0,"max_hp_loss":0,"event_name":"Addict","floor":31,"gold_loss":85},{"damage_healed":0,"gold_gain":0,"player_choice":"Embrace Madness","damage_taken":11,"max_hp_gain":0,"max_hp_loss":0,"event_name":"Winding Halls","floor":36,"gold_loss":0,"cards_obtained":["Madness","Madness"]},{"damage_healed":0,"gold_gain":0,"player_choice":"Fight","damage_taken":0,"max_hp_gain":0,"max_hp_loss":0,"event_name":"MindBloom","floor":37,"gold_loss":0},{"damage_healed":0,"gold_gain":0,"player_choice":"Forge","damage_taken":0,"max_hp_gain":0,"max_hp_loss":0,"event_name":"Accursed Blacksmith","floor":39,"gold_loss":0,"cards_upgraded":["Flame Barrier"]},{"damage_healed":0,"gold_gain":0,"player_choice":"Paid","damage_taken":0,"relics_obtained":["Red Mask"],"max_hp_gain":0,"max_hp_loss":0,"event_name":"Tomb of Lord Red Mask","floor":44,"gold_loss":211},{"cards_removed":["Shrug It Off"],"damage_healed":0,"gold_gain":0,"player_choice":"Removed Skill","damage_taken":0,"max_hp_gain":0,"max_hp_loss":0,"event_name":"Falling","floor":46,"gold_loss":0}],"is_beta":false,"boss_relics":[{"not_picked":["Fusion Hammer","Astrolabe"],"picked":"Philosopher\u0027s Stone"},{"not_picked":["White Beast Statue","Coffee Dripper"],"picked":"Runic Pyramid"}],"items_purged_floors":[38],"is_endless":false,"potions_floor_spawned":[1,2,6,8,12,18,20,27,30,37,47,48],"ascension_level":13}