{"gold_per_floor":[118,132,132,132,207,207,219,219,219,219,219],"floor_reached":11,"playtime":309,"items_purged":[],"score":61,"play_id":"f0d03899-4edc-4066-ba65-ac30939fff23","local_time":"20190518233056","is_ascension_mode":false,"campfire_choices":[{"floor":6,"key":"REST"}],"neow_cost":"NONE","seed_source_timestamp":5146872758249,"circlet_count":0,"master_deck":["Strike_B","Strike_B","Strike_B","Defend_B","Defend_B","Defend_B","Defend_B","Zap","Dualcast","Compile Driver","Chaos","Fusion"],"relics":["Black Star","Bronze Scales","Happy Flower","Mummified Hand","Nunchaku"],"potions_floor_usage":[],"damage_taken":[{"damage":7,"enemies":"Jaw Worm","floor":1,"turns":4},{"damage":6,"enemies":"2 Louse","floor":2,"turns":3},{"damage":0,"enemies":"Small Slimes","floor":7,"turns":3},{"damage":34,"enemies":"3 Sentries","floor":11,"turns":5}],"seed_played":"1319255671741573833","potions_obtained":[],"is_trial":false,"path_per_floor":["M","M","?","?","?","R","M","T","T","T","E"],"character_chosen":"DEFECT","items_purchased":[],"campfire_rested":1,"item_purchase_floors":[],"current_hp_per_floor":[68,62,29,22,11,33,33,33,33,33,0],"gold":219,"neow_bonus":"BOSS_RELIC","is_prod":false,"is_daily":false,"chose_seed":false,"campfire_upgraded":0,"win_rate":0,"timestamp":1558243856,"path_taken":["M","M","?","?","?","R","M","?","T","?","E"],"build_version":"2019-01-23","purchased_purges":0,"victory":false,"max_hp_per_floor":[75,75,75,75,75,75,75,75,75,75,75],"card_choices":[{"not_picked":["Beam Cell","Barrage"],"picked":"Compile Driver","floor":1},{"not_picked":["Go for the Eyes","Ball Lightning"],"picked":"Chaos","floor":2},{"not_picked":["Barrage","Go for the Eyes"],"picked":"Fusion","floor":7}],"player_experience":1440572,"relics_obtained":[{"floor":8,"key":"Happy Flower"},{"floor":9,"key":"Mummified Hand"},{"floor":10,"key":"Nunchaku"}],"event_choices":[{"damage_healed":0,"gold_gain":0,"player_choice":"Success","damage_taken":33,"relics_obtained":["Bronze Scales"],"max_hp_gain":0,"max_hp_loss":0,"event_name":"Scrap Ooze","floor":3,"gold_loss":0},{"cards_removed":["Strike_B"],"damage_healed":0,"gold_gain":0,"player_choice":"Card Removal","damage_taken":7,"max_hp_gain":0,"max_hp_loss":0,"event_name":"Golden Wing","floor":4,"gold_loss":0},{"damage_healed":0,"gold_gain":75,"player_choice":"Gather Gold","damage_taken":11,"max_hp_gain":0,"max_hp_loss":0,"event_name":"World of Goop","floor":5,"gold_loss":0}],"is_beta":false,"boss_relics":[],"items_purged_floors":[],"is_endless":false,"potions_floor_spawned":[],"killed_by":"3 Sentries","ascension_level":0}