{"gold_per_floor":[209,209,227,227,8,8,24,24,102,131,143,57,57,75,75,175,175,193,193],"floor_reached":19,"playtime":1149,"items_purged":[],"score":192,"play_id":"34a2b90d-c749-49b9-99f8-7180646f2b6b","local_time":"20181111114718","is_ascension_mode":true,"campfire_choices":[{"data":"Envenom","floor":6,"key":"SMITH"},{"data":"Cloak And Dagger","floor":8,"key":"SMITH"},{"floor":13,"key":"REST"},{"floor":15,"key":"REST"}],"neow_cost":"NONE","seed_source_timestamp":1972487368515286,"circlet_count":0,"master_deck":["Defend_G","Defend_G","Defend_G","Defend_G","Defend_G","Strike_G","Strike_G","Strike_G","Survivor","Neutralize","Cloak And Dagger+1","Endless Agony","Envenom+1","Glass Knife","Leg Sweep","A Thousand Cuts","All Out Attack","Footwork","Dodge and Roll","Backflip","Adrenaline","Backstab"],"relics":["Ring of the Snake","Tiny Chest","Dead Branch","Empty Cage"],"potions_floor_usage":[18,19],"damage_taken":[{"damage":0,"enemies":"Small Slimes","floor":1,"turns":4},{"damage":0,"enemies":"Cultist","floor":3,"turns":5},{"damage":0,"enemies":"Jaw Worm","floor":7,"turns":3},{"damage":41,"enemies":"Gremlin Nob","floor":10,"turns":5},{"damage":22,"enemies":"Gremlin Gang","floor":11,"turns":4},{"damage":2,"enemies":"2 Fungi Beasts","floor":14,"turns":4},{"damage":9,"enemies":"Slime Boss","floor":16,"turns":8},{"damage":1,"enemies":"3 Byrds","floor":18,"turns":4},{"damage":18,"enemies":"Colosseum Slavers","floor":19,"turns":5},{"damage":63,"enemies":"Colosseum Nobs","floor":19,"turns":4}],"seed_played":"2312057370813132644","potions_obtained":[{"floor":10,"key":"Weak Potion"},{"floor":16,"key":"AttackPotion"}],"is_trial":false,"path_per_floor":["M","?","M","?","$","R","M","R","T","E","M","$","R","M","R","B",null,"M","?"],"character_chosen":"THE_SILENT","items_purchased":["Envenom","Glass Knife","Footwork","Dodge and Roll"],"campfire_rested":2,"item_purchase_floors":[5,5,12,12],"current_hp_per_floor":[70,70,70,70,70,70,70,70,70,29,7,7,28,26,47,38,70,69,0],"gold":193,"neow_bonus":"HUNDRED_GOLD","is_prod":false,"is_daily":false,"chose_seed":false,"campfire_upgraded":2,"win_rate":0,"timestamp":1541954838,"path_taken":["M","?","M","?","$","R","M","R","T","E","M","$","R","M","R","BOSS","M","?"],"build_version":"2018-11-08","purchased_purges":0,"victory":false,"max_hp_per_floor":[70,70,70,70,70,70,70,70,70,70,70,70,70,70,70,70,70,70,70],"card_choices":[{"not_picked":["Slice","Eviscerate"],"picked":"Cloak And Dagger","floor":1},{"not_picked":["Underhanded Strike","Deflect"],"picked":"Endless Agony","floor":3},{"not_picked":["Bane","Backflip"],"picked":"Leg Sweep","floor":7},{"not_picked":["Predator","Prepared"],"picked":"A Thousand Cuts","floor":10},{"not_picked":["Poisoned Stab","Acrobatics"],"picked":"All Out Attack","floor":11},{"not_picked":["Quick Slash","Concentrate"],"picked":"Backflip","floor":14},{"not_picked":["Storm of Steel","Doppelganger"],"picked":"Adrenaline","floor":16},{"not_picked":["Quick Slash+1","Sucker Punch"],"picked":"Backstab","floor":18}],"player_experience":1115131,"relics_obtained":[{"floor":9,"key":"Tiny Chest"},{"floor":10,"key":"Dead Branch"}],"event_choices":[{"damage_healed":0,"gold_gain":0,"player_choice":"Leave","damage_taken":0,"max_hp_gain":0,"max_hp_loss":0,"event_name":"The Cleric","floor":2,"gold_loss":0},{"damage_healed":0,"gold_gain":0,"player_choice":"Ignored","damage_taken":0,"max_hp_gain":0,"max_hp_loss":0,"event_name":"Golden Wing","floor":4,"gold_loss":0},{"damage_healed":0,"gold_gain":0,"player_choice":"Fight","damage_taken":0,"max_hp_gain":0,"max_hp_loss":0,"event_name":"Colosseum","floor":19,"gold_loss":0},{"damage_healed":0,"gold_gain":0,"player_choice":"Fought Nobs","damage_taken":0,"max_hp_gain":0,"max_hp_loss":0,"event_name":"Colosseum","floor":19,"gold_loss":0}],"is_beta":false,"boss_relics":[{"not_picked":["White Beast Statue","Calling Bell"],"picked":"Empty Cage"}],"items_purged_floors":[],"is_endless":false,"potions_floor_spawned":[10,16,19],"killed_by":"Colosseum Nobs","ascension_level":3}