{"gold_per_floor":[111,124,124,124,137,137,195,208,234,257,257,268,283,302,302,381,381,396,406,418,418,418,418,201,216,240,253,102,116,134,149,149,149],"floor_reached":33,"playtime":915,"items_purged":[],"score":434,"play_id":"866b96f0-8ba5-4a37-a3e3-f1eee41ec56e","local_time":"20190624022437","is_ascension_mode":true,"campfire_choices":[{"data":"Cleave","floor":6.0,"key":"SMITH"},{"floor":15,"key":"REST"},{"floor":23,"key":"REST"},{"floor":32,"key":"REST"}],"neow_cost":"NONE","seed_source_timestamp":0,"circlet_count":0,"master_deck":["AscendersBane","Strike_R","Strike_R","Strike_R","Strike_R","Defend_R","Defend_R","Defend_R","Defend_R","Bash","Cleave+1","Thunderclap","Double Tap","Iron Wave","Perfected Strike+1","Perfected Strike","Immolate","Pommel Strike","Hemokinesis","Sentinel","Whirlwind","Shrug It Off+1","True Grit+1"],"special_seed":0,"relics":["Burning Blood","Tiny Chest","Smiling Mask","Odd Mushroom","Busted Crown","Darkstone Periapt","Red Skull","PreservedInsect","Oddly Smooth Stone"],"potions_floor_usage":[16,19,19,30,33],"damage_taken":[{"damage":9.0,"enemies":"Jaw Worm","floor":1.0,"turns":5.0},{"damage":0.0,"enemies":"2 Louse","floor":2.0,"turns":3.0},{"damage":6.0,"enemies":"Cultist","floor":5.0,"turns":4.0},{"damage":56.0,"enemies":"Lagavulin","floor":7.0,"turns":7.0},{"damage":0.0,"enemies":"Large Slime","floor":8.0,"turns":5.0},{"damage":0.0,"enemies":"The Mushroom Lair","floor":10.0,"turns":2.0},{"damage":8.0,"enemies":"3 Louse","floor":12.0,"turns":2.0},{"damage":20,"enemies":"Lots of Slimes","floor":13,"turns":2},{"damage":0,"enemies":"Gremlin Gang","floor":14,"turns":2},{"damage":36,"enemies":"Slime Boss","floor":16,"turns":7},{"damage":15,"enemies":"3 Byrds","floor":18,"turns":4},{"damage":12,"enemies":"Chosen","floor":19,"turns":3},{"damage":27,"enemies":"Snake Plant","floor":20,"turns":2},{"damage":13,"enemies":"Centurion and Healer","floor":25,"turns":4},{"damage":14,"enemies":"Cultist and Chosen","floor":27,"turns":6},{"damage":24,"enemies":"Snake Plant","floor":29,"turns":2},{"damage":12,"enemies":"Shelled Parasite and Fungi","floor":30,"turns":3},{"damage":10,"enemies":"3 Cultists","floor":31,"turns":4},{"damage":71,"enemies":"Automaton","floor":33,"turns":6}],"seed_played":"-3639948367153841893","potions_obtained":[{"floor":8.0,"key":"Strength Potion"},{"floor":12.0,"key":"PowerPotion"},{"floor":13,"key":"Ancient Potion"},{"floor":14,"key":"FearPotion"},{"floor":18,"key":"BloodPotion"},{"floor":20,"key":"EssenceOfSteel"},{"floor":27,"key":"Fire Potion"},{"floor":31,"key":"SpeedPotion"}],"is_trial":false,"path_per_floor":["M","M","?","?","M","R","E","M","T","?","?","M","M","M","R","B",null,"M","M","M","?","T","R","$","M","T","M","$","M","M","M","R","B"],"character_chosen":"IRONCLAD","items_purchased":["Whirlwind","Red Skull","Oddly Smooth Stone"],"campfire_rested":3,"item_purchase_floors":[24,24,28],"current_hp_per_floor":[65,71,71,71,71,71,21,27,27,33,33,31,17,23,45,15,60,51,52,31,31,31,53,53,46,46,38,38,20,14,10,32,0],"gold":149,"neow_bonus":"THREE_CARDS","is_prod":false,"is_daily":false,"chose_seed":false,"campfire_upgraded":1,"win_rate":0,"timestamp":1561314277,"path_taken":["M","M","?","?","?","R","E","M","T","?","?","?","M","M","R","BOSS","M","M","?","?","?","R","?","M","T","M","$","M","?","M","R","BOSS"],"build_version":"2019-01-23","purchased_purges":0,"victory":false,"max_hp_per_floor":[75,75,75,75,75,75,75,75,75,75,75,75,75,75,75,75,75,75,75,75,75,75,75,75,75,75,75,75,75,75,75,75,75],"card_choices":[{"not_picked":["Fire Breathing","Warcry"],"picked":"Cleave","floor":0.0},{"not_picked":["Iron Wave","Heavy Blade"],"picked":"Thunderclap","floor":1.0},{"not_picked":["Warcry","Armaments","Pummel"],"picked":"SKIP","floor":2.0},{"not_picked":["Body Slam","Pummel","Headbutt"],"picked":"SKIP","floor":5.0},{"not_picked":["Perfected Strike","Offering"],"picked":"Double Tap","floor":7.0},{"not_picked":["Intimidate","Wild Strike"],"picked":"Iron Wave","floor":8.0},{"not_picked":["Disarm","Carnage"],"picked":"Perfected Strike","floor":10.0},{"not_picked":["Iron Wave","Clothesline","Havoc"],"picked":"SKIP","floor":12.0},{"not_picked":["Rupture","Spot Weakness"],"picked":"Perfected Strike","floor":13},{"not_picked":["Flex","Fire Breathing","Reckless Charge"],"picked":"SKIP","floor":14},{"not_picked":["Limit Break","Double Tap"],"picked":"Immolate","floor":16},{"not_picked":[],"picked":"Pommel Strike","floor":18},{"not_picked":[],"picked":"Hemokinesis","floor":19},{"not_picked":["Body Slam"],"picked":"SKIP","floor":20},{"not_picked":[],"picked":"Shrug It Off+1","floor":25},{"not_picked":["Body Slam"],"picked":"SKIP","floor":27},{"not_picked":["Heavy Blade"],"picked":"SKIP","floor":29},{"not_picked":[],"picked":"True Grit+1","floor":30},{"not_picked":["Searing Blow"],"picked":"SKIP","floor":31}],"player_experience":546877,"relics_obtained":[{"floor":7.0,"key":"Tiny Chest"},{"floor":9.0,"key":"Smiling Mask"},{"floor":10.0,"key":"Odd Mushroom"},{"floor":22,"key":"Darkstone Periapt"},{"floor":26,"key":"PreservedInsect"}],"event_choices":[{"damage_healed":0.0,"max_hp_gain":0.0,"max_hp_loss":0.0,"gold_gain":0.0,"event_name":"Golden Wing","player_choice":"Ignored","floor":3.0,"gold_loss":0.0,"damage_taken":0.0},{"cards_removed":["Strike_R"],"damage_healed":0.0,"max_hp_gain":0.0,"max_hp_loss":0.0,"gold_gain":0.0,"event_name":"Wheel of Change","player_choice":"Card Removal","floor":4.0,"gold_loss":0.0,"damage_taken":0.0},{"damage_healed":0.0,"max_hp_gain":0.0,"max_hp_loss":0.0,"gold_gain":0.0,"event_name":"Mushrooms","player_choice":"Fought Mushrooms","floor":10.0,"gold_loss":0.0,"damage_taken":0.0},{"damage_healed":0.0,"max_hp_gain":0.0,"max_hp_loss":0.0,"gold_gain":0.0,"event_name":"Accursed Blacksmith","player_choice":"Forge","floor":11.0,"gold_loss":0.0,"damage_taken":0.0,"cards_upgraded":["Perfected Strike"]},{"damage_healed":0,"gold_gain":0,"player_choice":"Read","damage_taken":0,"max_hp_gain":0,"max_hp_loss":0,"event_name":"The Library","floor":21,"gold_loss":0,"cards_obtained":["Sentinel"]}],"is_beta":false,"boss_relics":[{"not_picked":["Mark of Pain","Runic Cube"],"picked":"Busted Crown"}],"items_purged_floors":[],"is_endless":false,"potions_floor_spawned":[8,12,13,14,18,20,27,31],"killed_by":"Automaton","ascension_level":14}