{"gold_per_floor":[111,111,129,8,8,70,70,70,151,176,216,216,252,266,266,389,389,413,413,426,426,426,426,441,118,141,159,159,183,183,207,207,333,333,352,352,376,376],"floor_reached":38,"playtime":4410,"items_purged":["Strike_B"],"score":670,"play_id":"ea92bd96-6504-4dca-bef4-34132abcf1da","local_time":"20190326141005","is_ascension_mode":true,"campfire_choices":[{"data":"Zap","floor":7.0,"key":"SMITH"},{"floor":12,"key":"REST"},{"data":"Creative AI","floor":15,"key":"SMITH"},{"floor":23,"key":"REST"},{"floor":30,"key":"REST"},{"floor":32,"key":"REST"}],"neow_cost":"NONE","seed_source_timestamp":0,"circlet_count":0,"master_deck":["AscendersBane","Strike_B","Strike_B","Strike_B","Defend_B+1","Defend_B","Defend_B+1","Defend_B","Zap+1","Dualcast","FTL","Compile Driver","Cold Snap","Doom and Gloom","Self Repair","Hologram","Creative AI+1","Loop","Zap+1","Go for the Eyes","BootSequence","Reinforced Body","Echo Form","Chill","Stack","Double Energy+1","Writhe","Reinforced Body","Coolheaded","Core Surge","Hologram"],"special_seed":0,"relics":["Cracked Core","NeowsBlessing","Lantern","Tiny Chest","Golden Idol","Cables","Art of War","War Paint","Sozu","Matryoshka","DataDisk","Bronze Scales","Darkstone Periapt","Oddly Smooth Stone"],"potions_floor_usage":[11,13,16],"damage_taken":[{"damage":0.0,"enemies":"Jaw Worm","floor":1.0,"turns":1.0},{"damage":0.0,"enemies":"Small Slimes","floor":3.0,"turns":1.0},{"damage":0.0,"enemies":"3 Sentries","floor":6.0,"turns":2.0},{"damage":0.0,"enemies":"Cultist","floor":10.0,"turns":3.0},{"damage":27,"enemies":"Lagavulin","floor":11,"turns":5},{"damage":31,"enemies":"3 Sentries","floor":13,"turns":5},{"damage":0,"enemies":"2 Fungi Beasts","floor":14,"turns":2},{"damage":11,"enemies":"Hexaghost","floor":16,"turns":7},{"damage":30,"enemies":"Shell Parasite","floor":18,"turns":9},{"damage":26,"enemies":"3 Byrds","floor":20,"turns":5},{"damage":33,"enemies":"Shelled Parasite and Fungi","floor":24,"turns":6},{"damage":4,"enemies":"3 Cultists","floor":27,"turns":5},{"damage":18,"enemies":"Snecko","floor":29,"turns":4},{"damage":23,"enemies":"Shelled Parasite and Fungi","floor":31,"turns":6},{"damage":28,"enemies":"Collector","floor":33,"turns":10},{"damage":4,"enemies":"3 Shapes","floor":35,"turns":4},{"damage":32,"enemies":"3 Darklings","floor":37,"turns":6},{"damage":55,"enemies":"Transient","floor":38,"turns":5}],"seed_played":"8633049026612047900","potions_obtained":[{"floor":3.0,"key":"Regen Potion"},{"floor":10.0,"key":"FearPotion"},{"floor":11,"key":"Weak Potion"},{"floor":14,"key":"FearPotion"}],"is_trial":false,"path_per_floor":["M","?","M","$","?","E","R","?","T","M","E","R","E","M","R","B",null,"M","?","M","?","T","R","M","$","T","M","?","M","R","M","R","B",null,"M","?","M","M"],"character_chosen":"DEFECT","items_purchased":["Cold Snap","Doom and Gloom","Echo Form","Chill","Stack"],"campfire_rested":4,"item_purchase_floors":[4,4,25,25,25],"current_hp_per_floor":[68,65,65,65,65,65,65,47,47,54,34,56,46,46,46,42,67,44,44,25,25,25,47,21,21,21,24,30,12,36,20,44,23,67,77,77,52,0],"gold":376,"neow_bonus":"THREE_ENEMY_KILL","is_prod":false,"is_daily":false,"chose_seed":false,"campfire_upgraded":2,"win_rate":0,"timestamp":1553623805,"path_taken":["M","?","M","$","?","E","R","?","T","M","E","R","E","M","R","BOSS","M","?","?","?","?","R","M","$","T","?","?","M","R","M","R","BOSS","M","?","M","?"],"build_version":"2019-01-23","purchased_purges":1,"victory":false,"max_hp_per_floor":[75,75,75,75,75,75,75,75,75,75,75,75,75,75,75,75,75,75,75,75,75,75,75,75,75,75,75,81,81,81,81,81,81,81,81,81,81,81],"card_choices":[{"not_picked":["Leap","Sweeping Beam"],"picked":"FTL","floor":1.0},{"not_picked":["Force Field","Turbo"],"picked":"Compile Driver","floor":3.0},{"not_picked":["Tempest","Reinforced Body"],"picked":"Self Repair","floor":6.0},{"not_picked":["Beam Cell","Steam"],"picked":"Hologram","floor":10.0},{"not_picked":["Auto Shields","Sweeping Beam","Sunder"],"picked":"SKIP","floor":11},{"not_picked":["Conserve Battery","Aggregate"],"picked":"Creative AI","floor":13},{"not_picked":["Coolheaded","Streamline"],"picked":"Loop","floor":14},{"not_picked":["Barrage+1","Compile Driver","Chaos"],"picked":"SKIP","floor":18},{"not_picked":["Rebound","Barrage+1"],"picked":"Go for the Eyes","floor":20},{"not_picked":["Turbo","Hello World"],"picked":"Reinforced Body","floor":24},{"not_picked":["White Noise","Compile Driver"],"picked":"Double Energy+1","floor":27},{"not_picked":["Steam","Redo"],"picked":"Reinforced Body","floor":29},{"not_picked":["BootSequence+1","Rebound"],"picked":"Coolheaded","floor":31},{"not_picked":["Rainbow","Multi-Cast"],"picked":"Core Surge","floor":33},{"not_picked":["Steam","Go for the Eyes+1","Streamline+1"],"picked":"SKIP","floor":35},{"not_picked":["Reprogram+1","Fusion"],"picked":"Hologram","floor":37}],"player_experience":2011741,"relics_obtained":[{"floor":6.0,"key":"Tiny Chest"},{"floor":9.0,"key":"Cables"},{"floor":11,"key":"Art of War"},{"floor":13,"key":"War Paint"},{"floor":22,"key":"Matryoshka"},{"floor":26,"key":"DataDisk"},{"floor":26,"key":"Bronze Scales"}],"event_choices":[{"damage_healed":0.0,"max_hp_gain":0.0,"max_hp_loss":0.0,"gold_gain":0.0,"event_name":"Scrap Ooze","player_choice":"Success","floor":2.0,"gold_loss":0.0,"damage_taken":3.0,"relics_obtained":["Lantern"]},{"damage_healed":0.0,"max_hp_gain":0.0,"max_hp_loss":0.0,"gold_gain":0.0,"event_name":"The Cleric","player_choice":"Leave","floor":5.0,"gold_loss":0.0,"damage_taken":0.0},{"damage_healed":0.0,"max_hp_gain":0.0,"max_hp_loss":0.0,"gold_gain":0.0,"event_name":"Golden Idol","player_choice":"Take Damage","floor":8.0,"gold_loss":0.0,"damage_taken":18.0,"relics_obtained":["Golden Idol"]},{"damage_healed":0,"gold_gain":0,"player_choice":"Copied","damage_taken":0,"max_hp_gain":0,"max_hp_loss":0,"event_name":"Duplicator","floor":19,"gold_loss":0,"cards_obtained":["Zap"]},{"damage_healed":0,"gold_gain":0,"player_choice":"Read","damage_taken":0,"max_hp_gain":0,"max_hp_loss":0,"event_name":"The Library","floor":21,"gold_loss":0,"cards_obtained":["BootSequence"]},{"damage_healed":0,"gold_gain":0,"player_choice":"Opened","damage_taken":0,"relics_obtained":["Darkstone Periapt"],"max_hp_gain":0,"max_hp_loss":0,"event_name":"The Mausoleum","floor":28,"gold_loss":0,"cards_obtained":["Writhe"]},{"damage_healed":0,"gold_gain":0,"player_choice":"Gave Potion","damage_taken":0,"relics_obtained":["Oddly Smooth Stone"],"max_hp_gain":0,"max_hp_loss":0,"event_name":"WeMeetAgain","floor":36,"gold_loss":0}],"is_beta":false,"boss_relics":[{"not_picked":["Astrolabe","Busted Crown"],"picked":"Sozu"},{"not_picked":["Calling Bell","Velvet Choker","Snecko Eye"]}],"items_purged_floors":[25],"is_endless":false,"potions_floor_spawned":[3,10,11,14,20,27,33],"killed_by":"Transient","ascension_level":12}