{"gold_per_floor":[111,286,297,45,64,64,78,110,110,110,135,85,110,110,122,236,248,279,391,403,433,461,473,485],"floor_reached":24,"playtime":1655,"items_purged":["Doubt"],"score":324,"play_id":"abf3cda1-b797-44c4-9644-008c81437c9e","local_time":"20190204230603","is_ascension_mode":true,"campfire_choices":[{"data":"Deadly Poison","floor":6,"key":"SMITH"},{"data":"Poisoned Stab","floor":10,"key":"SMITH"},{"data":"Dash","floor":15,"key":"SMITH"},{"floor":23,"key":"REST"}],"neow_cost":"NONE","seed_source_timestamp":1104955632272034,"circlet_count":0,"master_deck":["Defend_G","Defend_G","Defend_G","Strike_G","Strike_G","Strike_G","Survivor","Neutralize","Deadly Poison+1","Poisoned Stab+1","Dagger Spray","PiercingWail","Dash+1","Flying Knee","Bullet Time","Phantasmal Killer+1","Flechettes+1","Backstab+1","Deadly Poison+1"],"relics":["Ring of the Snake","Unceasing Top","Thread and Needle","Bird Faced Urn","Pear","MawBank","Astrolabe","Peace Pipe","Letter Opener","Frozen Egg 2"],"potions_floor_usage":[8,11,13,13,16,21,22],"damage_taken":[{"damage":0,"enemies":"Small Slimes","floor":1,"turns":3},{"damage":0,"enemies":"2 Louse","floor":3,"turns":4},{"damage":1,"enemies":"Jaw Worm","floor":5,"turns":3},{"damage":4,"enemies":"Blue Slaver","floor":7,"turns":4},{"damage":21,"enemies":"3 Sentries","floor":8,"turns":7},{"damage":0,"enemies":"Gremlin Nob","floor":11,"turns":3},{"damage":8,"enemies":"Lagavulin","floor":13,"turns":6},{"damage":40,"enemies":"Hexaghost","floor":16,"turns":10},{"damage":0,"enemies":"Chosen","floor":18,"turns":4},{"damage":4,"enemies":"Colosseum Slavers","floor":19,"turns":4},{"damage":45,"enemies":"Colosseum Nobs","floor":19,"turns":5},{"damage":0,"enemies":"3 Byrds","floor":21,"turns":2},{"damage":20,"enemies":"Snake Plant","floor":22,"turns":3},{"damage":29,"enemies":"Slavers","floor":24,"turns":3}],"seed_played":"3719686677942810416","potions_obtained":[{"floor":1,"key":"AttackPotion"},{"floor":8,"key":"Block Potion"},{"floor":11,"key":"Regen Potion"},{"floor":13,"key":"SteroidPotion"},{"floor":16,"key":"LiquidBronze"},{"floor":21,"key":"Fire Potion"},{"floor":22,"key":"FearPotion"}],"is_trial":false,"path_per_floor":["M","?","M","$","M","R","M","E","T","R","E","?","E","?","R","B",null,"M","?","?","M","M","R","E"],"character_chosen":"THE_SILENT","items_purchased":["Dagger Spray","FearPotion","LiquidBronze"],"campfire_rested":1,"item_purchase_floors":[4,4,4],"current_hp_per_floor":[77,77,77,77,76,76,72,51,51,51,51,51,68,61,61,21,71,71,22,22,22,2,28,0],"gold":485,"neow_bonus":"TEN_PERCENT_HP_BONUS","is_prod":false,"is_daily":false,"chose_seed":false,"campfire_upgraded":3,"win_rate":0,"timestamp":1549339563,"path_taken":["M","?","M","$","M","R","M","E","T","R","E","?","E","?","R","BOSS","M","?","?","M","?","R","E"],"build_version":"2019-01-23","purchased_purges":1,"victory":false,"max_hp_per_floor":[77,77,77,77,77,77,77,77,77,77,77,77,87,87,87,87,87,87,87,87,87,87,87,87],"card_choices":[{"not_picked":["Backflip","Bane"],"picked":"Deadly Poison","floor":1},{"not_picked":["Prepared","Outmaneuver"],"picked":"Poisoned Stab","floor":3},{"not_picked":["Underhanded Strike","Storm of Steel","Masterful Stab"],"picked":"SKIP","floor":5},{"not_picked":["Expertise","Heel Hook"],"picked":"PiercingWail","floor":7},{"not_picked":["Underhanded Strike","Deflect"],"picked":"Dash","floor":8},{"not_picked":["Accuracy","Cloak And Dagger","Outmaneuver"],"picked":"SKIP","floor":11},{"not_picked":["Choke","Blur"],"picked":"Flying Knee","floor":13},{"not_picked":["Tools of the Trade","Venomology"],"picked":"Bullet Time","floor":16},{"not_picked":["Underhanded Strike","Flying Knee","Acrobatics"],"picked":"SKIP","floor":18},{"not_picked":["Dagger Spray","Prepared+1","Flying Knee"],"picked":"SKIP","floor":21},{"not_picked":["Slice+1","Deflect"],"picked":"Deadly Poison+1","floor":22}],"player_experience":1476780,"relics_obtained":[{"floor":8,"key":"Unceasing Top"},{"floor":9,"key":"Thread and Needle"},{"floor":11,"key":"Bird Faced Urn"},{"floor":13,"key":"Pear"},{"floor":19,"key":"Peace Pipe"},{"floor":19,"key":"Letter Opener"}],"event_choices":[{"damage_healed":0,"gold_gain":175,"player_choice":"AGREE","damage_taken":0,"max_hp_gain":0,"max_hp_loss":0,"event_name":"Liars Game","floor":2,"gold_loss":0,"cards_obtained":["Doubt"]},{"cards_removed":["Defend_G"],"damage_healed":0,"gold_gain":0,"player_choice":"Card Removal","damage_taken":0,"max_hp_gain":0,"max_hp_loss":0,"event_name":"The Cleric","floor":12,"gold_loss":50},{"damage_healed":0,"gold_gain":0,"player_choice":"Success","damage_taken":7,"relics_obtained":["MawBank"],"max_hp_gain":0,"max_hp_loss":0,"event_name":"Scrap Ooze","floor":14,"gold_loss":0},{"damage_healed":0,"gold_gain":0,"player_choice":"Fight","damage_taken":0,"max_hp_gain":0,"max_hp_loss":0,"event_name":"Colosseum","floor":19,"gold_loss":0},{"damage_healed":0,"gold_gain":0,"player_choice":"Fought Nobs","damage_taken":0,"max_hp_gain":0,"max_hp_loss":0,"event_name":"Colosseum","floor":19,"gold_loss":0},{"damage_healed":0,"gold_gain":0,"player_choice":"Gave Potion","damage_taken":0,"relics_obtained":["Frozen Egg 2"],"max_hp_gain":0,"max_hp_loss":0,"event_name":"WeMeetAgain","floor":20,"gold_loss":0}],"is_beta":false,"boss_relics":[{"not_picked":["Pandora\u0027s Box","White Beast Statue"],"picked":"Astrolabe"}],"items_purged_floors":[4],"is_endless":false,"potions_floor_spawned":[1,8,11,13,16,19,21,22],"killed_by":"Slavers","ascension_level":5}