{"gold_per_floor":[15,27,27,27,27,54,54,80,133,133,4,30,43,70,70,143,143,162,62,62,87,87,87,114,214,214,242,242,277,277,293,293,368,368,381,381,381,399,448,483,483,494,494,508,508,541,557,513,513,513,513,513,513,45,75,75],"floor_reached":57,"playtime":4909,"items_purged":["Strike_B","Strike_B","Gash"],"score":2755,"play_id":"f7a62e67-e1b5-4941-8fa4-83539937381a","local_time":"20190612200901","is_ascension_mode":true,"campfire_choices":[{"data":"Zap","floor":7.0,"key":"SMITH"},{"floor":10.0,"key":"REST"},{"data":"Doom and Gloom","floor":15.0,"key":"SMITH"},{"floor":23.0,"key":"REST"},{"data":"Reinforced Body","floor":28.0,"key":"SMITH"},{"floor":30.0,"key":"RECALL"},{"data":"Hologram","floor":32.0,"key":"SMITH"},{"floor":41.0,"key":"REST"},{"data":"Force Field","floor":45.0,"key":"SMITH"},{"data":"Go for the Eyes","floor":49.0,"key":"SMITH"},{"floor":53.0,"key":"REST"}],"neow_cost":"NO_GOLD","seed_source_timestamp":1216438745403708,"circlet_count":0,"master_deck":["AscendersBane","Defend_B","Zap+1","Dualcast","Loop+1","Ball Lightning","Doom and Gloom+1","Core Surge","Compile Driver+1","BootSequence","Lockon+1","Reinforced Body+1","Recycle+1","Steam+1","Melter+1","Hologram+1","Electrodynamics","Hyperbeam+1","Turbo+1","Buffer+1","Chill","Beam Cell+1","Force Field+1","Force Field+1","Go for the Eyes+1","Coolheaded+1","Stack+1","Loop+1","Capacitor+1","Loop+1"],"special_seed":0,"relics":["Cracked Core","PreservedInsect","DataDisk","Orichalcum","Cables","Happy Flower","Runic Pyramid","Gremlin Horn","Red Mask","Juzu Bracelet","Darkstone Periapt","Bag of Preparation","Centennial Puzzle","Pen Nib","Astrolabe","Prayer Wheel","Torii","Frozen Egg 2","Lee\u0027s Waffle","Whetstone"],"potions_floor_usage":[56,56],"damage_taken":[{"damage":3.0,"enemies":"2 Louse","floor":1.0,"turns":2.0},{"damage":1.0,"enemies":"Cultist","floor":2.0,"turns":4.0},{"damage":25.0,"enemies":"3 Sentries","floor":6.0,"turns":6.0},{"damage":20.0,"enemies":"Lagavulin","floor":8.0,"turns":5.0},{"damage":2.0,"enemies":"Gremlin Nob","floor":12.0,"turns":3.0},{"damage":7.0,"enemies":"Jaw Worm","floor":13.0,"turns":2.0},{"damage":4.0,"enemies":"3 Sentries","floor":14.0,"turns":3.0},{"damage":28.0,"enemies":"Slime Boss","floor":16.0,"turns":5.0},{"damage":17.0,"enemies":"Shell Parasite","floor":18.0,"turns":4.0},{"damage":6.0,"enemies":"Masked Bandits","floor":21.0,"turns":3.0},{"damage":10.0,"enemies":"Gremlin Leader","floor":24.0,"turns":4.0},{"damage":6.0,"enemies":"Colosseum Slavers","floor":25.0,"turns":3.0},{"damage":0.0,"enemies":"Colosseum Nobs","floor":25.0,"turns":2.0},{"damage":6.0,"enemies":"Book of Stabbing","floor":27.0,"turns":4.0},{"damage":4.0,"enemies":"Slavers","floor":29.0,"turns":3.0},{"damage":0.0,"enemies":"Chosen","floor":31.0,"turns":3.0},{"damage":35.0,"enemies":"Collector","floor":33.0,"turns":7.0},{"damage":0.0,"enemies":"3 Darklings","floor":35.0,"turns":2.0},{"damage":2.0,"enemies":"Orb Walker","floor":38.0,"turns":2.0},{"damage":6.0,"enemies":"2 Orb Walkers","floor":39.0,"turns":4.0},{"damage":5.0,"enemies":"Giant Head","floor":40.0,"turns":6.0},{"damage":0.0,"enemies":"3 Darklings","floor":42.0,"turns":3.0},{"damage":0.0,"enemies":"Spire Growth","floor":44.0,"turns":4.0},{"damage":0.0,"enemies":"Reptomancer","floor":46.0,"turns":5.0},{"damage":10.0,"enemies":"Writhing Mass","floor":47.0,"turns":5.0},{"damage":10.0,"enemies":"Donu and Deca","floor":50.0,"turns":12.0},{"damage":37.0,"enemies":"Time Eater","floor":51.0,"turns":13.0},{"damage":26,"enemies":"Shield and Spear","floor":55,"turns":5},{"damage":67,"enemies":"The Heart","floor":56,"turns":14}],"seed_played":"-710774056536552181","potions_obtained":[{"floor":1.0,"key":"PowerPotion"},{"floor":2.0,"key":"PowerPotion"},{"floor":5.0,"key":"Fruit Juice"},{"floor":8.0,"key":"Strength Potion"},{"floor":21.0,"key":"FocusPotion"},{"floor":25.0,"key":"Dexterity Potion"},{"floor":55,"key":"FocusPotion"}],"is_trial":false,"path_per_floor":["M","M","?","?","?","E","R","E","T","R","$","E","M","E","R","B",null,"M","$","T","?","?","R","E","?","T","E","R","E","R","M","R","B",null,"M","?","?","M","?","E","R","M","T","M","R","E","M","$","R","B","B",null,"R","$","E","B",null],"character_chosen":"DEFECT","items_purchased":["Strength Potion","Loop+1","Capacitor+1","Lee\u0027s Waffle","GamblersBrew"],"campfire_rested":4,"item_purchase_floors":[11,48,54,54,54],"current_hp_per_floor":[75,74,74,67,67,42,42,22,22,47,52,50,43,39,39,11,70,53,53,53,47,47,74,64,58,58,52,52,48,48,48,48,13,71,71,71,71,69,63,58,85,85,85,85,85,85,75,75,75,65,28,75,90,97,71,4],"gold":75,"neow_bonus":"TWENTY_PERCENT_HP_BONUS","is_prod":false,"is_daily":false,"chose_seed":false,"campfire_upgraded":6,"win_rate":0,"timestamp":1560395341,"path_taken":["M","M","?","?","?","E","R","E","T","R","$","E","M","E","R","BOSS","M","$","?","?","?","R","E","?","T","E","R","E","R","M","R","BOSS","M","?","?","M","?","E","R","M","T","M","R","E","M","$","R","BOSS","BOSS","R","$","E","BOSS"],"build_version":"2019-06-07","purchased_purges":3,"victory":true,"max_hp_per_floor":[85,85,85,85,85,85,85,85,85,85,90,90,90,90,90,90,90,90,90,90,90,90,90,90,90,90,90,90,90,90,90,90,90,90,90,90,90,90,90,90,90,90,90,90,90,90,90,90,90,90,90,90,90,97,97,97],"card_choices":[{"not_picked":["Sweeping Beam","Beam Cell"],"picked":"Loop","floor":1.0},{"not_picked":["Storm","Stack"],"picked":"Gash","floor":2.0},{"not_picked":["Sweeping Beam","Auto Shields"],"picked":"Ball Lightning","floor":6.0},{"not_picked":["BootSequence","Fusion"],"picked":"Doom and Gloom","floor":8.0},{"not_picked":["Barrage","White Noise"],"picked":"Core Surge","floor":12.0},{"not_picked":["Sweeping Beam","Ball Lightning"],"picked":"Compile Driver","floor":13.0},{"not_picked":["Leap","Go for the Eyes"],"picked":"BootSequence","floor":14.0},{"not_picked":["Sweeping Beam","Rebound"],"picked":"Lockon+1","floor":18.0},{"not_picked":["Static Discharge","Cold Snap"],"picked":"Reinforced Body","floor":21.0},{"not_picked":["Stack","Lockon"],"picked":"Recycle+1","floor":24.0},{"not_picked":["Barrage","Rebound"],"picked":"Steam+1","floor":25.0},{"not_picked":["Hyperbeam","Scrape","Static Discharge"],"picked":"SKIP","floor":27.0},{"not_picked":["Consume","Ball Lightning"],"picked":"Melter","floor":29.0},{"not_picked":["Force Field","Cold Snap+1"],"picked":"Hologram","floor":31.0},{"not_picked":["Core Surge","Machine Learning"],"picked":"Electrodynamics","floor":33.0},{"not_picked":["Beam Cell","Turbo"],"picked":"Chill","floor":35.0},{"not_picked":["Cold Snap+1","Ball Lightning+1"],"picked":"Beam Cell+1","floor":38.0},{"not_picked":["Turbo","FTL","Undo"],"picked":"SKIP","floor":40.0},{"not_picked":["Beam Cell","Ball Lightning"],"picked":"Force Field","floor":42.0},{"not_picked":["Reboot","Beam Cell","Compile Driver"],"picked":"SKIP","floor":42.0},{"not_picked":["Coolheaded","Conserve Battery"],"picked":"Force Field+1","floor":44.0},{"not_picked":["Auto Shields","Barrage","Rebound+1"],"picked":"SKIP","floor":44.0},{"not_picked":["Recycle+1","FTL"],"picked":"Go for the Eyes","floor":46.0},{"not_picked":["Sweeping Beam+1","Melter"],"picked":"Coolheaded+1","floor":47.0},{"not_picked":["Conserve Battery+1","Hello World+1"],"picked":"Stack+1","floor":47.0},{"not_picked":["Undo","Storm+1"],"picked":"Loop+1","floor":55}],"player_experience":1659415,"relics_obtained":[{"floor":6.0,"key":"PreservedInsect"},{"floor":8.0,"key":"DataDisk"},{"floor":9.0,"key":"Orichalcum"},{"floor":12.0,"key":"Cables"},{"floor":14.0,"key":"Happy Flower"},{"floor":20.0,"key":"Gremlin Horn"},{"floor":21.0,"key":"Red Mask"},{"floor":24.0,"key":"Juzu Bracelet"},{"floor":25.0,"key":"Darkstone Periapt"},{"floor":26.0,"key":"Bag of Preparation"},{"floor":27.0,"key":"Centennial Puzzle"},{"floor":29.0,"key":"Pen Nib"},{"floor":39.0,"key":"Prayer Wheel"},{"floor":40.0,"key":"Torii"},{"floor":46.0,"key":"Frozen Egg 2"},{"floor":55,"key":"Whetstone"}],"event_choices":[{"damage_healed":0.0,"max_hp_gain":0.0,"max_hp_loss":0.0,"gold_gain":0.0,"event_name":"Living Wall","player_choice":"Grow","floor":3.0,"gold_loss":0.0,"damage_taken":0.0,"cards_upgraded":["Loop"]},{"cards_removed":["Strike_B"],"damage_healed":0.0,"max_hp_gain":0.0,"max_hp_loss":0.0,"gold_gain":0.0,"event_name":"Golden Wing","player_choice":"Card Removal","floor":4.0,"gold_loss":0.0,"damage_taken":7.0},{"damage_healed":0.0,"max_hp_gain":0.0,"max_hp_loss":0.0,"gold_gain":0.0,"event_name":"Lab","player_choice":"Got Potions","floor":5.0,"gold_loss":0.0,"damage_taken":0.0},{"damage_healed":0.0,"max_hp_gain":0.0,"max_hp_loss":0.0,"gold_gain":0.0,"event_name":"Masked Bandits","player_choice":"Fought Bandits","floor":21.0,"gold_loss":0.0,"damage_taken":0.0},{"damage_healed":0.0,"max_hp_gain":0.0,"max_hp_loss":0.0,"gold_gain":0.0,"event_name":"The Mausoleum","player_choice":"Ignored","floor":22.0,"gold_loss":0.0,"damage_taken":0.0},{"damage_healed":0.0,"max_hp_gain":0.0,"max_hp_loss":0.0,"gold_gain":0.0,"event_name":"Colosseum","player_choice":"Fight","floor":25.0,"gold_loss":0.0,"damage_taken":0.0},{"damage_healed":0.0,"max_hp_gain":0.0,"max_hp_loss":0.0,"gold_gain":0.0,"event_name":"Colosseum","player_choice":"Fought Nobs","floor":25.0,"gold_loss":0.0,"damage_taken":0.0},{"damage_healed":0.0,"max_hp_gain":0.0,"max_hp_loss":0.0,"gold_gain":0.0,"event_name":"SensoryStone","player_choice":"Memory 1","floor":36.0,"gold_loss":0.0,"damage_taken":0.0},{"cards_removed":["Defend_B"],"damage_healed":0.0,"max_hp_gain":0.0,"max_hp_loss":0.0,"gold_gain":0.0,"event_name":"Purifier","player_choice":"Purged","floor":37.0,"gold_loss":0.0,"damage_taken":0.0},{"damage_healed":0.0,"max_hp_gain":0.0,"max_hp_loss":0.0,"gold_gain":0.0,"event_name":"Mysterious Sphere","player_choice":"Fight","floor":39.0,"gold_loss":0.0,"damage_taken":0.0}],"is_beta":true,"boss_relics":[{"not_picked":["Lizard Tail","Calling Bell"],"picked":"Runic Pyramid"},{"not_picked":["Coffee Dripper","Eternal Feather"],"picked":"Astrolabe"}],"items_purged_floors":[11,19,54],"is_endless":false,"potions_floor_spawned":[1,2,8,21,25,25,31,38,42,46,47,55],"ascension_level":20}