{"gold_per_floor":[114,132,142,161,3,3,23,23,94,94,94,112,112,128,128,227,227,242,22,22,36,0,0,16,16,39,50,50,50,77,94,94,94],"floor_reached":33,"playtime":2607,"items_purged":["Strike_B"],"score":272,"play_id":"29194718-4717-4dee-a016-2475746e04e1","local_time":"20190603213239","is_ascension_mode":true,"campfire_choices":[{"data":"Static Discharge","floor":6,"key":"SMITH"},{"data":"Chaos","floor":8,"key":"SMITH"},{"data":"Chill","floor":10,"key":"SMITH"},{"data":"Genetic Algorithm","floor":15,"key":"SMITH"},{"data":"Machine Learning","floor":23,"key":"SMITH"},{"data":"Biased Cognition","floor":25,"key":"SMITH"},{"data":"Auto Shields","floor":32,"key":"SMITH"}],"neow_cost":"NONE","seed_source_timestamp":4221982756053192,"circlet_count":0,"master_deck":["Strike_B","Strike_B","Defend_B","Defend_B","Defend_B","Defend_B","Zap","Dualcast","Beam Cell","Chaos+1","Self Repair","Redo","Static Discharge+1","Chill+1","Biased Cognition+1","FTL","Genetic Algorithm+1","Echo Form","Reprogram","Machine Learning+1","RitualDagger","Steam Power+1","Self Repair","BootSequence","Auto Shields+1"],"relics":["Cracked Core","Letter Opener","Bird Faced Urn","Art of War","Nuclear Battery","Bag of Marbles","Bottled Tornado"],"potions_floor_usage":[33,33,33],"damage_taken":[{"damage":5,"enemies":"Jaw Worm","floor":1,"turns":5},{"damage":0,"enemies":"2 Louse","floor":2,"turns":3},{"damage":5,"enemies":"Small Slimes","floor":3,"turns":4},{"damage":7,"enemies":"3 Louse","floor":4,"turns":4},{"damage":0,"enemies":"Large Slime","floor":7,"turns":7},{"damage":6,"enemies":"2 Fungi Beasts","floor":12,"turns":3},{"damage":2,"enemies":"Exordium Thugs","floor":14,"turns":3},{"damage":27,"enemies":"Hexaghost","floor":16,"turns":5},{"damage":22,"enemies":"Shell Parasite","floor":18,"turns":5},{"damage":8,"enemies":"2 Thieves","floor":21,"turns":3},{"damage":17,"enemies":"Centurion and Healer","floor":24,"turns":4},{"damage":20,"enemies":"3 Cultists","floor":27,"turns":4},{"damage":12,"enemies":"Gremlin Leader","floor":30,"turns":8},{"damage":5,"enemies":"Sentry and Sphere","floor":31,"turns":5},{"damage":111,"enemies":"Champ","floor":33,"turns":15}],"seed_played":"647825716089191354","potions_obtained":[{"floor":3,"key":"Poison Potion"},{"floor":4,"key":"Regen Potion"},{"floor":12,"key":"Swift Potion"}],"is_trial":false,"path_per_floor":["M","M","M","M","$","R","M","R","T","R","?","M","?","M","R","B",null,"M","$","?","M","?","R","M","R","T","M","?","?","E","M","R","B"],"character_chosen":"DEFECT","items_purchased":["Static Discharge","Chill","Machine Learning"],"campfire_rested":0,"item_purchase_floors":[5,5,19],"current_hp_per_floor":[70,70,65,65,65,65,72,72,72,72,72,75,72,75,75,57,75,62,62,56,54,54,54,63,63,63,75,75,75,75,75,75,0],"gold":94,"neow_bonus":"REMOVE_CARD","is_prod":false,"is_daily":false,"chose_seed":false,"campfire_upgraded":7,"win_rate":0,"timestamp":1559615559,"path_taken":["M","M","M","M","$","R","M","R","T","R","?","M","?","M","R","BOSS","M","$","?","M","?","R","M","R","T","M","?","?","E","M","R","BOSS"],"build_version":"2019-01-23","purchased_purges":1,"victory":false,"max_hp_per_floor":[75,75,75,75,75,75,75,75,75,75,75,75,75,75,75,75,75,75,75,75,75,75,75,75,75,75,75,75,75,75,75,75,75],"card_choices":[{"not_picked":["Streamline","Gash"],"picked":"Beam Cell","floor":1},{"not_picked":["Turbo","Aggregate"],"picked":"Chaos","floor":2},{"not_picked":["Hologram","Heatsinks"],"picked":"Self Repair","floor":3},{"not_picked":["Beam Cell","Rip and Tear"],"picked":"Redo","floor":4},{"not_picked":["Reprogram","Self Repair"],"picked":"Biased Cognition","floor":7},{"not_picked":["Hologram","Sweeping Beam"],"picked":"FTL","floor":12},{"not_picked":["Leap","Self Repair"],"picked":"Genetic Algorithm","floor":14},{"not_picked":["Reboot","Machine Learning"],"picked":"Echo Form","floor":16},{"not_picked":["Stack+1","Go for the Eyes+1"],"picked":"Reprogram","floor":18},{"not_picked":["White Noise","Go for the Eyes+1"],"picked":"Steam Power+1","floor":21},{"not_picked":["Gash","Streamline"],"picked":"Self Repair","floor":24},{"not_picked":["Chaos","Redo"],"picked":"BootSequence","floor":27},{"not_picked":["Beam Cell","Hologram","All For One"],"picked":"SKIP","floor":30},{"not_picked":["Reinforced Body","Gash+1"],"picked":"Auto Shields","floor":31}],"player_experience":69125,"relics_obtained":[{"floor":9,"key":"Letter Opener"},{"floor":26,"key":"Bag of Marbles"},{"floor":30,"key":"Bottled Tornado"}],"event_choices":[{"damage_healed":0,"gold_gain":0,"player_choice":"Box","damage_taken":0,"relics_obtained":["Bird Faced Urn"],"max_hp_gain":0,"max_hp_loss":0,"event_name":"Big Fish","floor":11,"gold_loss":0,"cards_obtained":["Regret"]},{"damage_healed":0,"gold_gain":0,"player_choice":"Success","damage_taken":3,"relics_obtained":["Art of War"],"max_hp_gain":0,"max_hp_loss":0,"event_name":"Scrap Ooze","floor":13,"gold_loss":0},{"damage_healed":0,"gold_gain":0,"player_choice":"Joined the Cult","damage_taken":6,"max_hp_gain":0,"max_hp_loss":0,"event_name":"Nest","floor":20,"gold_loss":0,"cards_obtained":["RitualDagger"]},{"damage_healed":0,"gold_gain":0,"player_choice":"Paid Fearfully","damage_taken":0,"max_hp_gain":0,"max_hp_loss":0,"event_name":"Masked Bandits","floor":22,"gold_loss":36},{"cards_removed":["Regret"],"damage_healed":0,"gold_gain":0,"player_choice":"Elegance","damage_taken":0,"max_hp_gain":0,"max_hp_loss":0,"event_name":"Back to Basics","floor":29,"gold_loss":0}],"is_beta":false,"boss_relics":[{"not_picked":["Tiny House","Pandora\u0027s Box"],"picked":"Nuclear Battery"}],"items_purged_floors":[19],"is_endless":false,"potions_floor_spawned":[3,4,12,14,27,30,31],"killed_by":"Champ","ascension_level":1}