{"gold_per_floor":[113,127,127,137,137,137,163,163,163,194,194,213,213,243,243,317,317,329,345,364,364,289,289,309,323,323,323,12,23,23,54,54,133,133,151,151,92,110,110,144,144,163,163,11,25,45,45,73,85,97,109,121,23,50,50],"floor_reached":56,"playtime":5293,"items_purged":["Strike_R+1","Strike_R+1"],"score":2168,"play_id":"21bf7bb4-c6d3-49d1-8f50-7fe9a8153e63","local_time":"20190625143257","is_ascension_mode":true,"campfire_choices":[{"data":"Inflame","floor":6.0,"key":"SMITH"},{"data":"Metallicize","floor":11.0,"key":"SMITH"},{"data":"Evolve","floor":13.0,"key":"SMITH"},{"floor":15.0,"key":"REST"},{"floor":23,"key":"REST"},{"floor":27,"key":"REST"},{"floor":32,"key":"REST"},{"floor":41,"key":"RECALL"},{"floor":47,"key":"REST"},{"floor":49,"key":"REST"},{"floor":52,"key":"REST"}],"neow_cost":"TEN_PERCENT_HP_LOSS","seed_source_timestamp":251853245232351,"circlet_count":0,"master_deck":["AscendersBane","Strike_R+1","Strike_R+1","Defend_R+1","Defend_R+1","Defend_R+1","Defend_R+1","Bash+1","Feed","Inflame+1","Evolve+1","Metallicize+1","Reaper+1","Corruption+1","Thunderclap+1","Fiend Fire+1","Juggernaut+1","Twin Strike+1","Iron Wave+1","Wild Strike+1","Inflame+1","Feel No Pain+1","Impervious","Barricade+1","Feel No Pain+1","Exhume","Shrug It Off","Ghostly Armor","Disarm","Shrug It Off","Dark Embrace+1","Entrench","Dark Embrace+1","Body Slam+1","Sentinel+1"],"special_seed":0,"relics":["Burning Blood","Molten Egg 2","Frozen Egg 2","Strawberry","Centennial Puzzle","Bottled Flame","Fusion Hammer","Pear","Pen Nib","Snecko Eye","Mummified Hand","MawBank","Blood Vial"],"potions_floor_usage":[55,55],"damage_taken":[{"damage":10.0,"enemies":"Small Slimes","floor":1.0,"turns":3.0},{"damage":12.0,"enemies":"Jaw Worm","floor":2.0,"turns":5.0},{"damage":17.0,"enemies":"Cultist","floor":4.0,"turns":5.0},{"damage":46.0,"enemies":"Lagavulin","floor":7.0,"turns":9.0},{"damage":29.0,"enemies":"3 Sentries","floor":10.0,"turns":7.0},{"damage":16.0,"enemies":"Blue Slaver","floor":12.0,"turns":5.0},{"damage":28.0,"enemies":"Lagavulin","floor":14.0,"turns":8.0},{"damage":29.0,"enemies":"Slime Boss","floor":16.0,"turns":4.0},{"damage":38.0,"enemies":"3 Byrds","floor":18.0,"turns":5.0},{"damage":18,"enemies":"2 Thieves","floor":19,"turns":3},{"damage":44,"enemies":"Cultist and Chosen","floor":20,"turns":6},{"damage":16,"enemies":"Snake Plant","floor":24,"turns":2},{"damage":10,"enemies":"3 Cultists","floor":25,"turns":4},{"damage":37,"enemies":"Shelled Parasite and Fungi","floor":29,"turns":5},{"damage":25,"enemies":"Book of Stabbing","floor":31,"turns":5},{"damage":26,"enemies":"Automaton","floor":33,"turns":10},{"damage":42,"enemies":"3 Darklings","floor":35,"turns":3},{"damage":16,"enemies":"Orb Walker","floor":38,"turns":2},{"damage":0,"enemies":"Giant Head","floor":40,"turns":7},{"damage":3,"enemies":"3 Darklings","floor":42,"turns":4},{"damage":0,"enemies":"Transient","floor":45,"turns":6},{"damage":21,"enemies":"4 Shapes","floor":46,"turns":4},{"damage":27,"enemies":"Reptomancer","floor":48,"turns":7},{"damage":66,"enemies":"Time Eater","floor":50,"turns":12},{"damage":53,"enemies":"Shield and Spear","floor":54,"turns":3},{"damage":37,"enemies":"The Heart","floor":55,"turns":6}],"seed_played":"3220161251971465498","potions_obtained":[{"floor":1.0,"key":"FearPotion"},{"floor":7.0,"key":"Strength Potion"},{"floor":12.0,"key":"SteroidPotion"},{"floor":14.0,"key":"Poison Potion"},{"floor":19,"key":"Ancient Potion"},{"floor":54,"key":"LiquidBronze"}],"is_trial":false,"path_per_floor":["M","M","?","M","?","R","E","T","T","E","R","M","R","E","R","B",null,"M","M","M","?","?","R","M","M","T","R","$","M","?","E","R","B",null,"M","?","$","M","?","E","R","M","T","$","M","M","R","E","R","B",null,"R","$","E","B",null],"character_chosen":"IRONCLAD","items_purchased":["Feel No Pain+1","Impervious","Shrug It Off","Shrug It Off","Body Slam+1","Energy Potion"],"campfire_rested":7,"item_purchase_floors":[28,28,37,44,53,53],"current_hp_per_floor":[67,64,64,53,58,58,18,18,25,35,35,40,40,33,61,38,81,49,48,24,24,24,53,43,50,60,93,93,73,73,54,88,84,107,78,78,78,68,68,91,91,108,108,108,108,106,111,114,114,87,107,114,114,84,71],"gold":50,"neow_bonus":"THREE_RARE_CARDS","is_prod":false,"is_daily":false,"chose_seed":false,"campfire_upgraded":3,"win_rate":0,"timestamp":1561487577,"path_taken":["M","M","?","M","?","R","E","?","T","E","R","?","R","E","R","BOSS","M","M","M","?","?","R","M","?","T","R","$","M","?","E","R","BOSS","M","?","?","M","?","E","R","?","T","$","M","M","R","E","R","BOSS","R","$","E","BOSS"],"build_version":"2019-01-23","purchased_purges":2,"victory":true,"max_hp_per_floor":[71,74,74,74,79,79,79,79,86,89,89,92,92,95,95,95,95,95,98,98,98,98,98,98,101,111,111,111,114,114,114,114,114,114,114,114,114,114,108,108,108,108,108,108,108,111,111,114,114,114,114,114,114,117,117],"card_choices":[{"not_picked":["Demon Form","Dark Embrace"],"picked":"Feed","floor":0.0},{"not_picked":["Wild Strike","Heavy Blade"],"picked":"Inflame","floor":1.0},{"not_picked":["Wild Strike","Clothesline"],"picked":"Evolve","floor":2.0},{"not_picked":["Thunderclap","Wild Strike"],"picked":"Metallicize","floor":4.0},{"not_picked":["Thunderclap","Sword Boomerang"],"picked":"Reaper","floor":7.0},{"not_picked":["Clothesline+1","Whirlwind+1"],"picked":"Corruption+1","floor":10.0},{"not_picked":["Feed+1","Clothesline+1"],"picked":"Thunderclap+1","floor":12.0},{"not_picked":["Headbutt+1","Anger+1"],"picked":"Fiend Fire+1","floor":14.0},{"not_picked":["Brutality+1","Offering"],"picked":"Juggernaut+1","floor":16.0},{"not_picked":["Searing Blow+1","Clash+1"],"picked":"Twin Strike+1","floor":18.0},{"not_picked":["Flex","Clothesline+1","Rupture+1"],"picked":"SKIP","floor":19},{"not_picked":["Flex","Clothesline+1","Rupture+1"],"picked":"SKIP","floor":19},{"not_picked":["Pommel Strike+1","Carnage+1"],"picked":"Iron Wave+1","floor":20},{"not_picked":["Perfected Strike+1","True Grit"],"picked":"Wild Strike+1","floor":24},{"not_picked":["Twin Strike+1","Headbutt+1"],"picked":"Inflame+1","floor":25},{"not_picked":["Armaments","Headbutt+1"],"picked":"Barricade+1","floor":29},{"not_picked":["Heavy Blade+1","Warcry"],"picked":"Feel No Pain+1","floor":31},{"not_picked":["Impervious","Feed+1"],"picked":"Exhume","floor":33},{"not_picked":["True Grit","Clothesline+1","Perfected Strike+1"],"picked":"SKIP","floor":35},{"not_picked":["Headbutt+1","Twin Strike+1"],"picked":"Ghostly Armor","floor":38},{"not_picked":["Uppercut+1","Perfected Strike+1"],"picked":"Disarm","floor":40},{"not_picked":["Combust+1","Carnage+1","True Grit"],"picked":"SKIP","floor":42},{"not_picked":["Body Slam+1","Sentinel"],"picked":"Dark Embrace+1","floor":45},{"not_picked":["Anger+1","Iron Wave+1"],"picked":"Entrench","floor":46},{"not_picked":["Twin Strike+1","Inflame+1"],"picked":"Dark Embrace+1","floor":48},{"not_picked":["Havoc","Hemokinesis+1"],"picked":"Sentinel+1","floor":54}],"player_experience":2328625,"relics_obtained":[{"floor":7.0,"key":"Molten Egg 2"},{"floor":8.0,"key":"Frozen Egg 2"},{"floor":9.0,"key":"Strawberry"},{"floor":10.0,"key":"Centennial Puzzle"},{"floor":14.0,"key":"Bottled Flame"},{"floor":26,"key":"Pear"},{"floor":31,"key":"Pen Nib"},{"floor":40,"key":"Mummified Hand"},{"floor":48,"key":"MawBank"},{"floor":54,"key":"Blood Vial"}],"event_choices":[{"damage_healed":0.0,"max_hp_gain":0.0,"max_hp_loss":0.0,"gold_gain":0.0,"event_name":"Liars Game","player_choice":"Ignored","floor":3.0,"gold_loss":0.0,"damage_taken":0.0},{"damage_healed":0.0,"max_hp_gain":5.0,"max_hp_loss":0.0,"gold_gain":0.0,"event_name":"Big Fish","player_choice":"Donut","floor":5.0,"gold_loss":0.0,"damage_taken":0.0},{"damage_healed":0,"gold_gain":0,"player_choice":"Simplicity","damage_taken":0,"max_hp_gain":0,"max_hp_loss":0,"event_name":"Back to Basics","floor":21,"gold_loss":0,"cards_upgraded":["Strike_R","Strike_R","Strike_R","Strike_R","Strike_R","Defend_R","Defend_R","Defend_R","Defend_R"]},{"cards_removed":["Strike_R"],"damage_healed":0,"gold_gain":0,"player_choice":"Gave Gold","damage_taken":0,"max_hp_gain":0,"max_hp_loss":0,"event_name":"Beggar","floor":22,"gold_loss":75},{"damage_healed":0,"gold_gain":0,"player_choice":"Ignored","damage_taken":0,"max_hp_gain":0,"max_hp_loss":0,"event_name":"The Mausoleum","floor":30,"gold_loss":0},{"damage_healed":0,"gold_gain":0,"player_choice":"Forge","damage_taken":0,"max_hp_gain":0,"max_hp_loss":0,"event_name":"Accursed Blacksmith","floor":36,"gold_loss":0,"cards_upgraded":["Bash"]},{"damage_healed":0,"gold_gain":0,"player_choice":"Max HP","damage_taken":0,"max_hp_gain":0,"max_hp_loss":6,"event_name":"Winding Halls","floor":39,"gold_loss":0}],"is_beta":false,"boss_relics":[{"not_picked":["Lizard Tail","Orrery"],"picked":"Fusion Hammer"},{"not_picked":["Runic Pyramid","Busted Crown"],"picked":"Snecko Eye"}],"items_purged_floors":[28,44],"is_endless":false,"potions_floor_spawned":[1,7,12,14,19,29,31,33,35,38,45,48,54],"ascension_level":18}