{"gold_per_floor":[113,125,200,217,231,231,254,287,310,343,361,361,388,388,388,491,491,491,491,348,348,348,348,298,298,298,298,298,298,298,298,298,298],"floor_reached":33,"playtime":2316,"items_purged":["Defend_G"],"score":332,"play_id":"a333c1a2-a1df-4207-a908-967ca6e57087","local_time":"20181109162900","is_ascension_mode":true,"campfire_choices":[{"data":"Dagger Spray","floor":6,"key":"SMITH"},{"data":"Cloak And Dagger","floor":12,"key":"SMITH"},{"floor":15,"key":"REST"},{"data":"After Image","floor":27,"key":"SMITH"},{"floor":30,"key":"REST"},{"data":"Leg Sweep","floor":32,"key":"SMITH"}],"neow_cost":"NONE","seed_source_timestamp":1815422700255937,"circlet_count":0,"master_deck":["Defend_G","Defend_G","Defend_G","Defend_G+1","Strike_G","Strike_G","Strike_G","Strike_G","Strike_G","Survivor","Neutralize","Deflect+1","Leg Sweep+1","Dagger Spray+1","Finisher+1","Dagger Throw","Sucker Punch","Cloak And Dagger+1","After Image+1","Backstab","Cloak And Dagger","Infinite Blades","Dagger Spray","Choke","Slice","Heel Hook+1","Blind","Blind","Purity","Cloak And Dagger+1"],"relics":["Ring of the Snake","Blood Vial","Boot","War Paint","The Specimen","Lantern","Ectoplasm","Bag of Marbles","Anchor"],"potions_floor_usage":[16,16,23,28,33],"damage_taken":[{"damage":0,"enemies":"Jaw Worm","floor":1,"turns":5},{"damage":1,"enemies":"Small Slimes","floor":2,"turns":4},{"damage":0,"enemies":"Cultist","floor":4,"turns":5},{"damage":0,"enemies":"Large Slime","floor":5,"turns":7},{"damage":12,"enemies":"Gremlin Nob","floor":8,"turns":4},{"damage":5,"enemies":"3 Sentries","floor":10,"turns":6},{"damage":0,"enemies":"Red Slaver","floor":11,"turns":6},{"damage":25,"enemies":"Lagavulin","floor":13,"turns":5},{"damage":39,"enemies":"Hexaghost","floor":16,"turns":15},{"damage":8,"enemies":"Shell Parasite","floor":18,"turns":4},{"damage":0,"enemies":"Spheric Guardian","floor":19,"turns":1},{"damage":11,"enemies":"Snake Plant","floor":21,"turns":4},{"damage":5,"enemies":"Centurion and Healer","floor":22,"turns":5},{"damage":2,"enemies":"Slavers","floor":23,"turns":5},{"damage":0,"enemies":"Snecko","floor":25,"turns":1},{"damage":6,"enemies":"Sentry and Sphere","floor":28,"turns":5},{"damage":2,"enemies":"Shelled Parasite and Fungi","floor":31,"turns":3},{"damage":55,"enemies":"Champ","floor":33,"turns":11}],"seed_played":"3097849866257110514","potions_obtained":[{"floor":0,"key":"EssenceOfSteel"},{"floor":0,"key":"PowerPotion"},{"floor":0,"key":"Weak Potion"},{"floor":2,"key":"SpeedPotion"},{"floor":19,"key":"Block Potion"},{"floor":21,"key":"PowerPotion"},{"floor":28,"key":"Strength Potion"}],"is_trial":false,"path_per_floor":["M","M","?","M","M","R","T","E","T","E","M","R","E","?","R","B",null,"M","M","$","M","M","E","?","M","T","R","M","?","R","M","R","B"],"character_chosen":"THE_SILENT","items_purchased":["Infinite Blades"],"campfire_rested":2,"item_purchase_floors":[20],"current_hp_per_floor":[70,69,58,58,58,58,58,48,48,45,47,47,24,24,45,8,70,62,64,64,55,52,52,52,54,54,54,50,22,43,43,43,0],"gold":298,"neow_bonus":"THREE_SMALL_POTIONS","is_prod":false,"is_daily":false,"chose_seed":false,"campfire_upgraded":4,"win_rate":0,"timestamp":1541798940,"path_taken":["M","M","?","M","M","R","?","E","T","E","M","R","E","?","R","BOSS","M","M","$","M","M","E","?","M","T","R","?","?","R","?","R","BOSS"],"build_version":"2018-11-08","purchased_purges":1,"victory":false,"max_hp_per_floor":[70,70,70,70,70,70,70,70,70,70,70,70,70,70,70,70,70,70,70,70,70,70,70,70,70,70,70,70,70,70,70,70,70],"card_choices":[{"not_picked":["Concentrate","Blade Dance"],"picked":"Deflect","floor":1},{"not_picked":["Backstab","Predator"],"picked":"Leg Sweep","floor":2},{"not_picked":["PiercingWail","Cloak And Dagger"],"picked":"Dagger Spray","floor":4},{"not_picked":["Leg Sweep","Setup"],"picked":"Finisher","floor":5},{"not_picked":["Acrobatics","Burst"],"picked":"Dagger Throw","floor":8},{"not_picked":["Bane","Dash"],"picked":"Sucker Punch","floor":10},{"not_picked":["Dagger Spray","Dash"],"picked":"Cloak And Dagger","floor":11},{"not_picked":["Outmaneuver","Prepared","Expertise"],"picked":"SKIP","floor":13},{"not_picked":["Adrenaline","Doppelganger"],"picked":"After Image","floor":16},{"not_picked":["Dagger Spray","Catalyst+1"],"picked":"Backstab","floor":18},{"not_picked":["Bane","PiercingWail+1"],"picked":"Cloak And Dagger","floor":19},{"not_picked":["Distraction","Backflip"],"picked":"Dagger Spray","floor":21},{"not_picked":["Calculated Gamble+1","Expertise+1","Acrobatics"],"picked":"SKIP","floor":22},{"not_picked":["Finisher","Acrobatics"],"picked":"Choke","floor":23},{"not_picked":["Predator","Prepared"],"picked":"Slice","floor":25},{"not_picked":["Acrobatics","Burst"],"picked":"Heel Hook+1","floor":28},{"not_picked":["Reflex","Backflip"],"picked":"Cloak And Dagger+1","floor":31}],"player_experience":1097666,"relics_obtained":[{"floor":7,"key":"Blood Vial"},{"floor":8,"key":"Boot"},{"floor":9,"key":"War Paint"},{"floor":10,"key":"The Specimen"},{"floor":13,"key":"Lantern"},{"floor":23,"key":"Bag of Marbles"},{"floor":26,"key":"Anchor"}],"event_choices":[{"damage_healed":0,"gold_gain":75,"player_choice":"Gather Gold","damage_taken":11,"max_hp_gain":0,"max_hp_loss":0,"event_name":"World of Goop","floor":3,"gold_loss":0},{"damage_healed":0,"gold_gain":0,"player_choice":"Grow","damage_taken":0,"max_hp_gain":0,"max_hp_loss":0,"event_name":"Living Wall","floor":14,"gold_loss":0,"cards_upgraded":["Finisher"]},{"damage_healed":0,"gold_gain":0,"player_choice":"Bet on Owner","damage_taken":0,"max_hp_gain":0,"max_hp_loss":0,"event_name":"The Joust","floor":24,"gold_loss":50},{"damage_healed":0,"gold_gain":0,"player_choice":"CARD CARD CARD ","damage_taken":28,"max_hp_gain":0,"max_hp_loss":0,"event_name":"Knowing Skull","floor":29,"potions_obtained":[],"gold_loss":0,"cards_obtained":["Blind","Blind","Purity"]}],"is_beta":false,"boss_relics":[{"not_picked":["Eternal Feather","Coffee Dripper"],"picked":"Ectoplasm"}],"items_purged_floors":[20],"is_endless":false,"potions_floor_spawned":[2,4,10,11,13,19,21,28],"killed_by":"Champ","ascension_level":3}