{"gold_per_floor":[367,245,320,336,12,12,12,30,30,30,30,48,48,72,72,200,200,215,230,53,73,113,113,113,113,140,140,140,140,52,78,78,181,181,200,200,217,217,237,237,251,101,101,101,113,145,46,57,57,57],"floor_reached":50,"playtime":2647,"items_purged":["Strike_B","Strike_B","Strike_B","Defend_B"],"score":503,"play_id":"fcbc5038-2bfc-438c-9f5c-cf185024a582","local_time":"20190523074344","is_ascension_mode":false,"campfire_choices":[{"data":"Zap","floor":6.0,"key":"SMITH"},{"data":"Dualcast","floor":10.0,"key":"SMITH"},{"data":"Defragment","floor":15.0,"key":"SMITH"},{"data":"Hologram","floor":23.0,"key":"SMITH"},{"data":"Seek","floor":29,"key":"SMITH"},{"floor":32,"key":"REST"},{"data":"Buffer","floor":40,"key":"SMITH"},{"data":"Blind","floor":44,"key":"SMITH"},{"floor":49,"key":"REST"}],"neow_cost":"TEN_PERCENT_HP_LOSS","seed_source_timestamp":1660949112006,"circlet_count":0,"master_deck":["Defend_B","Defend_B","Defend_B","Zap+1","Dualcast+1","Rip and Tear","Rebound","Beam Cell","Rip and Tear","Leap","Defragment+1","Multi-Cast","Streamline+1","Hologram+1","Ball Lightning","Seek+1","Conserve Battery","Blind+1","Capacitor","Buffer+1","Leap+1","Coolheaded+1","Regret","Rip and Tear+1","Leap+1","Steam","Rip and Tear+1"],"special_seed":0,"relics":["Cracked Core","Oddly Smooth Stone","Ginger","Bloody Idol","Dodecahedron","Cursed Key","Red Mask","Regal Pillow","Ancient Tea Set","Philosopher\u0027s Stone","Question Card","Calipers"],"potions_floor_usage":[33,33,39,50,50,50],"damage_taken":[{"damage":1.0,"enemies":"Cultist","floor":1.0,"turns":4.0},{"damage":6.0,"enemies":"Jaw Worm","floor":4.0,"turns":3.0},{"damage":0.0,"enemies":"2 Louse","floor":8.0,"turns":2.0},{"damage":0.0,"enemies":"2 Fungi Beasts","floor":12.0,"turns":2.0},{"damage":0.0,"enemies":"Red Slaver","floor":14.0,"turns":3.0},{"damage":34.0,"enemies":"Hexaghost","floor":16.0,"turns":6.0},{"damage":10.0,"enemies":"3 Byrds","floor":18.0,"turns":3.0},{"damage":0.0,"enemies":"Chosen","floor":19.0,"turns":3.0},{"damage":0.0,"enemies":"Snake Plant","floor":21.0,"turns":3.0},{"damage":20.0,"enemies":"Masked Bandits","floor":22.0,"turns":3.0},{"damage":33,"enemies":"Gremlin Leader","floor":31,"turns":7},{"damage":55,"enemies":"Automaton","floor":33,"turns":11},{"damage":2,"enemies":"Orb Walker","floor":35,"turns":3},{"damage":17,"enemies":"3 Darklings","floor":37,"turns":6},{"damage":23,"enemies":"Maw","floor":39,"turns":7},{"damage":12,"enemies":"Writhing Mass","floor":41,"turns":6},{"damage":0,"enemies":"4 Shapes","floor":45,"turns":6},{"damage":31,"enemies":"Reptomancer","floor":46,"turns":8},{"damage":1,"enemies":"3 Darklings","floor":48,"turns":10},{"damage":59,"enemies":"Donu and Deca","floor":50,"turns":7}],"seed_played":"8929777163592923217","potions_obtained":[{"floor":4.0,"key":"AttackPotion"},{"floor":16.0,"key":"Energy Potion"},{"floor":19.0,"key":"SteroidPotion"},{"floor":22.0,"key":"Energy Potion"},{"floor":31,"key":"Swift Potion"},{"floor":33,"key":"Regen Potion"},{"floor":35,"key":"LiquidBronze"},{"floor":39,"key":"Ancient Potion"},{"floor":46,"key":"PowerPotion"}],"is_trial":false,"path_per_floor":["M","$","?","M","$","R","?","M","T","R","?","M","T","M","R","B",null,"M","M","$","M","?","R","?","$","T","?","?","R","$","E","R","B",null,"M","?","M","?","M","R","M","$","T","R","M","E","$","M","R","B"],"character_chosen":"DEFECT","items_purchased":["Rebound","Oddly Smooth Stone","Rip and Tear","Ball Lightning","Blind","SteroidPotion","Steam"],"campfire_rested":2,"item_purchase_floors":[2,5,5,20,30,47,47],"current_hp_per_floor":[67,67,56,50,50,50,43,43,43,43,43,43,43,43,43,9,63,53,53,53,53,33,33,33,33,33,33,54,54,54,26,59,9,63,63,63,51,51,47,47,40,40,40,40,45,19,19,23,56,0],"gold":57,"neow_bonus":"TWO_FIFTY_GOLD","is_prod":false,"is_daily":false,"chose_seed":false,"campfire_upgraded":7,"win_rate":0,"timestamp":1558619024,"path_taken":["M","?","?","M","$","R","?","?","T","R","?","M","?","M","R","BOSS","M","M","$","M","?","R","?","?","T","?","?","R","$","E","R","BOSS","M","?","?","?","M","R","M","$","T","R","M","E","$","M","R","BOSS"],"build_version":"2019-01-23","purchased_purges":4,"victory":false,"max_hp_per_floor":[68,68,68,68,68,68,68,68,68,68,63,63,63,63,63,63,63,63,63,63,63,63,63,63,63,63,63,63,63,63,63,63,63,63,63,63,63,60,60,60,60,60,60,60,60,60,60,60,60,60],"card_choices":[{"not_picked":["Cold Snap","Turbo"],"picked":"Rip and Tear","floor":1.0},{"not_picked":["Go for the Eyes","Hologram"],"picked":"Beam Cell","floor":4.0},{"not_picked":["Stack","Fusion","Coolheaded"],"picked":"SKIP","floor":8.0},{"not_picked":["Coolheaded","Double Energy"],"picked":"Leap","floor":12.0},{"not_picked":["Amplify","Compile Driver"],"picked":"Defragment","floor":14.0},{"not_picked":["Biased Cognition","Thunder Strike"],"picked":"Multi-Cast","floor":16.0},{"not_picked":["Go for the Eyes","BootSequence+1"],"picked":"Streamline+1","floor":18.0},{"not_picked":["Stack","Capacitor"],"picked":"Hologram","floor":19.0},{"not_picked":["Go for the Eyes","Coolheaded+1"],"picked":"Seek","floor":21.0},{"not_picked":["Sweeping Beam","Go for the Eyes"],"picked":"Conserve Battery","floor":22.0},{"not_picked":["Double Energy","Beam Cell"],"picked":"Capacitor","floor":31},{"not_picked":["Biased Cognition","Fission"],"picked":"Buffer","floor":33},{"not_picked":["Beam Cell","Static Discharge"],"picked":"Leap+1","floor":35},{"not_picked":["Redo","Double Energy+1","Compile Driver"],"picked":"SKIP","floor":37},{"not_picked":["Compile Driver","Genetic Algorithm+1","Go for the Eyes"],"picked":"SKIP","floor":39},{"not_picked":["Gash","Redo"],"picked":"Coolheaded+1","floor":41},{"not_picked":["Go for the Eyes+1","Turbo+1","Conserve Battery"],"picked":"Rip and Tear+1","floor":45},{"not_picked":["Meteor Strike","Go for the Eyes","Conserve Battery"],"picked":"Leap+1","floor":46},{"not_picked":["Stack","Steam+1","Gash+1"],"picked":"Rip and Tear+1","floor":48}],"player_experience":1470880,"relics_obtained":[{"floor":9.0,"key":"Ginger"},{"floor":13.0,"key":"Dodecahedron"},{"floor":22.0,"key":"Red Mask"},{"floor":26.0,"key":"Regal Pillow"},{"floor":31,"key":"Ancient Tea Set"},{"floor":43,"key":"Question Card"},{"floor":46,"key":"Calipers"}],"event_choices":[{"damage_healed":0.0,"max_hp_gain":0.0,"max_hp_loss":0.0,"gold_gain":75.0,"event_name":"World of Goop","player_choice":"Gather Gold","floor":3.0,"gold_loss":0.0,"damage_taken":11.0},{"cards_removed":["Strike_B"],"damage_healed":0.0,"max_hp_gain":0.0,"max_hp_loss":0.0,"gold_gain":0.0,"event_name":"Golden Wing","player_choice":"Card Removal","floor":7.0,"gold_loss":0.0,"damage_taken":7.0},{"damage_healed":0.0,"max_hp_gain":0.0,"max_hp_loss":5.0,"gold_gain":0.0,"event_name":"Golden Idol","player_choice":"Lose Max HP","floor":11.0,"gold_loss":0.0,"damage_taken":0.0,"relics_obtained":["Golden Idol"]},{"damage_healed":0.0,"max_hp_gain":0.0,"max_hp_loss":0.0,"gold_gain":0.0,"event_name":"Masked Bandits","player_choice":"Fought Bandits","floor":22.0,"gold_loss":0.0,"damage_taken":0.0},{"damage_healed":0.0,"max_hp_gain":0.0,"max_hp_loss":0.0,"gold_gain":0.0,"event_name":"Ghosts","player_choice":"Ignored","floor":24.0,"gold_loss":0.0,"damage_taken":0.0},{"damage_healed":0.0,"max_hp_gain":0.0,"max_hp_loss":0.0,"gold_gain":0.0,"event_name":"Forgotten Altar","player_choice":"Gave Idol","floor":27.0,"relics_lost":["Golden Idol"],"gold_loss":0.0,"damage_taken":0.0,"relics_obtained":["Bloody Idol"]},{"damage_healed":21,"gold_gain":0,"player_choice":"Heal","damage_taken":0,"max_hp_gain":0,"max_hp_loss":0,"event_name":"The Library","floor":28,"gold_loss":0},{"cards_removed":["Doubt"],"damage_healed":0,"gold_gain":0,"player_choice":"Card Removal","damage_taken":0,"max_hp_gain":0,"max_hp_loss":0,"event_name":"Wheel of Change","floor":36,"gold_loss":0},{"damage_healed":0,"gold_gain":0,"player_choice":"Max HP","damage_taken":0,"max_hp_gain":0,"max_hp_loss":3,"event_name":"Winding Halls","floor":38,"gold_loss":0}],"is_beta":false,"boss_relics":[{"not_picked":["Orrery","White Beast Statue"],"picked":"Cursed Key"},{"not_picked":["Fusion Hammer","Pandora\u0027s Box"],"picked":"Philosopher\u0027s Stone"}],"items_purged_floors":[2,5,20,42],"is_endless":false,"potions_floor_spawned":[4,16,19,22,31,33,35,39,46],"killed_by":"Donu and Deca","ascension_level":0}