{"gold_per_floor":[112,43,54,4,17,17,49,66,66,66,141,153,0,10,10,105,105,122,122,122,72,89,89,108,82,129,149,167,167,167,197,197,197],"floor_reached":33,"playtime":832,"items_purged":[],"score":427,"play_id":"4e0d19b3-9e9c-40d8-b886-4abf0950f93f","local_time":"20190617164608","is_ascension_mode":true,"campfire_choices":[{"data":"Whirlwind","floor":6,"key":"SMITH"},{"data":"Bash","floor":10,"key":"SMITH"},{"data":"Heavy Blade","floor":15,"key":"SMITH"},{"data":"Armaments","floor":23,"key":"SMITH"},{"floor":29,"key":"REST"},{"data":"Limit Break","floor":32,"key":"SMITH"}],"neow_cost":"NONE","seed_source_timestamp":15416737622260,"circlet_count":0,"master_deck":["AscendersBane","Strike_R","Strike_R","Strike_R","Strike_R","Strike_R","Defend_R","Defend_R","Defend_R","Defend_R","Bash+1","Demon Form","Twin Strike","Whirlwind+1","Disarm","Clothesline","Armaments+1","Heavy Blade+1","Fiend Fire","Shrug It Off","Headbutt","Whirlwind+1","Limit Break+1","Flash of Steel"],"relics":["Burning Blood","Sundial","Bag of Marbles","Paper Frog","Bronze Scales","Busted Crown","Kunai","Dream Catcher","Magic Flower"],"potions_floor_usage":[16,18,28,33,33],"damage_taken":[{"damage":0,"enemies":"Cultist","floor":1,"turns":4},{"damage":0,"enemies":"Small Slimes","floor":3,"turns":3},{"damage":4,"enemies":"Jaw Worm","floor":5,"turns":4},{"damage":25,"enemies":"Lagavulin","floor":7,"turns":6},{"damage":14,"enemies":"Blue Slaver","floor":8,"turns":3},{"damage":18,"enemies":"Red Slaver","floor":12,"turns":4},{"damage":3,"enemies":"3 Louse","floor":14,"turns":2},{"damage":6,"enemies":"Hexaghost","floor":16,"turns":8},{"damage":12,"enemies":"3 Byrds","floor":18,"turns":2},{"damage":7,"enemies":"Chosen","floor":22,"turns":4},{"damage":22,"enemies":"Snake Plant","floor":24,"turns":4},{"damage":6,"enemies":"Cultist and Chosen","floor":27,"turns":4},{"damage":18,"enemies":"Snecko","floor":28,"turns":4},{"damage":24,"enemies":"Gremlin Leader","floor":31,"turns":5},{"damage":63,"enemies":"Champ","floor":33,"turns":7}],"seed_played":"-2931027146122838572","potions_obtained":[{"floor":5,"key":"PowerPotion"},{"floor":7,"key":"SkillPotion"},{"floor":24,"key":"BloodPotion"},{"floor":27,"key":"EssenceOfSteel"},{"floor":31,"key":"SkillPotion"}],"is_trial":false,"path_per_floor":["M","$","M","?","M","R","E","M","T","R","?","M","$","M","R","B",null,"M","?","?","?","M","R","M","$","T","M","M","R","?","E","R","B"],"character_chosen":"IRONCLAD","items_purchased":["Whirlwind","Bronze Scales","Headbutt"],"campfire_rested":1,"item_purchase_floors":[2,13,25],"current_hp_per_floor":[78,78,80,80,80,80,61,53,53,53,42,30,30,33,33,33,68,62,62,62,62,61,61,45,45,45,45,41,65,65,47,47,0],"gold":197,"neow_bonus":"ONE_RANDOM_RARE_CARD","is_prod":false,"is_daily":false,"chose_seed":false,"campfire_upgraded":5,"win_rate":0,"timestamp":1560761168,"path_taken":["M","?","M","?","?","R","E","M","T","R","?","M","$","M","R","BOSS","M","?","?","?","M","R","M","$","T","M","?","R","?","E","R","BOSS"],"build_version":"2019-01-23","purchased_purges":0,"victory":false,"max_hp_per_floor":[80,80,80,80,80,80,80,80,80,80,80,80,80,80,80,80,80,80,80,80,80,80,80,80,80,80,80,80,80,80,80,80,80],"card_choices":[{"not_picked":["Perfected Strike","Shrug It Off"],"picked":"Twin Strike","floor":1},{"not_picked":["Infernal Blade","Battle Trance","Body Slam"],"picked":"SKIP","floor":3},{"not_picked":["Clash","Iron Wave","Infernal Blade"],"picked":"SKIP","floor":5},{"not_picked":["Juggernaut","Anger"],"picked":"Disarm","floor":7},{"not_picked":["Combust","Pommel Strike"],"picked":"Clothesline","floor":8},{"not_picked":["Havoc","Combust"],"picked":"Armaments","floor":12},{"not_picked":["Warcry","Shrug It Off"],"picked":"Heavy Blade","floor":14},{"not_picked":["Demon Form","Immolate"],"picked":"Fiend Fire","floor":16},{"not_picked":[],"picked":"Shrug It Off","floor":18},{"not_picked":["Armaments"],"picked":"SKIP","floor":22},{"not_picked":["Pommel Strike"],"picked":"SKIP","floor":24},{"not_picked":["Dropkick"],"picked":"SKIP","floor":27},{"not_picked":["Combust"],"picked":"SKIP","floor":28},{"not_picked":[],"picked":"Whirlwind+1","floor":29},{"not_picked":["True Grit"],"picked":"SKIP","floor":31}],"player_experience":530587,"relics_obtained":[{"floor":7,"key":"Bag of Marbles"},{"floor":9,"key":"Paper Frog"},{"floor":26,"key":"Dream Catcher"},{"floor":31,"key":"Magic Flower"}],"event_choices":[{"damage_healed":0,"gold_gain":0,"player_choice":"Paid Gold","damage_taken":0,"relics_obtained":["Sundial"],"max_hp_gain":0,"max_hp_loss":0,"event_name":"WeMeetAgain","floor":4,"gold_loss":50},{"damage_healed":0,"gold_gain":75,"player_choice":"Gather Gold","damage_taken":11,"max_hp_gain":0,"max_hp_loss":0,"event_name":"World of Goop","floor":11,"gold_loss":0},{"damage_healed":0,"gold_gain":0,"player_choice":"Opened","damage_taken":0,"relics_obtained":["Kunai"],"max_hp_gain":0,"max_hp_loss":0,"event_name":"The Mausoleum","floor":19,"gold_loss":0},{"damage_healed":0,"gold_gain":0,"player_choice":"Ignored","damage_taken":0,"max_hp_gain":0,"max_hp_loss":0,"event_name":"Vampires","floor":20,"gold_loss":0},{"damage_healed":0,"gold_gain":0,"player_choice":"Bet on Owner","damage_taken":0,"max_hp_gain":0,"max_hp_loss":0,"event_name":"The Joust","floor":21,"gold_loss":50},{"damage_healed":0,"gold_gain":0,"player_choice":"2 cards matched","damage_taken":0,"max_hp_gain":0,"max_hp_loss":0,"event_name":"Match and Keep!","floor":30,"gold_loss":0,"cards_obtained":["Limit Break","Flash of Steel"]}],"is_beta":false,"boss_relics":[{"not_picked":["Lizard Tail","Pandora\u0027s Box"],"picked":"Busted Crown"}],"items_purged_floors":[],"is_endless":false,"potions_floor_spawned":[5,7,8,18,24,27,31],"killed_by":"Champ","ascension_level":12}