{"gold_per_floor":[212,224,224,241,257,283,283,295,295,305,322,2,2,12,12,115,115,95,0,0,20,20,20,20,36,62,62,62,77,77,12,12,114,114,129,146,162,182,196,196,18,37,37,37,37,63,63,63,63,63],"floor_reached":50,"playtime":3809,"items_purged":["Defend_G","Defend_G"],"score":526,"play_id":"72c51620-a32f-47f8-ad1b-4517875a362d","local_time":"20181121042222","is_ascension_mode":false,"campfire_choices":[{"data":"Neutralize","floor":7.0,"key":"SMITH"},{"floor":15.0,"key":"REST"},{"data":"Cloak And Dagger","floor":23,"key":"SMITH"},{"floor":27,"key":"RECALL"},{"data":"Envenom","floor":32,"key":"SMITH"},{"floor":40,"key":"REST"},{"data":"Noxious Fumes","floor":45,"key":"SMITH"},{"data":"Catalyst","floor":47,"key":"SMITH"},{"data":"Caltrops","floor":49,"key":"SMITH"}],"neow_cost":"NONE","seed_source_timestamp":0,"circlet_count":0,"master_deck":["Defend_G","Defend_G","Strike_G","Strike_G","Strike_G","Strike_G","Strike_G","Survivor","Neutralize+1","Bouncing Flask","Dash","Deadly Poison","PiercingWail","Dodge and Roll","Noxious Fumes+1","Adrenaline","Deadly Poison","Envenom+1","Quick Slash","Heel Hook","Leg Sweep","Cloak And Dagger+1","Ghostly","Ghostly","Ghostly","Ghostly","Ghostly","Escape Plan","Catalyst+1","Wraith Form v2","Caltrops","Cloak And Dagger","Blade Dance+1","Caltrops+1","Infinite Blades+1","Madness","Madness","Cloak And Dagger+1","Flash of Steel"],"special_seed":0,"relics":["Ring of the Snake","The Courier","Singing Bowl","Membership Card","Kunai","Philosopher\u0027s Stone","Lizard Tail","Shuriken","Meat on the Bone","Bottled Lightning"],"potions_floor_usage":[39,42,50],"damage_taken":[{"damage":0.0,"enemies":"Small Slimes","floor":1.0,"turns":5.0},{"damage":0.0,"enemies":"Cultist","floor":2.0,"turns":3.0},{"damage":0.0,"enemies":"Jaw Worm","floor":4.0,"turns":3.0},{"damage":2.0,"enemies":"Looter","floor":5.0,"turns":4.0},{"damage":30.0,"enemies":"Gremlin Nob","floor":6.0,"turns":5.0},{"damage":1.0,"enemies":"Red Slaver","floor":8.0,"turns":5.0},{"damage":1.0,"enemies":"3 Louse","floor":10.0,"turns":4.0},{"damage":14.0,"enemies":"Large Slime","floor":11.0,"turns":8.0},{"damage":0.0,"enemies":"2 Fungi Beasts","floor":14.0,"turns":5.0},{"damage":43.0,"enemies":"Slime Boss","floor":16.0,"turns":14.0},{"damage":2,"enemies":"2 Thieves","floor":18,"turns":4},{"damage":10,"enemies":"Spheric Guardian","floor":21,"turns":5},{"damage":0,"enemies":"Centurion and Healer","floor":25,"turns":8},{"damage":8,"enemies":"Cultist and Chosen","floor":29,"turns":9},{"damage":2,"enemies":"Collector","floor":33,"turns":7},{"damage":1,"enemies":"Orb Walker","floor":35,"turns":4},{"damage":0,"enemies":"3 Darklings","floor":36,"turns":6},{"damage":4,"enemies":"Sphere and 2 Shapes","floor":37,"turns":7},{"damage":15,"enemies":"Transient","floor":38,"turns":5},{"damage":1,"enemies":"Writhing Mass","floor":39,"turns":8},{"damage":0,"enemies":"3 Darklings","floor":42,"turns":7},{"damage":8,"enemies":"Nemesis","floor":46,"turns":9},{"damage":68,"enemies":"Donu and Deca","floor":50,"turns":10}],"seed_played":"-1881238503671981954","potions_obtained":[{"floor":1.0,"key":"Weak Potion"},{"floor":6.0,"key":"Block Potion"},{"floor":10.0,"key":"EssenceOfSteel"},{"floor":18,"key":"EssenceOfSteel"},{"floor":25,"key":"Energy Potion"}],"is_trial":false,"path_per_floor":["M","M","?","M","M","E","R","M","T","M","M","$","?","M","R","B",null,"M","?","?","M","?","R","?","M","T","R","?","M","?","$","R","B",null,"M","M","M","M","M","R","$","M","T","?","R","E","R","?","R","B"],"character_chosen":"THE_SILENT","items_purchased":["Membership Card","Kunai","Deadly Poison","Dark Shackles","Catalyst","Shuriken","Caltrops"],"campfire_rested":2,"item_purchase_floors":[12,12,12,12,31,41,41],"current_hp_per_floor":[70,70,70,70,68,38,38,37,37,36,22,22,22,24,45,2,72,70,70,70,60,60,60,36,38,38,38,38,30,30,30,30,28,38,37,39,35,20,21,33,33,33,33,28,28,32,32,32,32,0],"gold":63,"neow_bonus":"HUNDRED_GOLD","is_prod":false,"is_daily":false,"chose_seed":false,"campfire_upgraded":6,"win_rate":0,"timestamp":1542792142,"path_taken":["M","M","?","M","M","E","R","M","T","?","M","$","?","M","R","BOSS","M","?","?","?","?","R","?","M","T","R","?","M","?","$","R","BOSS","M","M","M","M","M","R","$","M","T","?","R","E","R","?","R","BOSS"],"build_version":"2018-11-15","purchased_purges":2,"victory":false,"max_hp_per_floor":[70,70,70,70,70,70,70,70,70,70,70,70,70,72,72,72,72,72,72,72,72,72,72,36,38,38,38,38,38,38,38,38,38,38,38,40,40,40,42,42,42,42,42,42,42,42,42,42,42,42],"card_choices":[{"not_picked":["Slice","Escape Plan"],"picked":"Bouncing Flask","floor":1.0},{"not_picked":["Dagger Throw","Poisoned Stab"],"picked":"Dash","floor":2.0},{"not_picked":["Predator","All Out Attack"],"picked":"Deadly Poison","floor":4.0},{"not_picked":["Skewer","Dagger Throw"],"picked":"PiercingWail","floor":5.0},{"not_picked":["Slice","Predator","Accuracy"],"picked":"SKIP","floor":6.0},{"not_picked":["Predator","Prepared"],"picked":"Dodge and Roll","floor":8.0},{"not_picked":["Acrobatics","Poisoned Stab"],"picked":"Noxious Fumes","floor":10.0},{"not_picked":["Dagger Spray","Prepared"],"picked":"Adrenaline","floor":11.0},{"not_picked":["Bane","Quick Slash","Underhanded Strike"],"picked":"Singing Bowl","floor":14.0},{"not_picked":["Unload","Night Terror"],"picked":"Envenom","floor":16.0},{"not_picked":["Crippling Poison","Flying Knee+1"],"picked":"Quick Slash","floor":18},{"not_picked":["Prepared","Calculated Gamble"],"picked":"Leg Sweep","floor":21},{"not_picked":["Poisoned Stab","PiercingWail+1","Masterful Stab+1"],"picked":"Singing Bowl","floor":25},{"not_picked":["Prepared","Eviscerate"],"picked":"Escape Plan","floor":29},{"not_picked":["Adrenaline","Bullet Time"],"picked":"Wraith Form v2","floor":33},{"not_picked":["Bane","Prepared"],"picked":"Caltrops","floor":35},{"not_picked":["Acrobatics","Sucker Punch+1","Calculated Gamble"],"picked":"Singing Bowl","floor":36},{"not_picked":["Backflip","Dagger Spray"],"picked":"Cloak And Dagger","floor":37},{"not_picked":["Setup","Concentrate+1"],"picked":"Blade Dance+1","floor":38},{"not_picked":["Expertise+1","Dodge and Roll","Deflect"],"picked":"Singing Bowl","floor":39},{"not_picked":["Heel Hook+1","Masterful Stab+1"],"picked":"Infinite Blades+1","floor":42},{"not_picked":["Underhanded Strike","Glass Knife"],"picked":"Cloak And Dagger+1","floor":46},{"not_picked":["Dark Shackles","Forethought"],"picked":"Flash of Steel","floor":48}],"player_experience":1198931,"relics_obtained":[{"floor":6.0,"key":"The Courier"},{"floor":9.0,"key":"Singing Bowl"},{"floor":43,"key":"Meat on the Bone"},{"floor":46,"key":"Bottled Lightning"}],"event_choices":[{"damage_healed":0.0,"max_hp_gain":0.0,"max_hp_loss":0.0,"gold_gain":0.0,"event_name":"FaceTrader","player_choice":"Leave","floor":3.0,"gold_loss":0.0,"damage_taken":0.0},{"damage_healed":0.0,"max_hp_gain":0.0,"max_hp_loss":0.0,"gold_gain":0.0,"event_name":"The Cleric","player_choice":"Leave","floor":13.0,"gold_loss":0.0,"damage_taken":0.0},{"damage_healed":0,"gold_gain":0,"player_choice":"Paid Fearfully","damage_taken":0,"max_hp_gain":0,"max_hp_loss":0,"event_name":"Masked Bandits","floor":19,"gold_loss":95},{"damage_healed":0,"gold_gain":0,"cards_transformed":["Defend_G"],"player_choice":"Transformed","damage_taken":0,"max_hp_gain":0,"max_hp_loss":0,"event_name":"Transmorgrifier","floor":20,"gold_loss":0,"cards_obtained":["Heel Hook"]},{"damage_healed":0,"gold_gain":0,"player_choice":"Read","damage_taken":0,"max_hp_gain":0,"max_hp_loss":0,"event_name":"The Library","floor":22,"gold_loss":0,"cards_obtained":["Cloak And Dagger"]},{"damage_healed":0,"gold_gain":0,"player_choice":"Became a Ghost","damage_taken":0,"max_hp_gain":0,"max_hp_loss":36,"event_name":"Ghosts","floor":24,"gold_loss":0,"cards_obtained":["Ghostly","Ghostly","Ghostly","Ghostly","Ghostly"]},{"cards_removed":["Dark Shackles"],"damage_healed":0,"gold_gain":0,"player_choice":"Elegance","damage_taken":0,"max_hp_gain":0,"max_hp_loss":0,"event_name":"Back to Basics","floor":28,"gold_loss":0},{"damage_healed":0,"gold_gain":0,"player_choice":"Embrace Madness","damage_taken":5,"max_hp_gain":0,"max_hp_loss":0,"event_name":"Winding Halls","floor":44,"gold_loss":0,"cards_obtained":["Madness","Madness"]},{"damage_healed":0,"gold_gain":0,"player_choice":"Memory 1","damage_taken":0,"max_hp_gain":0,"max_hp_loss":0,"event_name":"SensoryStone","floor":48,"gold_loss":0}],"is_beta":false,"boss_relics":[{"not_picked":["HoveringKite","White Beast Statue"],"picked":"Philosopher\u0027s Stone"},{"not_picked":["Calling Bell","Snecko Eye"],"picked":"Lizard Tail"}],"items_purged_floors":[31,41],"is_endless":false,"potions_floor_spawned":[1,6,10,18,25,33,37,38],"killed_by":"Donu and Deca","ascension_level":0}