{"gold_per_floor":[115,126,145,160,62,62,73,73,96,123,142,90,55,65,65,160,160,174,174,254,266,30,30,57,57,82,82,112,125,145,165,165,268,268,285,296,296,310,326,326],"floor_reached":40,"playtime":1470,"items_purged":[],"score":783,"play_id":"80b3ce4d-8bbd-4798-9bf8-df659216f2ad","local_time":"20190616001634","is_ascension_mode":true,"campfire_choices":[{"data":"Thunderclap","floor":6,"key":"SMITH"},{"data":"Uppercut","floor":8,"key":"SMITH"},{"data":"Heavy Blade","floor":15,"key":"SMITH"},{"floor":23,"key":"REST"},{"floor":27,"key":"REST"},{"floor":32,"key":"REST"}],"neow_cost":"NONE","seed_source_timestamp":5376117349210,"circlet_count":0,"master_deck":["AscendersBane","Strike_R+1","Strike_R+1","Strike_R+1","Strike_R+1","Strike_R+1","Defend_R+1","Defend_R+1","Defend_R+1","Defend_R+1","Bash","Heavy Blade+1","Clash","Spot Weakness+1","Flame Barrier+1","Thunderclap+1","Uppercut+1","Shrug It Off","Cleave","Feed","Headbutt","Battle Trance","Sword Boomerang","Second Wind+1","Pummel+1","Demon Form","Flame Barrier+1","Pommel Strike+1","Pummel+1","Feed","Seeing Red","Heavy Blade+1","Metallicize","Sword Boomerang","Impervious","Warcry+1","Disarm+1"],"relics":["Burning Blood","Dream Catcher","Omamori","Fusion Hammer","Bottled Flame","Brimstone","War Paint","Centennial Puzzle","Strawberry","Orrery","Blood Vial"],"potions_floor_usage":[10,11,11,16,24,24,30,33,35,40],"damage_taken":[{"damage":11,"enemies":"Cultist","floor":1,"turns":4},{"damage":4,"enemies":"Small Slimes","floor":2,"turns":4},{"damage":12,"enemies":"Jaw Worm","floor":3,"turns":2},{"damage":1,"enemies":"Looter","floor":4,"turns":4},{"damage":25,"enemies":"Large Slime","floor":7,"turns":7},{"damage":18,"enemies":"Lagavulin","floor":10,"turns":6},{"damage":17,"enemies":"Lots of Slimes","floor":11,"turns":4},{"damage":6,"enemies":"Red Slaver","floor":14,"turns":4},{"damage":53,"enemies":"Hexaghost","floor":16,"turns":11},{"damage":20,"enemies":"2 Thieves","floor":18,"turns":4},{"damage":5,"enemies":"Shell Parasite","floor":21,"turns":6},{"damage":14,"enemies":"Slavers","floor":24,"turns":5},{"damage":49,"enemies":"Book of Stabbing","floor":28,"turns":5},{"damage":0,"enemies":"Centurion and Healer","floor":29,"turns":4},{"damage":16,"enemies":"Shelled Parasite and Fungi","floor":30,"turns":3},{"damage":0,"enemies":"Sentry and Sphere","floor":31,"turns":3},{"damage":60,"enemies":"Automaton","floor":33,"turns":8},{"damage":45,"enemies":"3 Darklings","floor":35,"turns":3},{"damage":10,"enemies":"3 Shapes","floor":36,"turns":4},{"damage":29,"enemies":"Transient","floor":38,"turns":5},{"damage":31,"enemies":"Sphere and 2 Shapes","floor":39,"turns":8},{"damage":14,"enemies":"Giant Head","floor":40,"turns":1}],"seed_played":"-5299188925648428163","potions_obtained":[{"floor":4,"key":"Block Potion"},{"floor":14,"key":"Regen Potion"},{"floor":16,"key":"EssenceOfSteel"},{"floor":28,"key":"Regen Potion"},{"floor":29,"key":"Block Potion"},{"floor":30,"key":"SkillPotion"},{"floor":36,"key":"GamblersBrew"},{"floor":38,"key":"AttackPotion"}],"is_trial":false,"path_per_floor":["M","M","M","M","$","R","M","R","T","E","M","$","?","M","R","B",null,"M","?","T","M","$","R","E","?","T","R","E","M","M","M","R","B",null,"M","M","?","M","M","E"],"character_chosen":"IRONCLAD","items_purchased":["EntropicBrew","Shrug It Off","Brimstone","Battle Trance"],"campfire_rested":3,"item_purchase_floors":[5,12,22,22],"current_hp_per_floor":[67,69,63,68,68,68,49,49,49,37,26,26,46,46,46,14,64,53,53,53,57,57,82,77,60,60,88,52,58,51,60,92,38,90,56,55,55,34,11,0],"gold":326,"neow_bonus":"THREE_CARDS","is_prod":false,"is_daily":false,"chose_seed":false,"campfire_upgraded":3,"win_rate":0,"timestamp":1560615394,"path_taken":["M","M","M","M","$","R","?","R","T","E","M","?","?","M","R","BOSS","M","?","?","M","$","R","E","?","T","R","E","M","M","M","R","BOSS","M","M","?","M","?","E"],"build_version":"2019-01-23","purchased_purges":0,"victory":false,"max_hp_per_floor":[80,80,80,80,80,80,80,80,80,80,80,80,80,80,80,80,80,83,83,83,86,86,86,89,94,94,94,101,101,104,107,107,107,107,107,110,110,110,110,110],"card_choices":[{"not_picked":["Armaments","Infernal Blade"],"picked":"Heavy Blade","floor":0},{"not_picked":["Shrug It Off","Thunderclap"],"picked":"Clash","floor":1},{"not_picked":["Heavy Blade","Perfected Strike"],"picked":"Spot Weakness","floor":2},{"not_picked":["Armaments","Wild Strike"],"picked":"Flame Barrier","floor":3},{"not_picked":["Warcry","Barricade"],"picked":"Thunderclap","floor":4},{"not_picked":["Rampage","Anger"],"picked":"Uppercut","floor":7},{"not_picked":["Iron Wave","Dropkick","Evolve"],"picked":"SKIP","floor":10},{"not_picked":["Twin Strike","Flex","Rampage"],"picked":"SKIP","floor":11},{"not_picked":["Searing Blow","Burning Pact"],"picked":"Cleave","floor":14},{"not_picked":["Bludgeon","Exhume"],"picked":"Feed","floor":16},{"not_picked":["Rupture","Cleave"],"picked":"Headbutt","floor":18},{"not_picked":["Flex","Dropkick","Twin Strike"],"picked":"SKIP","floor":21},{"not_picked":["Sentinel","Searing Blow"],"picked":"Sword Boomerang","floor":23},{"not_picked":["True Grit","Thunderclap"],"picked":"Second Wind+1","floor":24},{"not_picked":["Clash","Iron Wave"],"picked":"Pummel+1","floor":27},{"not_picked":["Armaments","Searing Blow","Perfected Strike"],"picked":"SKIP","floor":28},{"not_picked":["Warcry","Wild Strike"],"picked":"Demon Form","floor":29},{"not_picked":["Second Wind","Metallicize"],"picked":"Flame Barrier+1","floor":30},{"not_picked":["Carnage","Thunderclap"],"picked":"Pommel Strike+1","floor":31},{"not_picked":["Intimidate+1","Clash"],"picked":"Pummel+1","floor":32},{"not_picked":["Fiend Fire","Offering"],"picked":"Feed","floor":33},{"not_picked":["Sever Soul","Wild Strike"],"picked":"Seeing Red","floor":34},{"not_picked":["Metallicize","Entrench"],"picked":"Heavy Blade+1","floor":34},{"not_picked":["Carnage","Headbutt"],"picked":"Metallicize","floor":34},{"not_picked":["Bloodletting","Clash"],"picked":"Sword Boomerang","floor":34},{"not_picked":["Anger+1","Clothesline+1"],"picked":"Impervious","floor":35},{"not_picked":["Searing Blow+1","Clash","Cleave+1"],"picked":"SKIP","floor":36},{"not_picked":["Entrench+1","Shrug It Off"],"picked":"Warcry+1","floor":38},{"not_picked":["Flex+1","Juggernaut"],"picked":"Disarm+1","floor":39}],"player_experience":523907,"relics_obtained":[{"floor":9,"key":"Dream Catcher"},{"floor":10,"key":"Omamori"},{"floor":20,"key":"Bottled Flame"},{"floor":24,"key":"War Paint"},{"floor":26,"key":"Centennial Puzzle"},{"floor":28,"key":"Strawberry"}],"event_choices":[{"damage_healed":20,"gold_gain":0,"player_choice":"Healed","damage_taken":0,"max_hp_gain":0,"max_hp_loss":0,"event_name":"The Cleric","floor":13,"gold_loss":35},{"damage_healed":0,"gold_gain":0,"player_choice":"Simplicity","damage_taken":0,"max_hp_gain":0,"max_hp_loss":0,"event_name":"Back to Basics","floor":19,"gold_loss":0,"cards_upgraded":["Strike_R","Strike_R","Strike_R","Strike_R","Strike_R","Defend_R","Defend_R","Defend_R","Defend_R"]},{"damage_healed":0,"gold_gain":0,"player_choice":"Shed Blood","damage_taken":22,"max_hp_gain":5,"max_hp_loss":0,"event_name":"Forgotten Altar","floor":25,"gold_loss":0},{"damage_healed":0,"gold_gain":0,"player_choice":"Gave Potion","damage_taken":0,"relics_obtained":["Blood Vial"],"max_hp_gain":0,"max_hp_loss":0,"event_name":"WeMeetAgain","floor":37,"gold_loss":0}],"is_beta":false,"boss_relics":[{"not_picked":["Runic Dome","Ectoplasm"],"picked":"Fusion Hammer"},{"not_picked":["Coffee Dripper","Mark of Pain"],"picked":"Orrery"}],"items_purged_floors":[],"is_endless":false,"potions_floor_spawned":[4,7,14,16,28,29,30,36,38],"killed_by":"Giant Head","ascension_level":11}