{"gold_per_floor":[112,112,112,126,142,142,176,189,189,204,204,52,65,82,82,187,187,198,224,237,237,237,267,267,126,178,41,57,75,75,87,87,188,188,204,3,21,73,73,73,85,85,85,102,102,113,131,63,63,63],"floor_reached":51,"playtime":5545,"items_purged":["Strike_G","Strike_G","Strike_G"],"score":696,"play_id":"15a37d2b-13cd-47d1-87ed-391b00fdfb1f","local_time":"20180826121037","is_ascension_mode":false,"campfire_choices":[{"data":"Backflip","floor":6,"key":"SMITH"},{"data":"All Out Attack","floor":11,"key":"SMITH"},{"data":"Well Laid Plans","floor":15,"key":"SMITH"},{"data":"Grand Finale","floor":24,"key":"SMITH"},{"data":"After Image","floor":32,"key":"SMITH"},{"data":"After Image","floor":40,"key":"SMITH"},{"data":"Acrobatics","floor":42,"key":"SMITH"},{"data":"Madness","floor":49,"key":"SMITH"}],"neow_cost":"NONE","seed_source_timestamp":168370687729663,"circlet_count":0,"master_deck":["Defend_G","Defend_G","Defend_G","Defend_G","Defend_G","Strike_G","Strike_G","Survivor","Neutralize+1","Quick Slash","Dagger Throw","Backflip+1","All Out Attack+1","Backstab","Well Laid Plans+1","Cloak And Dagger","Deflect","Grand Finale","Acrobatics+1","Acrobatics","Grand Finale+1","Escape Plan","After Image+1","After Image+1","Calculated Gamble","Backflip+1","Acrobatics","Madness+1","Madness","Prepared+1","Reflex"],"relics":["Ring of the Snake","Bag of Marbles","Meat on the Bone","Busted Crown","Red Mask","Gremlin Horn","Vajra","Coffee Dripper","Girya","Ice Cream","Ornamental Fan"],"potions_floor_usage":[16,31,50,50],"damage_taken":[{"damage":0,"enemies":"2 Louse","floor":1,"turns":3},{"damage":0,"enemies":"Jaw Worm","floor":4,"turns":5},{"damage":3,"enemies":"Small Slimes","floor":5,"turns":4},{"damage":17,"enemies":"Gremlin Nob","floor":7,"turns":5},{"damage":2,"enemies":"2 Fungi Beasts","floor":8,"turns":4},{"damage":17,"enemies":"Exordium Thugs","floor":10,"turns":6},{"damage":0,"enemies":"Blue Slaver","floor":13,"turns":1},{"damage":0,"enemies":"3 Louse","floor":14,"turns":1},{"damage":26,"enemies":"Slime Boss","floor":16,"turns":9},{"damage":1,"enemies":"Chosen","floor":18,"turns":3},{"damage":4,"enemies":"Masked Bandits","floor":19,"turns":5},{"damage":0,"enemies":"2 Thieves","floor":20,"turns":3},{"damage":16,"enemies":"Gremlin Leader","floor":23,"turns":3},{"damage":0,"enemies":"Snake Plant","floor":28,"turns":5},{"damage":0,"enemies":"Snecko","floor":29,"turns":3},{"damage":0,"enemies":"Shelled Parasite and Fungi","floor":31,"turns":3},{"damage":14,"enemies":"Collector","floor":33,"turns":10},{"damage":3,"enemies":"3 Darklings","floor":35,"turns":3},{"damage":0,"enemies":"Orb Walker","floor":37,"turns":5},{"damage":13,"enemies":"Mysterious Sphere","floor":38,"turns":14},{"damage":0,"enemies":"Mind Bloom Boss Battle","floor":39,"turns":3},{"damage":0,"enemies":"3 Darklings","floor":41,"turns":3},{"damage":0,"enemies":"Transient","floor":44,"turns":5},{"damage":0,"enemies":"Flame Bruiser 2 Orb","floor":46,"turns":3},{"damage":0,"enemies":"4 Shapes","floor":47,"turns":2},{"damage":0,"enemies":"Awakened One","floor":50,"turns":7}],"seed_played":"-1040119167163843396","potions_obtained":[{"floor":7,"key":"Explosive Potion"},{"floor":8,"key":"Poison Potion"},{"floor":10,"key":"Poison Potion"},{"floor":18,"key":"SteroidPotion"},{"floor":23,"key":"Explosive Potion"},{"floor":28,"key":"Energy Potion"},{"floor":31,"key":"EssenceOfSteel"},{"floor":41,"key":"GhostInAJar"},{"floor":46,"key":"GamblersBrew"}],"is_trial":false,"path_per_floor":["M","?","?","M","M","R","E","M","T","M","R","$","M","M","R","B",null,"M","?","M","?","?","E","R","$","T","$","M","M","?","M","R","B",null,"M","$","M","?","?","R","M","R","T","M","?","M","M","$","R","B"],"character_chosen":"THE_SILENT","items_purchased":["Well Laid Plans","Escape Plan","After Image","Calculated Gamble","Reflex"],"campfire_rested":0,"item_purchase_floors":[12,25,27,36,48],"current_hp_per_floor":[70,70,75,75,72,72,55,53,53,48,48,48,48,48,48,34,75,74,70,70,70,70,54,54,54,54,54,54,54,40,52,52,50,80,77,77,77,64,64,64,64,64,64,64,54,54,54,54,54,54],"gold":63,"neow_bonus":"UPGRADE_CARD","is_prod":false,"is_daily":false,"chose_seed":false,"campfire_upgraded":8,"win_rate":0,"timestamp":1535299837,"path_taken":["M","?","?","M","M","R","E","M","T","M","R","$","M","M","R","BOSS","M","?","M","?","?","E","R","$","T","$","M","M","?","M","R","BOSS","M","$","?","?","?","R","M","R","T","M","?","?","?","$","R","BOSS"],"build_version":"2018-08-23v2","purchased_purges":3,"victory":true,"max_hp_per_floor":[70,70,75,75,75,75,75,75,75,75,75,75,75,75,75,75,75,75,75,75,75,75,75,75,75,75,75,75,75,80,80,80,80,80,80,80,80,80,80,80,80,80,80,80,80,80,80,80,80,80],"card_choices":[{"not_picked":["PiercingWail","Prepared"],"picked":"Quick Slash","floor":1},{"not_picked":["Deflect","Sucker Punch"],"picked":"Dagger Throw","floor":4},{"not_picked":["Slice","Dagger Throw"],"picked":"Backflip","floor":5},{"not_picked":["Blade Dance","Finisher"],"picked":"All Out Attack","floor":7},{"not_picked":["Quick Slash","Acrobatics"],"picked":"Backstab","floor":8},{"not_picked":["Underhanded Strike","Dagger Spray","Prepared"],"picked":"SKIP","floor":10},{"not_picked":["Eviscerate","Glass Knife"],"picked":"Cloak And Dagger","floor":13},{"not_picked":["Dagger Throw","Reflex"],"picked":"Deflect","floor":14},{"not_picked":["Envenom","Phantasmal Killer"],"picked":"Grand Finale","floor":16},{"not_picked":[],"picked":"Acrobatics","floor":18},{"not_picked":[],"picked":"Acrobatics","floor":20},{"not_picked":["Flying Knee"],"picked":"SKIP","floor":23},{"not_picked":["Leg Sweep"],"picked":"SKIP","floor":28},{"not_picked":["Slice"],"picked":"SKIP","floor":29},{"not_picked":["Underhanded Strike"],"picked":"SKIP","floor":31},{"not_picked":[],"picked":"After Image","floor":33},{"not_picked":["All Out Attack"],"picked":"SKIP","floor":35},{"not_picked":["All Out Attack"],"picked":"SKIP","floor":37},{"not_picked":[],"picked":"Backflip+1","floor":38},{"not_picked":[],"picked":"Acrobatics","floor":39},{"not_picked":["Backstab"],"picked":"SKIP","floor":41},{"not_picked":["Predator+1"],"picked":"SKIP","floor":44},{"not_picked":[],"picked":"Prepared+1","floor":46},{"not_picked":["Deflect+1"],"picked":"SKIP","floor":47}],"player_experience":790005,"relics_obtained":[{"floor":7,"key":"Bag of Marbles"},{"floor":9,"key":"Meat on the Bone"},{"floor":19,"key":"Red Mask"},{"floor":23,"key":"Gremlin Horn"},{"floor":26,"key":"Vajra"},{"floor":38,"key":"Girya"},{"floor":39,"key":"Ice Cream"},{"floor":43,"key":"Ornamental Fan"}],"event_choices":[{"event_name":"Golden Wing","player_choice":"Ignored","floor":2,"damage_taken":0},{"event_name":"Big Fish","player_choice":"Donut","floor":3,"damage_taken":0},{"event_name":"Masked Bandits","player_choice":"Fought Bandits","floor":19,"damage_taken":0},{"event_name":"Duplicator","player_choice":"One dupe","floor":21,"damage_taken":0},{"event_name":"Vampires","player_choice":"Ignored","floor":22,"damage_taken":0},{"event_name":"Forgotten Altar","player_choice":"Shed Blood","floor":30,"damage_taken":0},{"event_name":"Mysterious Sphere","player_choice":"Fight","floor":38,"damage_taken":0},{"event_name":"MindBloom","player_choice":"Fight","floor":39,"damage_taken":0},{"event_name":"Winding Halls","player_choice":"Embrace Madness","floor":45,"damage_taken":0}],"is_beta":false,"boss_relics":[{"not_picked":["Eternal Feather","Ectoplasm"],"picked":"Busted Crown"},{"not_picked":["Cursed Key","Pandora\u0027s Box"],"picked":"Coffee Dripper"}],"items_purged_floors":[12,25,36],"is_endless":false,"potions_floor_spawned":[7,8,10,13,18,23,28,31,41,46,47],"ascension_level":0}