{"gold_per_floor":[112,187,45,65,79,79,79,79,79,89,105,105,119,148,148,247,247,261,275,292,302,302,302,318,318,318,346,346,361,18,34,34,34],"floor_reached":33,"playtime":811,"items_purged":["Doubt","Pain"],"score":271,"play_id":"7b5d03fa-5ad3-4ed1-a802-e3d11308fd76","local_time":"20190625123830","is_ascension_mode":false,"campfire_choices":[{"data":"Zap","floor":6,"key":"SMITH"},{"data":"Sunder","floor":8,"key":"SMITH"},{"data":"Dualcast","floor":15,"key":"SMITH"},{"floor":23,"key":"REST"},{"floor":25,"key":"REST"},{"floor":28,"key":"REST"},{"floor":32,"key":"REST"}],"neow_cost":"CURSE","seed_source_timestamp":23981881762144,"circlet_count":0,"master_deck":["Strike_B","Strike_B","Strike_B","Strike_B","Defend_B","Defend_B","Defend_B","Defend_B","Zap+1","Dualcast+1","Sunder+1","Tempest","Rebound","Sunder","Rebound","Turbo","FTL","Electrodynamics","Echo Form","Go for the Eyes+1","Redo+1","Hologram+1","Sweeping Beam"],"special_seed":0,"relics":["Cracked Core","Dead Branch","Bottled Lightning","WarpedTongs","DataDisk","Busted Crown","Toxic Egg 2","Anchor","MealTicket"],"potions_floor_usage":[14,16,20,27,27],"damage_taken":[{"damage":0.0,"enemies":"2 Louse","floor":1.0,"turns":2.0},{"damage":6,"enemies":"Cultist","floor":4,"turns":3},{"damage":2,"enemies":"Small Slimes","floor":5,"turns":2},{"damage":11,"enemies":"Gremlin Gang","floor":10,"turns":4},{"damage":1,"enemies":"Exordium Wildlife","floor":11,"turns":3},{"damage":0,"enemies":"Blue Slaver","floor":13,"turns":2},{"damage":5,"enemies":"3 Sentries","floor":14,"turns":4},{"damage":34,"enemies":"The Guardian","floor":16,"turns":6},{"damage":17,"enemies":"3 Byrds","floor":18,"turns":4},{"damage":5,"enemies":"Spheric Guardian","floor":19,"turns":3},{"damage":23,"enemies":"Snake Plant","floor":20,"turns":3},{"damage":0,"enemies":"Centurion and Healer","floor":21,"turns":2},{"damage":21,"enemies":"Colosseum Slavers","floor":22,"turns":3},{"damage":8,"enemies":"Chosen and Byrds","floor":24,"turns":4},{"damage":26,"enemies":"Slavers","floor":27,"turns":4},{"damage":10,"enemies":"3 Cultists","floor":29,"turns":3},{"damage":13,"enemies":"Shelled Parasite and Fungi","floor":31,"turns":3},{"damage":46,"enemies":"Automaton","floor":33,"turns":6}],"seed_played":"-3415893528954995769","potions_obtained":[{"floor":1.0,"key":"Dexterity Potion"},{"floor":11,"key":"Block Potion"},{"floor":14,"key":"AttackPotion"},{"floor":19,"key":"Explosive Potion"},{"floor":21,"key":"EssenceOfSteel"},{"floor":27,"key":"Ancient Potion"}],"is_trial":false,"path_per_floor":["M","?","$","M","M","R","?","R","T","M","M","?","M","E","R","B",null,"M","M","M","M","?","R","M","R","T","E","R","M","$","M","R","B"],"character_chosen":"DEFECT","items_purchased":["Tempest","MealTicket","Hologram+1"],"campfire_rested":4,"item_purchase_floors":[3,30,30],"current_hp_per_floor":[75,68,68,62,60,60,60,60,60,49,48,48,48,43,43,9,75,58,53,30,30,9,31,23,45,45,19,41,31,31,18,40,0],"gold":34,"neow_bonus":"ONE_RARE_RELIC","is_prod":false,"is_daily":false,"chose_seed":false,"campfire_upgraded":3,"win_rate":0,"timestamp":1561487910,"path_taken":["M","?","$","?","M","R","?","R","T","?","M","?","M","E","R","BOSS","M","M","?","M","?","R","M","R","T","E","R","M","$","M","R","BOSS"],"build_version":"2019-01-23","purchased_purges":2,"victory":false,"max_hp_per_floor":[75,75,75,75,75,75,75,75,75,75,75,75,75,75,75,75,75,75,75,75,75,75,75,75,75,75,75,75,75,75,75,75,75],"card_choices":[{"not_picked":["Beam Cell","Leap"],"picked":"Sunder","floor":1.0},{"not_picked":["Go for the Eyes","Turbo"],"picked":"Rebound","floor":4},{"not_picked":["Steam","Streamline"],"picked":"Sunder","floor":5},{"not_picked":["Barrage","Gash"],"picked":"Rebound","floor":10},{"not_picked":["Sweeping Beam","Streamline"],"picked":"Turbo","floor":11},{"not_picked":["Storm","Consume"],"picked":"FTL","floor":13},{"not_picked":["Conserve Battery","Undo"],"picked":"Electrodynamics","floor":14},{"not_picked":["All For One","Seek"],"picked":"Echo Form","floor":16},{"not_picked":["Chill"],"picked":"SKIP","floor":18},{"not_picked":["Steam Power+1"],"picked":"SKIP","floor":19},{"not_picked":["Redo"],"picked":"SKIP","floor":20},{"not_picked":[],"picked":"Go for the Eyes+1","floor":21},{"not_picked":[],"picked":"Redo+1","floor":24},{"not_picked":["Rebound"],"picked":"SKIP","floor":27},{"not_picked":["Steam+1"],"picked":"SKIP","floor":29},{"not_picked":[],"picked":"Sweeping Beam","floor":31}],"player_experience":1500924,"relics_obtained":[{"floor":9,"key":"Bottled Lightning"},{"floor":14,"key":"DataDisk"},{"floor":26,"key":"Toxic Egg 2"},{"floor":27,"key":"Anchor"}],"event_choices":[{"damage_healed":0,"gold_gain":75,"player_choice":"Touch","damage_taken":7,"max_hp_gain":0,"max_hp_loss":0,"event_name":"FaceTrader","floor":2,"gold_loss":0},{"damage_healed":0,"gold_gain":0,"player_choice":"Ignored","damage_taken":0,"max_hp_gain":0,"max_hp_loss":0,"event_name":"NoteForYourself","floor":7,"gold_loss":0},{"damage_healed":0,"gold_gain":0,"player_choice":"Rummage","damage_taken":0,"relics_obtained":["WarpedTongs"],"max_hp_gain":0,"max_hp_loss":0,"event_name":"Accursed Blacksmith","floor":12,"gold_loss":0,"cards_obtained":["Pain"]},{"damage_healed":0,"gold_gain":0,"player_choice":"Fight","damage_taken":0,"max_hp_gain":0,"max_hp_loss":0,"event_name":"Colosseum","floor":22,"gold_loss":0},{"damage_healed":0,"gold_gain":0,"player_choice":"Fled From Nobs","damage_taken":0,"max_hp_gain":0,"max_hp_loss":0,"event_name":"Colosseum","floor":22,"gold_loss":0}],"is_beta":false,"boss_relics":[{"not_picked":["Lizard Tail","Nuclear Battery"],"picked":"Busted Crown"}],"items_purged_floors":[3,30],"is_endless":false,"potions_floor_spawned":[1,11,14,19,21,22,27],"killed_by":"Automaton","ascension_level":0}