{"gold_per_floor":[111,130,18,18,38,68,68,101,101,101,114,131,131,164,164,243,243,260,279,229,249,66,94,94,94],"floor_reached":25,"playtime":1378,"items_purged":["Strike_B","Strike_B","Strike_B"],"score":582,"play_id":"cb484850-98ea-4ab7-9e03-f29b2c61327a","local_time":"20190612181834","is_ascension_mode":true,"campfire_choices":[{"data":"Defragment","floor":7.0,"key":"SMITH"},{"data":"Buffer","floor":15.0,"key":"SMITH"},{"floor":24.0,"key":"REST"}],"neow_cost":"NONE","seed_source_timestamp":1214936561021472,"circlet_count":0,"master_deck":["AscendersBane","Strike_B","Defend_B","Defend_B","Defend_B","Defend_B","Zap","Dualcast","Cold Snap","Undo","Ball Lightning","Sweeping Beam","Sweeping Beam","Core Surge","Defragment+1","Self Repair","Hologram","Buffer+1","Loop","Echo Form","Capacitor","Defragment","Coolheaded"],"special_seed":0,"relics":["Orrery","Boot","Darkstone Periapt","Centennial Puzzle","Smiling Mask","Cursed Key","Cables"],"potions_floor_usage":[25],"damage_taken":[{"damage":1.0,"enemies":"Cultist","floor":1.0,"turns":4.0},{"damage":2.0,"enemies":"Jaw Worm","floor":2.0,"turns":4.0},{"damage":0.0,"enemies":"Small Slimes","floor":5.0,"turns":4.0},{"damage":28.0,"enemies":"Gremlin Nob","floor":6.0,"turns":5.0},{"damage":13.0,"enemies":"3 Sentries","floor":8.0,"turns":8.0},{"damage":2.0,"enemies":"2 Fungi Beasts","floor":11.0,"turns":4.0},{"damage":12.0,"enemies":"Large Slime","floor":12.0,"turns":5.0},{"damage":10.0,"enemies":"Lagavulin","floor":14.0,"turns":7.0},{"damage":0.0,"enemies":"Slime Boss","floor":16.0,"turns":8.0},{"damage":12.0,"enemies":"3 Byrds","floor":18.0,"turns":4.0},{"damage":2.0,"enemies":"Chosen","floor":19.0,"turns":9.0},{"damage":14.0,"enemies":"3 Cultists","floor":21.0,"turns":6.0},{"damage":34.0,"enemies":"Slavers","floor":23.0,"turns":3.0},{"damage":29,"enemies":"Gremlin Leader","floor":25,"turns":5}],"seed_played":"5800106450307063578","potions_obtained":[{"floor":2.0,"key":"Poison Potion"},{"floor":8.0,"key":"PowerPotion"},{"floor":11.0,"key":"EssenceOfSteel"},{"floor":14.0,"key":"Fire Potion"},{"floor":19.0,"key":"Fire Potion"},{"floor":21.0,"key":"Ancient Potion"},{"floor":23.0,"key":"Poison Potion"}],"is_trial":false,"path_per_floor":["M","M","$","?","M","E","R","E","T","?","M","M","?","E","R","B",null,"M","M","$","M","$","E","R","E"],"character_chosen":"DEFECT","items_purchased":["Self Repair","Defragment","Coolheaded"],"campfire_rested":1,"item_purchase_floors":[3,22,22],"current_hp_per_floor":[63,61,61,61,68,40,40,34,34,34,39,34,34,31,31,38,63,51,49,49,42,42,8,29,0],"gold":94,"neow_bonus":"BOSS_RELIC","is_prod":false,"is_daily":false,"chose_seed":false,"campfire_upgraded":2,"win_rate":0,"timestamp":1560388714,"path_taken":["M","?","$","?","M","E","R","E","T","?","M","M","?","E","R","BOSS","M","?","$","?","$","E","R","E"],"build_version":"2019-06-07","purchased_purges":3,"victory":false,"max_hp_per_floor":[71,71,71,71,71,71,71,71,71,71,71,71,71,71,71,71,71,71,71,71,71,71,71,71,71],"card_choices":[{"not_picked":["Streamline","Force Field"],"picked":"Cold Snap","floor":0.0},{"not_picked":["Gash","Go for the Eyes"],"picked":"Undo","floor":0.0},{"not_picked":["Redo","Cold Snap"],"picked":"Ball Lightning","floor":0.0},{"not_picked":["Rebound","Hello World"],"picked":"Sweeping Beam","floor":0.0},{"not_picked":["Rebound","Barrage"],"picked":"Sweeping Beam","floor":0.0},{"not_picked":["Stack","Conserve Battery"],"picked":"Core Surge","floor":1.0},{"not_picked":["Cold Snap","Loop"],"picked":"Defragment","floor":2.0},{"not_picked":["Gash","Redo","Compile Driver"],"picked":"SKIP","floor":5.0},{"not_picked":["Steam","Turbo"],"picked":"Hologram","floor":6.0},{"not_picked":["Steam Power","Conserve Battery"],"picked":"Buffer","floor":8.0},{"not_picked":["Hologram","Stack","Steam"],"picked":"SKIP","floor":11.0},{"not_picked":["Steam Power","Hologram"],"picked":"Loop","floor":12.0},{"not_picked":["Beam Cell","Turbo","Cold Snap"],"picked":"SKIP","floor":14.0},{"not_picked":["Biased Cognition","Creative AI"],"picked":"Echo Form","floor":16.0},{"not_picked":["Hologram","Skim"],"picked":"Capacitor","floor":18.0},{"not_picked":["Streamline","Stack","Rebound"],"picked":"SKIP","floor":19.0},{"not_picked":["Steam","Rebound","Redo"],"picked":"SKIP","floor":21.0},{"not_picked":["Sweeping Beam","Auto Shields","Blizzard"],"picked":"SKIP","floor":23.0}],"player_experience":1658037,"relics_obtained":[{"floor":6.0,"key":"Boot"},{"floor":8.0,"key":"Darkstone Periapt"},{"floor":14.0,"key":"Smiling Mask"},{"floor":23.0,"key":"Cables"}],"event_choices":[{"damage_healed":0.0,"max_hp_gain":0.0,"max_hp_loss":0.0,"gold_gain":0.0,"event_name":"Liars Game","player_choice":"Ignored","floor":4.0,"gold_loss":0.0,"damage_taken":0.0},{"damage_healed":0.0,"max_hp_gain":0.0,"max_hp_loss":0.0,"gold_gain":0.0,"event_name":"Scrap Ooze","player_choice":"Fled","floor":10.0,"gold_loss":0.0,"damage_taken":0.0},{"damage_healed":0.0,"max_hp_gain":0.0,"max_hp_loss":0.0,"gold_gain":0.0,"event_name":"WeMeetAgain","player_choice":"Gave Potion","floor":13.0,"gold_loss":0.0,"damage_taken":0.0,"relics_obtained":["Centennial Puzzle"]}],"is_beta":true,"boss_relics":[{"not_picked":["Philosopher\u0027s Stone","Calling Bell"],"picked":"Cursed Key"}],"items_purged_floors":[3,20,22],"is_endless":false,"potions_floor_spawned":[2,8,11,14,19,21,23],"killed_by":"Gremlin Leader","ascension_level":20}