{"gold_per_floor":[18,28,41,41,52,81,98,98,149,180,199,199,210,224,224,326,326,343,362,362,157,169,203,303,329,403,437,448,482,582,613,613,716,716,733,749,762,58,280,315,331,331,331,351,385,385,395,415,415,415],"floor_reached":51,"playtime":3254,"items_purged":["Decay","Strike_R"],"score":1285,"play_id":"7e68bf11-a8c1-4009-9f03-de9cfab13fdc","local_time":"20190528031924","is_ascension_mode":true,"campfire_choices":[{"floor":8.0,"key":"REST"},{"data":"Corruption","floor":15.0,"key":"SMITH"},{"data":"Barricade","floor":32.0,"key":"SMITH"},{"data":"Demon Form","floor":42,"key":"SMITH"},{"data":"Immolate","floor":46,"key":"SMITH"},{"data":"Burning Pact","floor":49,"key":"SMITH"}],"neow_cost":"NO_GOLD","seed_source_timestamp":40928819381626,"circlet_count":0,"master_deck":["Strike_R","Strike_R","Defend_R","Defend_R","Defend_R","Defend_R","Bash","Flex","Burning Pact+1","Headbutt","Pommel Strike","Disarm","Immolate+1","Havoc+1","Offering+1","Corruption+1","Flame Barrier+1","Barricade+1","Havoc+1","Warcry+1","Spot Weakness+1","Seeing Red+1","Inflame","Havoc+1","Armaments+1","True Grit+1","Flame Barrier+1","Clothesline","Double Tap+1","Warcry+1","Offering+1","Havoc+1","Flex+1","Power Through+1","Demon Form+1","Shrug It Off+1","True Grit+1","Heavy Blade+1","Intimidate+1","Shrug It Off+1","Metallicize+1","Shockwave+1","Flame Barrier+1"],"special_seed":0,"relics":["Burning Blood","Pen Nib","Orichalcum","Toxic Egg 2","Boot","Orrery","Meat on the Bone","Bottled Tornado","Bottled Lightning","Potion Belt","Sundial","Torii","Ornamental Fan","Red Mask","White Beast Statue","Pocketwatch","Happy Flower","Bottled Flame"],"potions_floor_usage":[40,40,44,44,44,45,50,50,50,50],"damage_taken":[{"damage":1.0,"enemies":"Cultist","floor":1.0,"turns":4.0},{"damage":0.0,"enemies":"2 Louse","floor":2.0,"turns":2.0},{"damage":21.0,"enemies":"Jaw Worm","floor":3.0,"turns":4.0},{"damage":17.0,"enemies":"Looter","floor":5.0,"turns":3.0},{"damage":36.0,"enemies":"Gremlin Nob","floor":6.0,"turns":4.0},{"damage":9.0,"enemies":"Red Slaver","floor":7.0,"turns":3.0},{"damage":10.0,"enemies":"3 Sentries","floor":10.0,"turns":4.0},{"damage":7.0,"enemies":"Blue Slaver","floor":11.0,"turns":2.0},{"damage":3.0,"enemies":"Looter","floor":13.0,"turns":2.0},{"damage":1.0,"enemies":"Gremlin Gang","floor":14.0,"turns":2.0},{"damage":21.0,"enemies":"The Guardian","floor":16.0,"turns":9.0},{"damage":6.0,"enemies":"Shell Parasite","floor":18.0,"turns":1.0},{"damage":13.0,"enemies":"Spheric Guardian","floor":19.0,"turns":4.0},{"damage":32.0,"enemies":"Centurion and Healer","floor":22.0,"turns":5.0},{"damage":20.0,"enemies":"Gremlin Leader","floor":23.0,"turns":5.0},{"damage":14.0,"enemies":"Book of Stabbing","floor":25.0,"turns":3.0},{"damage":0.0,"enemies":"Gremlin Leader","floor":27.0,"turns":7.0},{"damage":18.0,"enemies":"Snake Plant","floor":28.0,"turns":4.0},{"damage":6.0,"enemies":"Slavers","floor":29.0,"turns":5.0},{"damage":28.0,"enemies":"Colosseum Slavers","floor":30.0,"turns":4.0},{"damage":20.0,"enemies":"Colosseum Nobs","floor":30.0,"turns":4.0},{"damage":7.0,"enemies":"Masked Bandits","floor":31.0,"turns":4.0},{"damage":7,"enemies":"Automaton","floor":33,"turns":8},{"damage":10,"enemies":"3 Shapes","floor":35,"turns":5},{"damage":19,"enemies":"Orb Walker","floor":36,"turns":4},{"damage":0,"enemies":"Sphere and 2 Shapes","floor":37,"turns":3},{"damage":13,"enemies":"Nemesis","floor":40,"turns":5},{"damage":6,"enemies":"Maw","floor":41,"turns":8},{"damage":27,"enemies":"Jaw Worm Horde","floor":44,"turns":6},{"damage":12,"enemies":"Giant Head","floor":45,"turns":6},{"damage":21,"enemies":"3 Darklings","floor":47,"turns":4},{"damage":0,"enemies":"Spire Growth","floor":48,"turns":4},{"damage":47,"enemies":"Awakened One","floor":50,"turns":12}],"seed_played":"-4369144501247469083","potions_obtained":[{"floor":2.0,"key":"Strength Potion"},{"floor":5.0,"key":"Strength Potion"},{"floor":7.0,"key":"FearPotion"},{"floor":10.0,"key":"SpeedPotion"},{"floor":11.0,"key":"EssenceOfSteel"},{"floor":16.0,"key":"AttackPotion"},{"floor":19.0,"key":"Explosive Potion"},{"floor":22.0,"key":"Poison Potion"},{"floor":27.0,"key":"FearPotion"},{"floor":35,"key":"Ancient Potion"},{"floor":36,"key":"PowerPotion"},{"floor":37,"key":"Block Potion"},{"floor":40,"key":"Poison Potion"},{"floor":41,"key":"BloodPotion"},{"floor":44,"key":"SteroidPotion"},{"floor":45,"key":"Block Potion"},{"floor":47,"key":"EssenceOfSteel"},{"floor":48,"key":"BloodPotion"}],"is_trial":false,"path_per_floor":["M","M","M","$","M","E","M","R","T","E","M","?","M","M","R","B",null,"M","M","?","$","M","E","?","E","T","E","M","E","?","?","R","B",null,"M","M","M","$","?","E","M","R","T","M","E","R","M","M","R","B",null],"character_chosen":"IRONCLAD","items_purchased":["Inflame","Havoc+1","Demon Form","Shrug It Off+1","True Grit+1","Pocketwatch","BloodPotion"],"campfire_rested":1,"item_purchase_floors":[21,21,38,38,38,38,38],"current_hp_per_floor":[77,80,65,65,54,24,21,45,45,41,40,40,43,48,48,33,68,68,61,61,61,35,21,21,25,25,43,43,55,43,54,54,53,73,69,56,62,62,62,55,55,55,55,50,56,56,53,59,59,38],"gold":415,"neow_bonus":"TRANSFORM_TWO_CARDS","is_prod":false,"is_daily":false,"chose_seed":false,"campfire_upgraded":5,"win_rate":0,"timestamp":1559027964,"path_taken":["M","M","M","$","M","E","M","R","T","E","?","?","?","M","R","BOSS","M","M","?","$","M","E","?","E","T","E","?","E","?","?","R","BOSS","M","M","M","$","?","E","M","R","T","M","E","R","M","M","R","BOSS"],"build_version":"2019-01-23","purchased_purges":2,"victory":true,"max_hp_per_floor":[80,80,80,80,80,80,80,80,80,80,80,80,80,80,80,80,80,80,80,80,80,80,80,80,80,80,80,80,80,80,80,80,80,80,80,80,80,80,80,80,80,80,80,80,80,80,80,80,80,80],"card_choices":[{"not_picked":["Flex","Pummel"],"picked":"Headbutt","floor":1.0},{"not_picked":["Warcry","Flex"],"picked":"Pommel Strike","floor":2.0},{"not_picked":["Clothesline","Dropkick"],"picked":"Feel No Pain","floor":3.0},{"not_picked":["Twin Strike","Warcry"],"picked":"Disarm","floor":5.0},{"not_picked":["Anger","Blood for Blood","Wild Strike"],"picked":"SKIP","floor":6.0},{"not_picked":["Shrug It Off","Twin Strike"],"picked":"Immolate","floor":7.0},{"not_picked":["Heavy Blade","Feel No Pain"],"picked":"Havoc","floor":10.0},{"not_picked":["Wild Strike","Pommel Strike"],"picked":"Offering+1","floor":11.0},{"not_picked":["Flex+1","Sword Boomerang"],"picked":"Corruption","floor":13.0},{"not_picked":["Flex+1","Rampage"],"picked":"Flame Barrier+1","floor":14.0},{"not_picked":["Double Tap+1","Impervious+1"],"picked":"Barricade","floor":16.0},{"not_picked":["Cleave","Perfected Strike"],"picked":"Havoc+1","floor":17.0},{"not_picked":["Pummel","Anger"],"picked":"Warcry+1","floor":17.0},{"not_picked":["Sever Soul","Body Slam"],"picked":"Spot Weakness+1","floor":17.0},{"not_picked":["Cleave","Dual Wield+1"],"picked":"Seeing Red+1","floor":18.0},{"not_picked":["Sword Boomerang","Wild Strike","Dual Wield+1"],"picked":"SKIP","floor":19.0},{"not_picked":["Thunderclap","Rupture"],"picked":"Armaments+1","floor":22.0},{"not_picked":["Juggernaut","Armaments+1"],"picked":"True Grit+1","floor":23.0},{"not_picked":["Body Slam","Twin Strike+1"],"picked":"Flame Barrier+1","floor":25.0},{"not_picked":["Wild Strike","Rupture"],"picked":"Clothesline","floor":27.0},{"not_picked":["Dual Wield+1","Armaments+1","Sword Boomerang"],"picked":"SKIP","floor":28.0},{"not_picked":["Metallicize","True Grit+1"],"picked":"Double Tap+1","floor":29.0},{"not_picked":["Blood for Blood","Pommel Strike"],"picked":"Warcry+1","floor":30.0},{"not_picked":["Brutality","Berserk"],"picked":"Offering+1","floor":33},{"not_picked":["Hemokinesis+1","Perfected Strike"],"picked":"Havoc+1","floor":35},{"not_picked":["Armaments+1","Sword Boomerang"],"picked":"Flex+1","floor":36},{"not_picked":["Armaments+1","Clash"],"picked":"Power Through+1","floor":37},{"not_picked":["Searing Blow+1","Brutality"],"picked":"Heavy Blade+1","floor":40},{"not_picked":["Clash","Uppercut"],"picked":"Intimidate+1","floor":41},{"not_picked":["Warcry+1","Cleave"],"picked":"Shrug It Off+1","floor":44},{"not_picked":["Uppercut","Armaments+1"],"picked":"Metallicize+1","floor":45},{"not_picked":["Disarm+1","Sever Soul+1"],"picked":"Shockwave+1","floor":47},{"not_picked":["Pommel Strike","Heavy Blade+1"],"picked":"Flame Barrier+1","floor":48}],"player_experience":293452,"relics_obtained":[{"floor":6.0,"key":"Pen Nib"},{"floor":9.0,"key":"Orichalcum"},{"floor":10.0,"key":"Toxic Egg 2"},{"floor":23.0,"key":"Meat on the Bone"},{"floor":25.0,"key":"Bottled Tornado"},{"floor":26.0,"key":"Bottled Lightning"},{"floor":27.0,"key":"Potion Belt"},{"floor":29.0,"key":"Sundial"},{"floor":30.0,"key":"Torii"},{"floor":30.0,"key":"Ornamental Fan"},{"floor":31.0,"key":"Red Mask"},{"floor":40,"key":"Happy Flower"},{"floor":45,"key":"Bottled Flame"}],"event_choices":[{"cards_removed":["Feel No Pain"],"damage_healed":0.0,"max_hp_gain":0.0,"max_hp_loss":0.0,"gold_gain":0.0,"event_name":"WeMeetAgain","player_choice":"Gave Card","floor":12.0,"gold_loss":0.0,"damage_taken":0.0,"relics_obtained":["Boot"]},{"damage_healed":0.0,"max_hp_gain":0.0,"max_hp_loss":0.0,"gold_gain":0.0,"event_name":"Forgotten Altar","player_choice":"Smashed Altar","floor":20.0,"gold_loss":0.0,"damage_taken":0.0,"cards_obtained":["Decay"]},{"damage_healed":0.0,"max_hp_gain":0.0,"max_hp_loss":0.0,"gold_gain":100.0,"event_name":"Golden Shrine","player_choice":"Pray","floor":24.0,"gold_loss":0.0,"damage_taken":0.0},{"damage_healed":0.0,"max_hp_gain":0.0,"max_hp_loss":0.0,"gold_gain":0.0,"event_name":"Colosseum","player_choice":"Fight","floor":30.0,"gold_loss":0.0,"damage_taken":0.0},{"damage_healed":0.0,"max_hp_gain":0.0,"max_hp_loss":0.0,"gold_gain":0.0,"event_name":"Colosseum","player_choice":"Fought Nobs","floor":30.0,"gold_loss":0.0,"damage_taken":0.0},{"damage_healed":0.0,"max_hp_gain":0.0,"max_hp_loss":0.0,"gold_gain":0.0,"event_name":"Masked Bandits","player_choice":"Fought Bandits","floor":31.0,"gold_loss":0.0,"damage_taken":0.0},{"damage_healed":0,"gold_gain":222,"player_choice":"Wore Mask","damage_taken":0,"max_hp_gain":0,"max_hp_loss":0,"event_name":"Tomb of Lord Red Mask","floor":39,"gold_loss":0}],"is_beta":false,"boss_relics":[{"not_picked":["Eternal Feather","Ectoplasm"],"picked":"Orrery"},{"not_picked":["Lizard Tail","Busted Crown"],"picked":"White Beast Statue"}],"items_purged_floors":[21,38],"is_endless":false,"potions_floor_spawned":[2,5,7,10,11,16,19,22,27,30,35,36,37,40,41,44,45,47,48],"ascension_level":7}