{"gold_per_floor":[116,131,146,160,173,198,273,273,273,273,292,292,292,68,68,164,164,174,174,174,189,202,202,45,45,69,94,112,112,132,159,159,256,256,270,289,389,389,409,409,425,425,425,46,80,94,94,109,109,109],"floor_reached":51,"playtime":3804,"items_purged":["Strike_R"],"score":763,"play_id":"8a752356-86cf-412a-966d-236661e77237","local_time":"20190625125513","is_ascension_mode":true,"campfire_choices":[{"data":"Whirlwind","floor":8,"key":"SMITH"},{"data":"Iron Wave","floor":10,"key":"SMITH"},{"data":"Anger","floor":12,"key":"SMITH"},{"floor":15,"key":"REST"},{"data":"Shrug It Off","floor":23,"key":"SMITH"},{"data":"Flex","floor":25,"key":"SMITH"},{"data":"Infernal Blade","floor":29,"key":"SMITH"},{"data":"Corruption","floor":32,"key":"SMITH"},{"data":"Exhume","floor":40,"key":"SMITH"},{"data":"Ghostly Armor","floor":42,"key":"SMITH"},{"data":"Demon Form","floor":47,"key":"SMITH"},{"floor":49,"key":"REST"}],"neow_cost":"PERCENT_DAMAGE","seed_source_timestamp":899356709317192,"circlet_count":0,"master_deck":["Strike_R","Strike_R","Strike_R","Strike_R+1","Defend_R","Defend_R","Defend_R","Defend_R","Bash+1","Iron Wave+1","Battle Trance","Anger+1","Pommel Strike","Whirlwind+1","Headbutt","Flex+1","Exhume+1","Pummel","RitualDagger","Shrug It Off+1","Sentinel+1","Infernal Blade+1","Demon Form+1","Corruption+1","Limit Break","Iron Wave+1","Ghostly Armor+1","Ghostly Armor+1","Armaments+1"],"relics":["Black Blood","Pocketwatch","Art of War","Dead Branch","Anchor","Cursed Key","Omamori","Boot","Nunchaku","Champion Belt","Ice Cream","Whetstone","Charon\u0027s Ashes","Sundial"],"potions_floor_usage":[6,11,16,30,31,33,35,36,45,46,50],"damage_taken":[{"damage":12,"enemies":"Jaw Worm","floor":1,"turns":2},{"damage":5,"enemies":"Small Slimes","floor":2,"turns":3},{"damage":3,"enemies":"2 Louse","floor":3,"turns":3},{"damage":4,"enemies":"Exordium Wildlife","floor":4,"turns":5},{"damage":0,"enemies":"Large Slime","floor":5,"turns":5},{"damage":36,"enemies":"Lagavulin","floor":6,"turns":6},{"damage":5,"enemies":"Exordium Thugs","floor":11,"turns":3},{"damage":18,"enemies":"Slime Boss","floor":16,"turns":7},{"damage":12,"enemies":"2 Thieves","floor":18,"turns":2},{"damage":0,"enemies":"Chosen","floor":21,"turns":2},{"damage":6,"enemies":"Snecko","floor":22,"turns":4},{"damage":25,"enemies":"Gremlin Leader","floor":27,"turns":9},{"damage":0,"enemies":"Centurion and Healer","floor":28,"turns":4},{"damage":3,"enemies":"Shelled Parasite and Fungi","floor":30,"turns":3},{"damage":11,"enemies":"Slavers","floor":31,"turns":5},{"damage":37,"enemies":"Champ","floor":33,"turns":8},{"damage":11,"enemies":"Orb Walker","floor":35,"turns":3},{"damage":0,"enemies":"3 Darklings","floor":36,"turns":3},{"damage":0,"enemies":"Mind Bloom Boss Battle","floor":37,"turns":3},{"damage":9,"enemies":"4 Shapes","floor":39,"turns":6},{"damage":33,"enemies":"Writhing Mass","floor":41,"turns":7},{"damage":0,"enemies":"Giant Head","floor":45,"turns":5},{"damage":27,"enemies":"Spire Growth","floor":46,"turns":6},{"damage":29,"enemies":"Transient","floor":48,"turns":5},{"damage":15,"enemies":"Awakened One","floor":50,"turns":9}],"seed_played":"1901845983462568065","potions_obtained":[{"floor":2,"key":"Dexterity Potion"},{"floor":3,"key":"Energy Potion"},{"floor":6,"key":"SkillPotion"},{"floor":22,"key":"GamblersBrew"},{"floor":27,"key":"GamblersBrew"},{"floor":30,"key":"PowerPotion"},{"floor":33,"key":"Fruit Juice"},{"floor":35,"key":"Swift Potion"},{"floor":36,"key":"PowerPotion"},{"floor":37,"key":"SteroidPotion"},{"floor":48,"key":"BloodPotion"}],"is_trial":false,"path_per_floor":["M","M","M","M","M","E","?","R","T","R","M","R","?","$","R","B",null,"M","?","?","M","M","R","$","R","T","E","M","R","M","E","R","B",null,"M","M","?","?","M","R","M","R","T","$","E","M","R","M","R","B",null],"character_chosen":"IRONCLAD","items_purchased":["Anchor","Omamori","Charon\u0027s Ashes","Regen Potion"],"campfire_rested":2,"item_purchase_floors":[14,24,44,44],"current_hp_per_floor":[50,51,54,56,62,32,21,21,21,21,22,22,48,48,72,60,80,74,68,68,74,74,74,74,74,74,55,61,61,64,59,59,28,80,84,85,85,85,85,85,62,62,62,62,84,67,67,48,73,76],"gold":109,"neow_bonus":"ONE_RARE_RELIC","is_prod":false,"is_daily":false,"chose_seed":false,"campfire_upgraded":10,"win_rate":0,"timestamp":1561492513,"path_taken":["M","M","M","M","M","E","?","R","T","R","M","R","?","$","R","BOSS","M","?","?","M","M","R","$","R","T","E","M","R","M","E","R","BOSS","M","M","?","?","M","R","M","R","T","$","E","M","R","?","R","BOSS"],"build_version":"2019-01-23","purchased_purges":1,"victory":true,"max_hp_per_floor":[80,80,80,80,80,80,80,80,80,80,80,80,80,80,80,80,80,80,80,80,80,80,80,80,80,80,80,80,80,80,80,80,80,80,85,85,85,85,85,85,85,85,85,85,85,85,85,85,85,85],"card_choices":[{"not_picked":["Pummel","Evolve"],"picked":"Iron Wave","floor":1},{"not_picked":["True Grit","Burning Pact"],"picked":"Battle Trance","floor":2},{"not_picked":["Wild Strike","Sword Boomerang"],"picked":"Anger","floor":3},{"not_picked":["True Grit","Wild Strike"],"picked":"Pommel Strike","floor":4},{"not_picked":["Burning Pact","Flex"],"picked":"Whirlwind","floor":5},{"not_picked":["Twin Strike","Dark Embrace"],"picked":"Headbutt","floor":6},{"not_picked":["Headbutt","Twin Strike"],"picked":"Flex","floor":11},{"not_picked":["Berserk","Juggernaut"],"picked":"Exhume","floor":16},{"not_picked":["Armaments","Fire Breathing+1"],"picked":"Pummel","floor":18},{"not_picked":["Rupture","Iron Wave"],"picked":"Shrug It Off","floor":21},{"not_picked":["Body Slam","Flex+1","Wild Strike+1"],"picked":"SKIP","floor":22},{"not_picked":["Whirlwind","Headbutt"],"picked":"Sentinel+1","floor":27},{"not_picked":["Fire Breathing","Blood for Blood"],"picked":"Infernal Blade","floor":28},{"not_picked":["Body Slam","Twin Strike"],"picked":"Demon Form","floor":30},{"not_picked":["Shrug It Off","Searing Blow"],"picked":"Corruption","floor":31},{"not_picked":["Demon Form","Brutality"],"picked":"Limit Break","floor":33},{"not_picked":["Fire Breathing","True Grit","Clash"],"picked":"SKIP","floor":35},{"not_picked":["Pommel Strike+1","Rampage"],"picked":"Iron Wave+1","floor":36},{"not_picked":["Armaments+1","Anger"],"picked":"Ghostly Armor+1","floor":37},{"not_picked":["Exhume","Anger+1"],"picked":"Ghostly Armor","floor":39},{"not_picked":["Heavy Blade","Sever Soul","Dropkick"],"picked":"SKIP","floor":41},{"not_picked":["Dropkick","Reckless Charge+1","Heavy Blade+1"],"picked":"SKIP","floor":45},{"not_picked":["Rampage+1","Headbutt+1","Sword Boomerang+1"],"picked":"SKIP","floor":46},{"not_picked":["Flex+1","True Grit+1"],"picked":"Armaments+1","floor":48}],"player_experience":494959,"relics_obtained":[{"floor":6,"key":"Art of War"},{"floor":9,"key":"Dead Branch"},{"floor":26,"key":"Boot"},{"floor":27,"key":"Nunchaku"},{"floor":31,"key":"Champion Belt"},{"floor":37,"key":"Ice Cream"},{"floor":43,"key":"Whetstone"},{"floor":45,"key":"Sundial"}],"event_choices":[{"damage_healed":0,"gold_gain":75,"player_choice":"Gather Gold","damage_taken":11,"max_hp_gain":0,"max_hp_loss":0,"event_name":"World of Goop","floor":7,"gold_loss":0},{"damage_healed":26,"gold_gain":0,"player_choice":"Banana","damage_taken":0,"max_hp_gain":0,"max_hp_loss":0,"event_name":"Big Fish","floor":13,"gold_loss":0},{"damage_healed":0,"gold_gain":0,"player_choice":"Joined the Cult","damage_taken":6,"max_hp_gain":0,"max_hp_loss":0,"event_name":"Nest","floor":19,"gold_loss":0,"cards_obtained":["RitualDagger"]},{"damage_healed":0,"gold_gain":0,"player_choice":"Ignored","damage_taken":0,"max_hp_gain":0,"max_hp_loss":0,"event_name":"Vampires","floor":20,"gold_loss":0},{"damage_healed":0,"gold_gain":0,"player_choice":"Fight","damage_taken":0,"max_hp_gain":0,"max_hp_loss":0,"event_name":"MindBloom","floor":37,"gold_loss":0},{"damage_healed":0,"gold_gain":0,"player_choice":"Ignored","damage_taken":0,"max_hp_gain":0,"max_hp_loss":0,"event_name":"Tomb of Lord Red Mask","floor":38,"gold_loss":0}],"is_beta":false,"boss_relics":[{"not_picked":["Lizard Tail","Philosopher\u0027s Stone"],"picked":"Cursed Key"},{"not_picked":["Mark of Pain","Astrolabe"],"picked":"Black Blood"}],"items_purged_floors":[14],"is_endless":false,"potions_floor_spawned":[2,3,6,22,27,30,33,35,36,37,48],"ascension_level":2}