{"gold_per_floor":[111,123,198,198,21,21,51,51,51,51,51,67,94,104,104,202,202,219,238,257,257],"floor_reached":21,"playtime":2717,"items_purged":["Defend_G"],"score":189,"play_id":"6b903341-3cf3-4cb6-9e91-5a2e502117b2","local_time":"20190529202616","is_ascension_mode":false,"campfire_choices":[{"data":"Endless Agony","floor":6,"key":"SMITH"},{"floor":11,"key":"REST"},{"data":"Noxious Fumes","floor":15,"key":"SMITH"}],"neow_cost":"NONE","seed_source_timestamp":3785889126157815,"circlet_count":0,"master_deck":["Defend_G","Defend_G","Defend_G","Defend_G","Strike_G","Strike_G","Strike_G","Strike_G","Strike_G","Survivor","Neutralize","Deflect","Choke+1","Endless Agony+1","Backflip","Prepared","Noxious Fumes+1","Prepared","Burst","Blade Dance","Finisher","Backstab"],"relics":["Ring of the Snake","Kunai","Mercury Hourglass","GremlinMask","Dream Catcher","Eternal Feather"],"potions_floor_usage":[16,21],"damage_taken":[{"damage":0,"enemies":"2 Louse","floor":1,"turns":3},{"damage":0,"enemies":"Cultist","floor":2,"turns":5},{"damage":27,"enemies":"Gremlin Nob","floor":7,"turns":4},{"damage":0,"enemies":"Small Slimes","floor":12,"turns":4},{"damage":7,"enemies":"Lagavulin","floor":13,"turns":6},{"damage":7,"enemies":"Exordium Wildlife","floor":14,"turns":4},{"damage":32,"enemies":"Hexaghost","floor":16,"turns":12},{"damage":11,"enemies":"Shell Parasite","floor":18,"turns":7},{"damage":6,"enemies":"Chosen","floor":19,"turns":5},{"damage":25,"enemies":"Snake Plant","floor":20,"turns":5},{"damage":42,"enemies":"Masked Bandits","floor":21,"turns":5}],"seed_played":"6218623649653581468","potions_obtained":[{"floor":1,"key":"PowerPotion"},{"floor":2,"key":"Fruit Juice"},{"floor":13,"key":"SkillPotion"},{"floor":16,"key":"SteroidPotion"},{"floor":19,"key":"SpeedPotion"},{"floor":20,"key":"Ancient Potion"}],"is_trial":false,"path_per_floor":["M","M","?","?","$","R","E","$","T","?","R","M","E","M","R","B",null,"M","M","M","?"],"character_chosen":"THE_SILENT","items_purchased":["Endless Agony","Backflip"],"campfire_rested":1,"item_purchase_floors":[5,5],"current_hp_per_floor":[77,77,66,66,66,66,39,39,39,39,62,62,55,48,48,21,82,71,65,40,0],"gold":257,"neow_bonus":"TEN_PERCENT_HP_BONUS","is_prod":false,"is_daily":false,"chose_seed":false,"campfire_upgraded":2,"win_rate":0.0,"timestamp":1559179576,"path_taken":["M","M","?","?","$","R","E","$","T","?","R","M","E","M","R","BOSS","M","?","M","?"],"build_version":"2019-01-23","purchased_purges":1,"victory":false,"max_hp_per_floor":[77,77,77,77,77,77,77,77,77,77,77,77,77,77,77,82,82,82,82,82,82],"card_choices":[{"not_picked":["Eviscerate","Backflip"],"picked":"Deflect","floor":1},{"not_picked":["Masterful Stab","Prepared"],"picked":"Choke","floor":2},{"not_picked":["All Out Attack","Flying Knee"],"picked":"Prepared","floor":7},{"not_picked":["Reflex","Underhanded Strike"],"picked":"Noxious Fumes","floor":12},{"not_picked":["Dash","Distraction","Underhanded Strike"],"picked":"SKIP","floor":13},{"not_picked":["Flying Knee","Backflip"],"picked":"Prepared","floor":14},{"not_picked":["Unload","Glass Knife"],"picked":"Burst","floor":16},{"not_picked":["Dodge and Roll+1","Heel Hook"],"picked":"Blade Dance","floor":18},{"not_picked":["PiercingWail+1","Masterful Stab"],"picked":"Finisher","floor":19},{"not_picked":["Outmaneuver","Flying Knee"],"picked":"Backstab","floor":20}],"player_experience":5500,"relics_obtained":[{"floor":7,"key":"Kunai"},{"floor":9,"key":"Mercury Hourglass"},{"floor":13,"key":"Dream Catcher"}],"event_choices":[{"damage_healed":0,"gold_gain":75,"player_choice":"Gather Gold","damage_taken":11,"max_hp_gain":0,"max_hp_loss":0,"event_name":"World of Goop","floor":3,"gold_loss":0},{"damage_healed":0,"gold_gain":0,"player_choice":"Grow","damage_taken":0,"max_hp_gain":0,"max_hp_loss":0,"event_name":"Living Wall","floor":4,"gold_loss":0,"cards_upgraded":["Choke"]},{"damage_healed":0,"gold_gain":0,"player_choice":"Trade","damage_taken":0,"relics_obtained":["GremlinMask"],"max_hp_gain":0,"max_hp_loss":0,"event_name":"FaceTrader","floor":10,"gold_loss":0},{"damage_healed":0,"gold_gain":0,"player_choice":"Fought Bandits","damage_taken":0,"max_hp_gain":0,"max_hp_loss":0,"event_name":"Masked Bandits","floor":21,"gold_loss":0}],"is_beta":false,"boss_relics":[{"not_picked":["Sozu","Snecko Eye"],"picked":"Eternal Feather"}],"items_purged_floors":[5],"is_endless":false,"potions_floor_spawned":[1,2,13,16,19,20],"killed_by":"Masked Bandits","ascension_level":0}