{"gold_per_floor":[216,141,154,171,25,25,59,70,70,81,81,81,96,71,71,174,174,192,67,78,91,101,101,135,135,135,185,104,131,212,237,249,364,376,403,479,541,603,742,754,834,864,902,926,229,379,379,399,399,399],"floor_reached":51,"playtime":2097,"items_purged":["Strike_B","Strike_B","Strike_B","Defend_B"],"score":739,"play_id":"a6f88f59-2d95-4f97-aef8-fe4a3d4b7c1b","local_time":"20190522021800","is_ascension_mode":false,"campfire_choices":[{"data":"Zap","floor":6.0,"key":"SMITH"},{"data":"Rainbow","floor":11.0,"key":"SMITH"},{"data":"1","floor":15.0,"key":"LIFT"},{"data":"2","floor":23.0,"key":"LIFT"},{"data":"3","floor":25.0,"key":"LIFT"},{"floor":32.0,"key":"REST"},{"data":"Hologram","floor":40.0,"key":"SMITH"},{"data":"Hologram","floor":47.0,"key":"SMITH"},{"data":"Apotheosis","floor":49,"key":"SMITH"}],"neow_cost":"NONE","seed_source_timestamp":2779115509521,"circlet_count":0,"master_deck":["Defend_B","Defend_B+1","Defend_B","Zap+1","Dualcast","Hologram+1","Tempest","Rainbow+1","Ball Lightning","Compile Driver","Barrage","Ball Lightning","Conserve Battery+1","Ball Lightning","Electrodynamics","Reinforced Body","Defragment+1","Self Repair","Conserve Battery","Ball Lightning","Echo Form","Apotheosis+1","Hologram+1","Leap"],"special_seed":0,"relics":["Cracked Core","Girya","Torii","SsserpentHead","Busted Crown","Ginger","Letter Opener","MawBank","Sozu","Matryoshka","Art of War","War Paint","Turnip","Gambling Chip"],"potions_floor_usage":[50,50],"damage_taken":[{"damage":1.0,"enemies":"Cultist","floor":1.0,"turns":3.0},{"damage":2.0,"enemies":"Jaw Worm","floor":3.0,"turns":4.0},{"damage":0.0,"enemies":"2 Louse","floor":4.0,"turns":2.0},{"damage":8.0,"enemies":"Lagavulin","floor":7.0,"turns":4.0},{"damage":16.0,"enemies":"Lots of Slimes","floor":8.0,"turns":3.0},{"damage":4.0,"enemies":"Gremlin Gang","floor":10.0,"turns":4.0},{"damage":0.0,"enemies":"Large Slime","floor":13.0,"turns":2.0},{"damage":11.0,"enemies":"The Guardian","floor":16.0,"turns":8.0},{"damage":0.0,"enemies":"Spheric Guardian","floor":18.0,"turns":2.0},{"damage":0.0,"enemies":"3 Byrds","floor":20.0,"turns":3.0},{"damage":14.0,"enemies":"Snecko","floor":22.0,"turns":4.0},{"damage":27.0,"enemies":"Slavers","floor":24.0,"turns":2.0},{"damage":16.0,"enemies":"Gremlin Leader","floor":29.0,"turns":4.0},{"damage":1.0,"enemies":"Snake Plant","floor":30.0,"turns":3.0},{"damage":12.0,"enemies":"Shelled Parasite and Fungi","floor":31.0,"turns":4.0},{"damage":21.0,"enemies":"Collector","floor":33.0,"turns":7.0},{"damage":1.0,"enemies":"Orb Walker","floor":35.0,"turns":3.0},{"damage":1.0,"enemies":"3 Shapes","floor":36.0,"turns":2.0},{"damage":17.0,"enemies":"Writhing Mass","floor":41.0,"turns":4.0},{"damage":9.0,"enemies":"3 Darklings","floor":42.0,"turns":3.0},{"damage":8.0,"enemies":"Maw","floor":44.0,"turns":6.0},{"damage":7.0,"enemies":"Mind Bloom Boss Battle","floor":46.0,"turns":5.0},{"damage":8.0,"enemies":"4 Shapes","floor":48.0,"turns":4.0},{"damage":25,"enemies":"Donu and Deca","floor":50,"turns":6}],"seed_played":"3803974359593376639","potions_obtained":[{"floor":4.0,"key":"FocusPotion"},{"floor":10.0,"key":"Poison Potion"},{"floor":16.0,"key":"Regen Potion"},{"floor":24.0,"key":"Ancient Potion"},{"floor":29.0,"key":"Block Potion"},{"floor":30.0,"key":"Weak Potion"},{"floor":31.0,"key":"SteroidPotion"}],"is_trial":false,"path_per_floor":["M","$","M","M","$","R","E","M","T","M","R","?","M","$","R","B",null,"M","$","M","$","M","R","E","R","T","?","$","E","M","M","R","B",null,"M","M","?","?","T","R","M","M","T","M","$","?","R","M","R","B",null],"character_chosen":"DEFECT","items_purchased":["Ball Lightning","Ball Lightning","Reinforced Body","Self Repair","Apotheosis","Hologram","Leap","Turnip"],"campfire_rested":1,"item_purchase_floors":[5,14,21,28,45,45,45,45],"current_hp_per_floor":[74,74,72,72,72,72,64,48,48,44,44,44,44,44,44,33,75,75,75,75,75,61,61,39,39,39,39,39,30,36,31,53,32,75,75,74,74,74,74,74,64,62,62,68,68,71,71,73,73,48],"gold":399,"neow_bonus":"HUNDRED_GOLD","is_prod":false,"is_daily":false,"chose_seed":false,"campfire_upgraded":5,"win_rate":0,"timestamp":1558513080,"path_taken":["M","$","?","M","$","R","E","M","T","M","R","?","M","$","R","BOSS","M","$","M","?","M","R","E","R","T","?","$","E","?","M","R","BOSS","M","?","?","?","?","R","?","M","T","M","$","?","R","M","R","BOSS"],"build_version":"2019-01-23","purchased_purges":4,"victory":true,"max_hp_per_floor":[75,75,75,75,75,75,75,75,75,75,75,75,75,75,75,75,75,75,75,75,75,75,75,75,75,75,75,75,75,75,75,75,75,75,75,75,75,75,75,75,75,75,75,75,75,75,75,75,75,75],"card_choices":[{"not_picked":["Beam Cell","Go for the Eyes"],"picked":"Hologram","floor":1.0},{"not_picked":["Leap","Compile Driver"],"picked":"Tempest","floor":3.0},{"not_picked":["Turbo","White Noise"],"picked":"Rainbow","floor":4.0},{"not_picked":["Reprogram","Genetic Algorithm"],"picked":"Compile Driver","floor":7.0},{"not_picked":["Compile Driver","Fusion"],"picked":"Barrage","floor":8.0},{"not_picked":["Hyperbeam","Skim"],"picked":"Ball Lightning","floor":10.0},{"not_picked":["Sweeping Beam","Redo"],"picked":"Conserve Battery","floor":13.0},{"not_picked":["Biased Cognition","Machine Learning"],"picked":"Electrodynamics","floor":16.0},{"not_picked":["Go for the Eyes"],"picked":"SKIP","floor":18.0},{"not_picked":["Double Energy"],"picked":"SKIP","floor":20.0},{"not_picked":["Compile Driver+1"],"picked":"SKIP","floor":22.0},{"not_picked":[],"picked":"Defragment+1","floor":24.0},{"not_picked":["Coolheaded"],"picked":"SKIP","floor":29.0},{"not_picked":[],"picked":"Conserve Battery","floor":30.0},{"not_picked":[],"picked":"Ball Lightning","floor":31.0},{"not_picked":[],"picked":"Echo Form","floor":33.0},{"not_picked":["Sweeping Beam"],"picked":"SKIP","floor":35.0},{"not_picked":["Beam Cell"],"picked":"SKIP","floor":36.0},{"not_picked":["FTL"],"picked":"SKIP","floor":41.0},{"not_picked":["Streamline+1"],"picked":"SKIP","floor":42.0},{"not_picked":["Go for the Eyes"],"picked":"SKIP","floor":44.0},{"not_picked":["Consume"],"picked":"SKIP","floor":48.0}],"player_experience":1460906,"relics_obtained":[{"floor":7.0,"key":"Girya"},{"floor":9.0,"key":"Torii"},{"floor":24.0,"key":"Ginger"},{"floor":26.0,"key":"Letter Opener"},{"floor":29.0,"key":"MawBank"},{"floor":39.0,"key":"Matryoshka"},{"floor":43.0,"key":"Art of War"},{"floor":43.0,"key":"War Paint"},{"floor":46.0,"key":"Gambling Chip"}],"event_choices":[{"damage_healed":0.0,"max_hp_gain":0.0,"max_hp_loss":0.0,"gold_gain":0.0,"event_name":"FaceTrader","player_choice":"Trade","floor":12.0,"gold_loss":0.0,"damage_taken":0.0,"relics_obtained":["SsserpentHead"]},{"cards_removed":["Strike_B"],"damage_healed":0.0,"max_hp_gain":0.0,"max_hp_loss":0.0,"gold_gain":0.0,"event_name":"Purifier","player_choice":"Purged","floor":27.0,"gold_loss":0.0,"damage_taken":0.0},{"damage_healed":0.0,"max_hp_gain":0.0,"max_hp_loss":0.0,"gold_gain":0.0,"event_name":"Mysterious Sphere","player_choice":"Ignored","floor":37.0,"gold_loss":0.0,"damage_taken":0.0},{"damage_healed":0.0,"max_hp_gain":0.0,"max_hp_loss":0.0,"gold_gain":0.0,"event_name":"Tomb of Lord Red Mask","player_choice":"Ignored","floor":38.0,"gold_loss":0.0,"damage_taken":0.0},{"damage_healed":0.0,"max_hp_gain":0.0,"max_hp_loss":0.0,"gold_gain":0.0,"event_name":"MindBloom","player_choice":"Fight","floor":46.0,"gold_loss":0.0,"damage_taken":0.0}],"is_beta":false,"boss_relics":[{"not_picked":["FrozenCore","Coffee Dripper"],"picked":"Busted Crown"},{"not_picked":["Runic Pyramid","Snecko Eye"],"picked":"Sozu"}],"items_purged_floors":[2,5,19,45],"is_endless":false,"potions_floor_spawned":[4,10,16,24,29,30,31,36,48],"ascension_level":0}