{"gold_per_floor":[118,134,134,209,24,24,34,34,116,291,291,291,291,18,18,118,118,135,153,92,92,92,92,33,33,109,5,19,54,14,14,14,114,114,129,144,144,33,33,0,55,69,120,151,2,2,2,2,2,2],"floor_reached":50,"playtime":1453,"items_purged":["Strike_G"],"score":766,"play_id":"de15fd43-41a5-4a2b-8249-d396397c26c5","local_time":"20190625014210","is_ascension_mode":true,"campfire_choices":[{"floor":6,"key":"REST"},{"floor":8,"key":"REST"},{"data":"Footwork","floor":11,"key":"SMITH"},{"data":"Deadly Poison","floor":13,"key":"SMITH"},{"data":"Predator","floor":15,"key":"SMITH"},{"floor":23,"key":"REST"},{"data":"Noxious Fumes","floor":25,"key":"SMITH"},{"floor":32,"key":"REST"},{"floor":46,"key":"REST"},{"floor":49,"key":"REST"}],"neow_cost":"NONE","seed_source_timestamp":9640671297855,"circlet_count":0,"master_deck":["AscendersBane","Defend_G","Defend_G","Defend_G","Defend_G","Strike_G","Strike_G","Strike_G","Strike_G","Survivor","Neutralize+1","Predator+1","Deadly Poison+1","Footwork+1","Slice","Malaise","Crippling Poison","Footwork+1","Dash","Noxious Fumes+1","Blur","Deflect","Quick Slash+1","Escape Plan","Corpse Explosion","Terror","Cloak And Dagger+1","Choke+1","Predator"],"relics":["Ring of the Snake","Bag of Marbles","Juzu Bracelet","Question Card","Spirit Poop","Membership Card","Oddly Smooth Stone","Philosopher\u0027s Stone","MutagenicStrength","Sundial","Sling","Bottled Tornado","Fusion Hammer","Pocketwatch","Vajra","Red Mask","Ginger","Regal Pillow","Tingsha","Anchor"],"potions_floor_usage":[16,19,29,44,48],"damage_taken":[{"damage":0,"enemies":"2 Louse","floor":1,"turns":3},{"damage":17,"enemies":"Small Slimes","floor":2,"turns":3},{"damage":0,"enemies":"Cultist","floor":7,"turns":3},{"damage":46,"enemies":"Slime Boss","floor":16,"turns":14},{"damage":9,"enemies":"Spheric Guardian","floor":18,"turns":5},{"damage":15,"enemies":"3 Byrds","floor":19,"turns":7},{"damage":9,"enemies":"Centurion and Healer","floor":28,"turns":7},{"damage":0,"enemies":"Gremlin Leader","floor":29,"turns":7},{"damage":25,"enemies":"Collector","floor":33,"turns":11},{"damage":6,"enemies":"Orb Walker","floor":35,"turns":3},{"damage":5,"enemies":"3 Darklings","floor":36,"turns":3},{"damage":21,"enemies":"2 Orb Walkers","floor":41,"turns":3},{"damage":0,"enemies":"Sphere and 2 Shapes","floor":42,"turns":5},{"damage":7,"enemies":"Giant Head","floor":44,"turns":8},{"damage":6,"enemies":"Spire Growth","floor":48,"turns":4},{"damage":78,"enemies":"Awakened One","floor":50,"turns":9}],"seed_played":"4363669899392516332","potions_obtained":[{"floor":1,"key":"Strength Potion"},{"floor":18,"key":"PowerPotion"},{"floor":33,"key":"FearPotion"},{"floor":35,"key":"SmokeBomb"},{"floor":41,"key":"FearPotion"}],"is_trial":false,"path_per_floor":["M","M","?","?","$","R","M","R","T","?","R","?","R","$","R","B",null,"M","M","$","?","?","R","$","R","T","$","M","E","$","?","R","B",null,"M","M","?","$","?","?","?","M","T","E","$","R","$","M","R","B"],"character_chosen":"THE_SILENT","items_purchased":["Footwork","Juzu Bracelet","Membership Card","Oddly Smooth Stone","Dash","PowerPotion","Noxious Fumes","Blur","Sling","Escape Plan","Terror","Vajra","Predator","Anchor"],"campfire_rested":6,"item_purchase_floors":[5,5,14,14,20,20,24,24,27,30,38,38,45,45],"current_hp_per_floor":[63,46,34,23,23,44,44,65,65,65,65,65,65,65,65,19,57,48,33,33,33,20,42,42,42,42,42,33,33,33,33,55,30,64,58,53,53,53,53,53,32,32,32,25,25,62,62,56,75,0],"gold":2,"neow_bonus":"UPGRADE_CARD","is_prod":false,"is_daily":false,"chose_seed":false,"campfire_upgraded":4,"win_rate":0,"timestamp":1561398130,"path_taken":["M","M","?","?","$","R","M","R","T","?","R","?","R","$","R","BOSS","M","M","?","?","?","R","$","R","T","$","M","E","$","?","R","BOSS","M","M","?","$","?","?","?","M","T","E","$","R","?","M","R","BOSS"],"build_version":"2019-01-23","purchased_purges":1,"victory":false,"max_hp_per_floor":[70,70,70,70,70,70,70,70,70,70,70,70,70,70,70,70,70,70,70,70,70,75,75,75,75,75,75,75,75,75,75,75,75,75,75,75,75,75,75,75,75,75,75,75,75,75,75,75,75,75],"card_choices":[{"not_picked":["Flying Knee","Deflect"],"picked":"Predator","floor":1},{"not_picked":["Calculated Gamble","Dodge and Roll"],"picked":"Deadly Poison","floor":2},{"not_picked":["Choke","Dodge and Roll"],"picked":"Slice","floor":7},{"not_picked":["Burst","Envenom","Unload"],"picked":"Malaise","floor":16},{"not_picked":["Footwork","Slice","Outmaneuver+1"],"picked":"Crippling Poison","floor":18},{"not_picked":["Deadly Poison+1","Quick Slash","Eviscerate"],"picked":"Footwork+1","floor":19},{"not_picked":["Slice","Sucker Punch","Storm of Steel"],"picked":"Deflect","floor":28},{"not_picked":["Dagger Throw","Deadly Poison","PiercingWail"],"picked":"Quick Slash+1","floor":29},{"not_picked":["Glass Knife","A Thousand Cuts","Phantasmal Killer"],"picked":"Corpse Explosion","floor":33},{"not_picked":["Flying Knee+1","Slice+1","Finisher","Outmaneuver+1"],"picked":"SKIP","floor":35},{"not_picked":["Prepared+1","Dagger Throw","Slice+1","A Thousand Cuts"],"picked":"SKIP","floor":36},{"not_picked":["Sucker Punch","Poisoned Stab","Prepared+1"],"picked":"Cloak And Dagger+1","floor":41},{"not_picked":["Dagger Spray+1","Underhanded Strike+1","Tactician+1","Deflect"],"picked":"SKIP","floor":42},{"not_picked":["Endless Agony","Well Laid Plans+1","Slice+1"],"picked":"Choke+1","floor":44}],"player_experience":554337,"relics_obtained":[{"floor":9,"key":"Question Card"},{"floor":26,"key":"Sundial"},{"floor":29,"key":"Bottled Tornado"},{"floor":41,"key":"Ginger"},{"floor":43,"key":"Regal Pillow"},{"floor":44,"key":"Tingsha"}],"event_choices":[{"damage_healed":0,"gold_gain":0,"player_choice":"Success","damage_taken":12,"relics_obtained":["Bag of Marbles"],"max_hp_gain":0,"max_hp_loss":0,"event_name":"Scrap Ooze","floor":3,"gold_loss":0},{"damage_healed":0,"gold_gain":75,"player_choice":"Gather Gold","damage_taken":11,"max_hp_gain":0,"max_hp_loss":0,"event_name":"World of Goop","floor":4,"gold_loss":0},{"damage_healed":0,"gold_gain":175,"player_choice":"AGREE","damage_taken":0,"max_hp_gain":0,"max_hp_loss":0,"event_name":"Liars Game","floor":10,"gold_loss":0,"cards_obtained":["Doubt"]},{"cards_removed":["Doubt"],"damage_healed":0,"gold_gain":0,"player_choice":"Offered Curse","damage_taken":0,"relics_obtained":["Spirit Poop"],"max_hp_gain":0,"max_hp_loss":0,"event_name":"Bonfire Elementals","floor":12,"gold_loss":0},{"damage_healed":0,"gold_gain":0,"player_choice":"Inject Mutagens","damage_taken":0,"relics_obtained":["MutagenicStrength"],"max_hp_gain":0,"max_hp_loss":0,"event_name":"Drug Dealer","floor":21,"gold_loss":0},{"damage_healed":0,"gold_gain":0,"player_choice":"Shed Blood","damage_taken":18,"max_hp_gain":5,"max_hp_loss":0,"event_name":"Forgotten Altar","floor":22,"gold_loss":0},{"damage_healed":0,"gold_gain":0,"player_choice":"Gave Potion","damage_taken":0,"relics_obtained":["Pocketwatch"],"max_hp_gain":0,"max_hp_loss":0,"event_name":"WeMeetAgain","floor":37,"gold_loss":0},{"cards_removed":["Defend_G"],"damage_healed":0,"gold_gain":0,"player_choice":"Removed Skill","damage_taken":0,"max_hp_gain":0,"max_hp_loss":0,"event_name":"Falling","floor":39,"gold_loss":0},{"damage_healed":0,"gold_gain":0,"player_choice":"Paid","damage_taken":0,"relics_obtained":["Red Mask"],"max_hp_gain":0,"max_hp_loss":0,"event_name":"Tomb of Lord Red Mask","floor":40,"gold_loss":33},{"damage_healed":0,"gold_gain":0,"player_choice":"Fight","damage_taken":0,"max_hp_gain":0,"max_hp_loss":0,"event_name":"Mysterious Sphere","floor":41,"gold_loss":0}],"is_beta":false,"boss_relics":[{"not_picked":["Lizard Tail","Runic Dome"],"picked":"Philosopher\u0027s Stone"},{"not_picked":["Velvet Choker","Calling Bell"],"picked":"Fusion Hammer"}],"items_purged_floors":[45],"is_endless":false,"potions_floor_spawned":[1,18,33,35,41,48],"killed_by":"Awakened One","ascension_level":11}