{"gold_per_floor":[115,134,151,301,301,301,301,301,301,301,324,349,385,405,405,405],"floor_reached":16,"playtime":985,"items_purged":[],"score":189,"play_id":"2bcb5c44-8bc8-41a4-a8b0-fc71a5f1bcc2","local_time":"20190623211001","is_ascension_mode":true,"campfire_choices":[{"data":"Zap","floor":6,"key":"SMITH"},{"floor":8,"key":"REST"},{"data":"Seek","floor":15,"key":"SMITH"}],"neow_cost":"NONE","seed_source_timestamp":107465414214912,"circlet_count":0,"master_deck":["AscendersBane","Strike_B","Strike_B","Strike_B","Strike_B","Defend_B","Defend_B+1","Defend_B","Defend_B","Zap+1","Dualcast","Seek+1","Conserve Battery","Rebound+1","Doubt","Stack","Auto Shields","Sunder","Coolheaded"],"relics":["Cracked Core","Golden Idol","Pear","Meat on the Bone","Strawberry"],"potions_floor_usage":[16,16],"damage_taken":[{"damage":14,"enemies":"Jaw Worm","floor":1,"turns":4},{"damage":4,"enemies":"Small Slimes","floor":2,"turns":3},{"damage":2,"enemies":"Cultist","floor":3,"turns":4},{"damage":9,"enemies":"Large Slime","floor":11,"turns":6},{"damage":9,"enemies":"2 Fungi Beasts","floor":12,"turns":3},{"damage":16,"enemies":"3 Sentries","floor":13,"turns":10},{"damage":6,"enemies":"Exordium Thugs","floor":14,"turns":4},{"damage":50,"enemies":"Slime Boss","floor":16,"turns":8}],"seed_played":"9179749323889879471","potions_obtained":[{"floor":2,"key":"FocusPotion"},{"floor":13,"key":"Dexterity Potion"},{"floor":14,"key":"Dexterity Potion"}],"is_trial":false,"path_per_floor":["M","M","M","?","?","R","?","R","T","?","M","M","E","M","R","B"],"character_chosen":"DEFECT","items_purchased":[],"campfire_rested":1,"item_purchase_floors":[],"current_hp_per_floor":[50,46,44,44,23,23,23,42,52,52,43,46,49,43,43,0],"gold":405,"neow_bonus":"ONE_RANDOM_RARE_CARD","is_prod":false,"is_daily":false,"chose_seed":false,"campfire_upgraded":2,"win_rate":0,"timestamp":1561338601,"path_taken":["M","M","M","?","?","R","?","R","T","?","M","?","E","M","R","BOSS"],"build_version":"2019-01-23","purchased_purges":0,"victory":false,"max_hp_per_floor":[71,71,71,71,71,71,64,64,74,74,74,74,81,81,81,81],"card_choices":[{"not_picked":["Gash","Barrage"],"picked":"Conserve Battery","floor":1},{"not_picked":["Steam Power","Redo"],"picked":"Rebound","floor":2},{"not_picked":["Meteor Strike","Steam Power","Double Energy"],"picked":"SKIP","floor":3},{"not_picked":["Skim","Redo"],"picked":"Stack","floor":11},{"not_picked":["Stack","Barrage"],"picked":"Auto Shields","floor":12},{"not_picked":["Gash","Beam Cell"],"picked":"Sunder","floor":13},{"not_picked":["Steam","Stack"],"picked":"Coolheaded","floor":14}],"player_experience":2321869,"relics_obtained":[{"floor":9,"key":"Pear"},{"floor":13,"key":"Strawberry"}],"event_choices":[{"damage_healed":0,"gold_gain":150,"player_choice":"AGREE","damage_taken":0,"max_hp_gain":0,"max_hp_loss":0,"event_name":"Liars Game","floor":4,"gold_loss":0,"cards_obtained":["Doubt"]},{"damage_healed":0,"gold_gain":0,"player_choice":"Entered Light","damage_taken":21,"max_hp_gain":0,"max_hp_loss":0,"event_name":"Shining Light","floor":5,"gold_loss":0,"cards_upgraded":["Defend_B","Rebound"]},{"damage_healed":0,"gold_gain":0,"player_choice":"Lose Max HP","damage_taken":0,"relics_obtained":["Golden Idol"],"max_hp_gain":0,"max_hp_loss":7,"event_name":"Golden Idol","floor":7,"gold_loss":0},{"damage_healed":0,"gold_gain":0,"player_choice":"Gave Potion","damage_taken":0,"relics_obtained":["Meat on the Bone"],"max_hp_gain":0,"max_hp_loss":0,"event_name":"WeMeetAgain","floor":10,"gold_loss":0}],"is_beta":false,"boss_relics":[],"items_purged_floors":[],"is_endless":false,"potions_floor_spawned":[2,13,14],"killed_by":"Slime Boss","ascension_level":17}