{"gold_per_floor":[116,132,132,149,42,72,37,72,72,72,89,104,118,15,15,87,87,102,102,26,326,59,59,73,73,152,152,152,171,197,213,213,285,285,303,314,331,165,265,299,299,324,324,351,369,380,380,392,392,392,392,392,30,61,61],"floor_reached":55,"playtime":10115,"items_purged":["Strike_B","Strike_B","Shame","Sweeping Beam"],"score":1233,"play_id":"c48ffd49-36df-4bb9-9c25-da4cf2d159b9","local_time":"20190405143221","is_ascension_mode":true,"campfire_choices":[{"floor":15,"key":"REST"},{"data":"Defragment","floor":23,"key":"SMITH"},{"data":"Defragment","floor":25,"key":"SMITH"},{"data":"Sunder","floor":27,"key":"SMITH"},{"floor":32,"key":"REST"},{"floor":41,"key":"REST"},{"floor":47,"key":"REST"},{"floor":49,"key":"RECALL"},{"data":"Capacitor","floor":52,"key":"SMITH"}],"neow_cost":"NONE","seed_source_timestamp":311379355446873,"circlet_count":0,"master_deck":["AscendersBane","Defend_B","Defend_B","Defend_B","Zap","Dualcast","Cold Snap","Doom and Gloom","Defragment+1","Sunder+1","Chill","Defragment+1","Coolheaded","Loop","Beam Cell","Echo Form","Hologram+1","Redo","Capacitor+1","Compile Driver+1","Undo","Defragment+1","Rainbow+1","Amplify+1","Buffer+1","Leap+1","Steam+1","Thinking Ahead","Reinforced Body","Consume","Go for the Eyes+1","Biased Cognition+1","Secret Technique","Compile Driver+1"],"relics":["Cracked Core","Vajra","Pen Nib","Sundial","Ancient Tea Set","Smiling Mask","Cursed Key","Old Coin","Omamori","Frozen Egg 2","Emotion Chip","Astrolabe","StoneCalendar","Bag of Marbles","Dream Catcher","Gambling Chip"],"potions_floor_usage":[6,11,13,40,44,44,44,50,50,54],"damage_taken":[{"damage":4,"enemies":"Jaw Worm","floor":1,"turns":3},{"damage":0,"enemies":"2 Louse","floor":2,"turns":2},{"damage":0,"enemies":"Cultist","floor":4,"turns":3},{"damage":18,"enemies":"Gremlin Nob","floor":6,"turns":4},{"damage":27,"enemies":"3 Sentries","floor":8,"turns":9},{"damage":2,"enemies":"Red Slaver","floor":11,"turns":3},{"damage":7,"enemies":"Blue Slaver","floor":12,"turns":3},{"damage":0,"enemies":"Looter","floor":13,"turns":3},{"damage":30,"enemies":"Slime Boss","floor":16,"turns":11},{"damage":34,"enemies":"2 Thieves","floor":18,"turns":4},{"damage":11,"enemies":"Spheric Guardian","floor":24,"turns":3},{"damage":25,"enemies":"Shelled Parasite and Fungi","floor":29,"turns":5},{"damage":14,"enemies":"Slavers","floor":30,"turns":5},{"damage":0,"enemies":"Snake Plant","floor":31,"turns":1},{"damage":7,"enemies":"Champ","floor":33,"turns":8},{"damage":27,"enemies":"3 Shapes","floor":35,"turns":5},{"damage":5,"enemies":"Orb Walker","floor":36,"turns":4},{"damage":23,"enemies":"3 Darklings","floor":37,"turns":6},{"damage":0,"enemies":"Mind Bloom Boss Battle","floor":39,"turns":7},{"damage":6,"enemies":"Reptomancer","floor":40,"turns":7},{"damage":1,"enemies":"Giant Head","floor":44,"turns":10},{"damage":0,"enemies":"Sphere and 2 Shapes","floor":45,"turns":7},{"damage":0,"enemies":"Writhing Mass","floor":46,"turns":8},{"damage":2,"enemies":"Maw","floor":48,"turns":7},{"damage":23,"enemies":"Time Eater","floor":50,"turns":10},{"damage":58,"enemies":"Shield and Spear","floor":54,"turns":8},{"damage":7,"enemies":"The Heart","floor":55,"turns":2}],"seed_played":"-9048547760502884252","potions_obtained":[{"floor":1,"key":"FocusPotion"},{"floor":6,"key":"SkillPotion"},{"floor":8,"key":"SkillPotion"},{"floor":13,"key":"Explosive Potion"},{"floor":18,"key":"SteroidPotion"},{"floor":30,"key":"Ancient Potion"},{"floor":40,"key":"EntropicBrew"},{"floor":44,"key":"Weak Potion"}],"is_trial":false,"path_per_floor":["M","M","?","M","$","E","?","E","T","?","M","M","M","$","R","B",null,"M","?","$","?","$","R","M","R","T","R","?","M","E","M","R","B",null,"M","M","M","$","?","E","R","T","T","E","M","M","R","M","R","B",null,"R","$","E","B"],"character_chosen":"DEFECT","items_purchased":["Defragment","Sunder","Beam Cell","Redo","Capacitor","Omamori","Thinking Ahead","Secret Technique","Energy Potion","LiquidBronze"],"campfire_rested":4,"item_purchase_floors":[5,5,14,20,22,22,38,53,53,53],"current_hp_per_floor":[64,64,57,57,57,39,57,30,30,30,28,21,21,21,43,13,60,26,51,51,51,51,51,40,40,40,40,75,50,36,36,58,51,69,42,37,14,14,14,8,30,30,30,29,29,29,51,49,49,26,63,63,63,5,0],"gold":61,"neow_bonus":"RANDOM_COMMON_RELIC","is_prod":false,"is_daily":false,"chose_seed":false,"campfire_upgraded":4,"win_rate":0,"timestamp":1554489141,"path_taken":["M","M","?","M","$","E","?","E","T","?","M","?","M","$","R","BOSS","M","?","$","?","$","R","M","R","T","R","?","M","E","M","R","BOSS","M","?","M","$","?","E","R","?","T","E","?","M","R","M","R","BOSS","R","$","E","BOSS"],"build_version":"2019-01-23","purchased_purges":4,"victory":false,"max_hp_per_floor":[75,75,75,75,75,75,75,75,75,75,75,75,75,75,75,75,75,75,75,75,75,75,75,75,75,75,75,75,75,75,75,75,75,75,75,75,75,75,75,75,75,75,75,75,75,75,75,75,75,75,75,75,75,75,75],"card_choices":[{"not_picked":["Double Energy","Scrape"],"picked":"Darkness","floor":1},{"not_picked":["Capacitor","Turbo"],"picked":"Cold Snap","floor":2},{"not_picked":["Fusion","Hello World"],"picked":"Doom and Gloom","floor":4},{"not_picked":["Heatsinks","Skim"],"picked":"Chill","floor":6},{"not_picked":["Lockon","Ball Lightning"],"picked":"Sweeping Beam","floor":8},{"not_picked":["Hello World","Scrape"],"picked":"Defragment","floor":11},{"not_picked":["Hologram","Doom and Gloom"],"picked":"Coolheaded","floor":12},{"not_picked":["All For One","Steam Power"],"picked":"Loop","floor":13},{"not_picked":["All For One","Buffer"],"picked":"Echo Form","floor":16},{"not_picked":["Beam Cell","Doom and Gloom"],"picked":"Hologram+1","floor":18},{"not_picked":["Steam","Chill"],"picked":"Compile Driver+1","floor":24},{"not_picked":["Chill","Melter"],"picked":"Undo","floor":29},{"not_picked":["Coolheaded","Hologram","Aggregate"],"picked":"SKIP","floor":30},{"not_picked":["Undo","Capacitor+1"],"picked":"Defragment+1","floor":31},{"not_picked":["Turbo","Darkness"],"picked":"Leap+1","floor":35},{"not_picked":["Beam Cell","Go for the Eyes","Steam"],"picked":"SKIP","floor":36},{"not_picked":["Rip and Tear","White Noise"],"picked":"Steam+1","floor":37},{"not_picked":["Aggregate+1","Barrage"],"picked":"Reinforced Body","floor":39},{"not_picked":["Leap","Steam+1","Auto Shields+1"],"picked":"SKIP","floor":40},{"not_picked":["Hello World+1","Recycle"],"picked":"Consume","floor":44},{"not_picked":["Hologram","Defragment+1"],"picked":"Go for the Eyes+1","floor":45},{"not_picked":["Cold Snap","Melter","Static Discharge+1"],"picked":"SKIP","floor":46},{"not_picked":["Redo+1","Hologram+1"],"picked":"Biased Cognition+1","floor":48},{"not_picked":["Steam","Gash"],"picked":"Compile Driver+1","floor":54}],"player_experience":2079349,"relics_obtained":[{"floor":6,"key":"Sundial"},{"floor":8,"key":"Ancient Tea Set"},{"floor":9,"key":"Smiling Mask"},{"floor":26,"key":"Frozen Egg 2"},{"floor":30,"key":"Emotion Chip"},{"floor":39,"key":"StoneCalendar"},{"floor":40,"key":"Bag of Marbles"},{"floor":44,"key":"Dream Catcher"},{"floor":54,"key":"Gambling Chip"}],"event_choices":[{"damage_healed":0,"gold_gain":0,"player_choice":"Success","damage_taken":7,"relics_obtained":["Pen Nib"],"max_hp_gain":0,"max_hp_loss":0,"event_name":"Scrap Ooze","floor":3,"gold_loss":0},{"damage_healed":18,"gold_gain":0,"player_choice":"Healed","damage_taken":0,"max_hp_gain":0,"max_hp_loss":0,"event_name":"The Cleric","floor":7,"gold_loss":35},{"damage_healed":0,"gold_gain":0,"player_choice":"Leave","damage_taken":0,"max_hp_gain":0,"max_hp_loss":0,"event_name":"FaceTrader","floor":10,"gold_loss":0},{"damage_healed":25,"gold_gain":0,"player_choice":"Heal","damage_taken":0,"max_hp_gain":0,"max_hp_loss":0,"event_name":"The Library","floor":19,"gold_loss":0},{"damage_healed":0,"gold_gain":0,"player_choice":"Stole Relic","damage_taken":0,"relics_obtained":["Old Coin"],"max_hp_gain":0,"max_hp_loss":0,"event_name":"Addict","floor":21,"gold_loss":0,"cards_obtained":["Shame"]},{"cards_removed":["Darkness"],"damage_healed":35,"gold_gain":0,"player_choice":"Offered Uncommon","damage_taken":0,"max_hp_gain":0,"max_hp_loss":0,"event_name":"Bonfire Elementals","floor":28,"gold_loss":0},{"damage_healed":0,"gold_gain":0,"player_choice":"Fight","damage_taken":0,"max_hp_gain":0,"max_hp_loss":0,"event_name":"MindBloom","floor":39,"gold_loss":0}],"is_beta":false,"boss_relics":[{"not_picked":["FrozenCore","Ectoplasm"],"picked":"Cursed Key"},{"not_picked":["White Beast Statue","Sozu"],"picked":"Astrolabe"}],"items_purged_floors":[14,20,22,53],"is_endless":false,"potions_floor_spawned":[1,6,8,13,18,30,37,40,44,45,48],"killed_by":"The Heart","ascension_level":13}