{"gold_per_floor":[112,174,189,202,220,250,250,269,269,302,322,342,352,352,352,352,302,401,501,511,528,541,640,655,681,701,728,776,788,788],"floor_reached":30,"playtime":3243,"items_purged":[],"score":338,"play_id":"e6bf8ea2-21f2-4f74-94b6-f11ee61598d2","local_time":"20190330163212","is_ascension_mode":false,"campfire_choices":[{"floor":17.0,"key":"REST"}],"neow_cost":"NONE","seed_source_timestamp":0,"circlet_count":0,"master_deck":["Slimebound:Strike_Slimebound","Slimebound:Strike_Slimebound","Slimebound:Strike_Slimebound","Slimebound:Tackle","Slimebound:Defend_Slimebound","Slimebound:Defend_Slimebound","Slimebound:Defend_Slimebound","Slimebound:Defend_Slimebound","Slimebound:Split","Slimebound:CorrosiveSpit","Slimebound:LivingWall","Slimebound:SplitAcid","Slimebound:PressTheAttack","Slimebound:ServeAndProtect","Slimebound:SpikyOuterGoop","Slimebound:PrepareCrush","Slimebound:SplitLeeching","Slimebound:SplitBruiser","Slimebound:GoopSpray","Slimebound:PrepareCrush","Slimebound:Replication","Slimebound:PrepareCrush","Slimebound:PoisonLick+1","Slimebound:SlimeTap","Slimebound:SamplingLick+1","Slimebound:GoopSpray","Slimebound:GoopSpray","Slimebound:OozeBath","Slimebound:Prepare","Slimebound:LevelUp"],"special_seed":0,"relics":["Slimebound:AbsorbEndCombat","NeowsBlessing","Replay:Ringing Soul","ReplayTheSpireMod:Ninjato","Dream Catcher","Slimebound:GreedOozeRelic","Replay:Wanted Poster","Darkstone Periapt","Omamori","Strawberry"],"potions_floor_usage":[25,25,27,30],"damage_taken":[{"damage":7.0,"enemies":"2 Louse","floor":1.0,"turns":2.0},{"damage":3.0,"enemies":"Cultist","floor":3.0,"turns":1.0},{"damage":6.0,"enemies":"Jaw Worm","floor":4.0,"turns":1.0},{"damage":19.0,"enemies":"2 Fungi Beasts","floor":5.0,"turns":5.0},{"damage":47.0,"enemies":"3 Sentries","floor":6.0,"turns":10.0},{"damage":18.0,"enemies":"Blue Slaver","floor":8.0,"turns":4.0},{"damage":20.0,"enemies":"Gremlin Nob","floor":10.0,"turns":4.0},{"damage":18.0,"enemies":"3 Louse","floor":11.0,"turns":4.0},{"damage":31.0,"enemies":"Lots of Slimes","floor":12.0,"turns":5.0},{"damage":16.0,"enemies":"Looter","floor":13.0,"turns":4.0},{"damage":42.0,"enemies":"Slime Boss","floor":18.0,"turns":8.0},{"damage":25.0,"enemies":"Shell Parasite","floor":20.0,"turns":3.0},{"damage":27,"enemies":"3 Byrds","floor":21,"turns":3},{"damage":33,"enemies":"Snake Plant","floor":22,"turns":3},{"damage":6,"enemies":"Centurion and Healer","floor":24,"turns":4},{"damage":47,"enemies":"Gremlin Leader","floor":25,"turns":5},{"damage":24,"enemies":"Cultist and Chosen","floor":26,"turns":5},{"damage":52,"enemies":"Book of Stabbing","floor":27,"turns":5},{"damage":29,"enemies":"Snake Plant","floor":29,"turns":4},{"damage":33,"enemies":"Centurion and Healer","floor":30,"turns":2}],"seed_played":"4714068730410982116","potions_obtained":[{"floor":5.0,"key":"SpeedPotion"},{"floor":8.0,"key":"Slimebound:SlimedPotion"},{"floor":10.0,"key":"Block Potion"},{"floor":18.0,"key":"Doom Potion"},{"floor":24,"key":"EssenceOfSteel"},{"floor":25,"key":"SkillPotion"},{"floor":27,"key":"SpeedPotion"},{"floor":29,"key":"Elixir"}],"is_trial":false,"path_per_floor":["M","?","M","M","M","E","?","M","T","E","M","M","M","PTL","PTL","?","R","B",null,"M","M","M","?","M","E","M","E","T","M","M"],"character_chosen":"SLIMEBOUND","items_purchased":[],"campfire_rested":1,"item_purchase_floors":[],"current_hp_per_floor":[69,69,69,69,65,51,51,48,48,40,43,33,35,35,35,35,64,46,94,81,75,60,60,75,46,46,21,28,23,0],"gold":788,"neow_bonus":"THREE_ENEMY_KILL","is_prod":false,"is_daily":false,"chose_seed":false,"campfire_upgraded":0,"win_rate":0.0,"timestamp":1553977932,"path_taken":["M","?","M","M","M","E","?","?","T","E","M","M","M","PTL","PTL","?","R","BOSS","M","M","M","?","M","E","M","E","T","M","M"],"build_version":"2019-01-23","purchased_purges":0,"victory":false,"max_hp_per_floor":[70,70,70,70,70,73,73,76,76,79,82,85,88,88,88,88,91,94,94,97,100,103,103,106,109,112,115,122,125,125],"card_choices":[{"not_picked":["Slimebound:LeechEnergy","Slimebound:BestDefense"],"picked":"Slimebound:LivingWall","floor":1.0},{"not_picked":["Slimebound:ProtectTheBoss","Slimebound:GoopSpray"],"picked":"Slimebound:SplitAcid","floor":3.0},{"not_picked":["Slimebound:ItLooksTasty","Slimebound:ViciousTackle"],"picked":"Slimebound:PressTheAttack","floor":4.0},{"not_picked":["Slimebound:SplitAcid","Slimebound:TendrilStrike"],"picked":"Slimebound:ServeAndProtect","floor":5.0},{"not_picked":["Slimebound:FormOfPuddle","Slimebound:FinishingTackle"],"picked":"Slimebound:SpikyOuterGoop","floor":6.0},{"not_picked":["Slimebound:LeechEnergy","Slimebound:Prepare"],"picked":"Slimebound:PrepareCrush","floor":8.0},{"not_picked":["Slimebound:ViciousTackle","Slimebound:BestDefense"],"picked":"Slimebound:SplitLeeching","floor":10.0},{"not_picked":["Slimebound:ServeAndProtect","Slimebound:Lick"],"picked":"Slimebound:SplitBruiser","floor":11.0},{"not_picked":["Slimebound:SplitMire","Slimebound:SelfFormingGoo"],"picked":"Slimebound:GoopSpray","floor":12.0},{"not_picked":["Slimebound:Lick","Slimebound:Equalize"],"picked":"Slimebound:PrepareCrush","floor":13.0},{"not_picked":["Slimebound:BestDefense","Slimebound:SplitLeeching"],"picked":"Slimebound:Replication","floor":17.0},{"not_picked":["Slimebound:Overexert","Slimebound:AcidTongue"],"picked":"Slimebound:PrepareCrush","floor":18.0},{"not_picked":["Slimebound:GoopTackle","Slimebound:VenomTackle"],"picked":"Slimebound:PoisonLick+1","floor":20.0},{"not_picked":["Slimebound:GrowthPunch","Slimebound:Lick"],"picked":"Slimebound:SlimeTap","floor":21},{"not_picked":["Slimebound:Lick","Slimebound:LeechingTouch+1"],"picked":"Slimebound:SamplingLick+1","floor":22},{"not_picked":["Slimebound:SpikyOuterGoop","Slimebound:SplitBruiser"],"picked":"Slimebound:GoopSpray","floor":24},{"not_picked":["Slimebound:PoisonLick","Slimebound:VenomTackle+1"],"picked":"Slimebound:GoopSpray","floor":25},{"not_picked":["Slimebound:RainOfGoop","Slimebound:LeadByExample+1"],"picked":"Slimebound:OozeBath","floor":26},{"not_picked":["Slimebound:SamplingLick","Slimebound:PoisonLick+1"],"picked":"Slimebound:Prepare","floor":27},{"not_picked":["Slimebound:SamplingLick","Slimebound:ViciousTackle"],"picked":"Slimebound:LevelUp","floor":29}],"player_experience":150718,"relics_obtained":[{"floor":6.0,"key":"Replay:Ringing Soul"},{"floor":9.0,"key":"ReplayTheSpireMod:Ninjato"},{"floor":10.0,"key":"Dream Catcher"},{"floor":25,"key":"Darkstone Periapt"},{"floor":27,"key":"Omamori"},{"floor":28,"key":"Strawberry"}],"event_choices":[{"damage_healed":0.0,"max_hp_gain":0.0,"max_hp_loss":0.0,"gold_gain":62.0,"event_name":"Golden Wing","player_choice":"Gained Gold","floor":2.0,"gold_loss":0.0,"damage_taken":0.0},{"damage_healed":0.0,"max_hp_gain":0.0,"max_hp_loss":0.0,"gold_gain":0.0,"event_name":"NoteForYourself","player_choice":"Ignored","floor":7.0,"gold_loss":0.0,"damage_taken":0.0},{"damage_healed":0,"gold_gain":99,"player_choice":"Stole From Cult","damage_taken":0,"max_hp_gain":0,"max_hp_loss":0,"event_name":"Nest","floor":23,"gold_loss":0}],"is_beta":false,"boss_relics":[{"not_picked":["Fusion Hammer","ReplayTheSpireMod:Onyx Gauntlets"],"picked":"Replay:Wanted Poster"}],"items_purged_floors":[],"is_endless":false,"potions_floor_spawned":[5,8,10,13,18,24,25,27,29],"killed_by":"Centurion and Healer","ascension_level":0}