{"gold_per_floor":[115,40,115,115,65,90,90,90,170,170,170,26,26,39,39,140,140,160,160,175,188,206,206,206],"floor_reached":24,"playtime":957,"items_purged":["Defend_R"],"score":221,"play_id":"6ab67d46-9dc9-4764-8477-dca7916189dc","local_time":"20190616185356","is_ascension_mode":true,"campfire_choices":[{"data":"Spot Weakness","floor":7,"key":"SMITH"},{"data":"Pommel Strike","floor":11,"key":"SMITH"},{"data":"Whirlwind","floor":13,"key":"SMITH"},{"data":"Impervious","floor":15,"key":"SMITH"},{"data":"Limit Break","floor":23,"key":"SMITH"}],"neow_cost":"NONE","seed_source_timestamp":5337349343151537,"circlet_count":0,"master_deck":["Strike_R","Strike_R","Defend_R","Defend_R","Defend_R","Bash","Impervious+1","Pommel Strike+1","Spot Weakness+1","Offering","Whirlwind+1","Inflame+1","Limit Break+1","Rage"],"relics":["Black Blood","Frozen Egg 2","Bag of Preparation","Pantograph"],"potions_floor_usage":[16],"damage_taken":[{"damage":3,"enemies":"Jaw Worm","floor":1,"turns":5},{"damage":35,"enemies":"Gremlin Nob","floor":6,"turns":5},{"damage":0,"enemies":"Small Slimes","floor":14,"turns":3},{"damage":31,"enemies":"Slime Boss","floor":16,"turns":7},{"damage":22,"enemies":"Spheric Guardian","floor":18,"turns":5},{"damage":22,"enemies":"2 Thieves","floor":20,"turns":2},{"damage":15,"enemies":"3 Cultists","floor":21,"turns":3},{"damage":21,"enemies":"Shelled Parasite and Fungi","floor":22,"turns":3},{"damage":43,"enemies":"Book of Stabbing","floor":24,"turns":3}],"seed_played":"-9075560622463180387","potions_obtained":[{"floor":1,"key":"PowerPotion"},{"floor":16,"key":"GamblersBrew"},{"floor":18,"key":"PowerPotion"},{"floor":21,"key":"Weak Potion"}],"is_trial":false,"path_per_floor":["M","$","?","?","?","E","R","$","T","?","R","$","R","M","R","B",null,"M","?","M","M","M","R","E"],"character_chosen":"IRONCLAD","items_purchased":["Whirlwind","Inflame+1"],"campfire_rested":0,"item_purchase_floors":[12,12],"current_hp_per_floor":[80,80,69,62,62,33,33,33,33,33,33,33,33,39,39,39,80,68,68,56,51,40,40,0],"gold":206,"neow_bonus":"TRANSFORM_CARD","is_prod":false,"is_daily":false,"chose_seed":false,"campfire_upgraded":5,"win_rate":0,"timestamp":1560729236,"path_taken":["M","$","?","?","?","E","R","?","T","?","R","$","R","?","R","BOSS","M","?","M","?","M","R","E"],"build_version":"2019-01-23","purchased_purges":1,"victory":false,"max_hp_per_floor":[80,80,80,80,80,80,80,80,80,80,80,80,80,80,80,80,80,80,80,80,80,80,80,80],"card_choices":[{"not_picked":["Blood for Blood","Bloodletting"],"picked":"Pommel Strike","floor":1},{"not_picked":["Clothesline","Rage"],"picked":"Spot Weakness","floor":6},{"not_picked":["Combust+1","Dual Wield","Pummel"],"picked":"SKIP","floor":14},{"not_picked":["Juggernaut+1","Berserk+1"],"picked":"Limit Break","floor":16},{"not_picked":["Wild Strike","Seeing Red"],"picked":"Rage","floor":18},{"not_picked":["Wild Strike","Headbutt+1","Body Slam"],"picked":"SKIP","floor":20},{"not_picked":["Sentinel","Infernal Blade","Havoc"],"picked":"SKIP","floor":21},{"not_picked":["Anger+1","Carnage","Rupture+1"],"picked":"SKIP","floor":22}],"player_experience":118649,"relics_obtained":[{"floor":6,"key":"Bag of Preparation"},{"floor":9,"key":"Pantograph"}],"event_choices":[{"damage_healed":0,"gold_gain":75,"player_choice":"Gather Gold","damage_taken":11,"max_hp_gain":0,"max_hp_loss":0,"event_name":"World of Goop","floor":3,"gold_loss":0},{"damage_healed":0,"gold_gain":0,"player_choice":"Success","damage_taken":7,"relics_obtained":["Frozen Egg 2"],"max_hp_gain":0,"max_hp_loss":0,"event_name":"Scrap Ooze","floor":4,"gold_loss":0},{"cards_removed":["Strike_R"],"damage_healed":0,"gold_gain":0,"player_choice":"Card Removal","damage_taken":0,"max_hp_gain":0,"max_hp_loss":0,"event_name":"The Cleric","floor":5,"gold_loss":50},{"damage_healed":0,"gold_gain":0,"cards_transformed":["Strike_R"],"player_choice":"Transformed","damage_taken":0,"max_hp_gain":0,"max_hp_loss":0,"event_name":"Transmorgrifier","floor":10,"gold_loss":0,"cards_obtained":["Offering"]},{"damage_healed":0,"gold_gain":0,"player_choice":"0 cards matched","damage_taken":0,"max_hp_gain":0,"max_hp_loss":0,"event_name":"Match and Keep!","floor":19,"gold_loss":0,"cards_obtained":[]}],"is_beta":false,"boss_relics":[{"not_picked":["Calling Bell","Tiny House"],"picked":"Black Blood"}],"items_purged_floors":[2],"is_endless":false,"potions_floor_spawned":[1,16,18,21,22],"killed_by":"Book of Stabbing","ascension_level":3}