{"gold_per_floor":[18,36,54,54,54,54,88,113,113,126,126,42,42,76,76,171,171,187,237,32,32,48,48,91,91,91,111,149,149,174,207,207,300,300,318,318,443,443,458,502,502,521,521,521,540,560,585,75,75,75,75,75,75,19,57,57],"floor_reached":56,"playtime":5129,"items_purged":["Strike_R","Injury"],"score":1915,"play_id":"ec72ddbc-ab20-443e-966a-bcd5ef0e6658","local_time":"20190616081905","is_ascension_mode":true,"campfire_choices":[{"data":"Whirlwind","floor":6.0,"key":"SMITH"},{"data":"Bash","floor":11.0,"key":"SMITH"},{"data":"Rampage","floor":13.0,"key":"SMITH"},{"data":"Clothesline","floor":15.0,"key":"SMITH"},{"data":"Fiend Fire","floor":23.0,"key":"SMITH"},{"data":"Seeing Red","floor":25.0,"key":"SMITH"},{"data":"Shrug It Off","floor":29.0,"key":"SMITH"},{"floor":32.0,"key":"DIG"},{"floor":41.0,"key":"DIG"},{"floor":44.0,"key":"RECALL"},{"floor":49.0,"key":"REST"},{"data":"Limit Break","floor":53.0,"key":"SMITH"}],"neow_cost":"NO_GOLD","seed_source_timestamp":103680994343,"circlet_count":0,"master_deck":["AscendersBane","Strike_R+1","Strike_R+1","Strike_R+1","Strike_R+1","Defend_R+1","Defend_R+1","Defend_R+1","Defend_R+1","Bash+1","Battle Trance+1","Twin Strike","Whirlwind+1","Seeing Red+1","Offering+1","Thunderclap","Rampage+1","Clothesline+1","Fiend Fire+1","Armaments","Corruption","Shrug It Off+1","Battle Trance","Limit Break+1","Mayhem","Shrug It Off","Warcry+1","Shrug It Off+1","Feel No Pain+1","Reaper","Shrug It Off+1"],"special_seed":0,"relics":["Burning Blood","Magic Flower","Golden Idol","Happy Flower","Mummified Hand","StoneCalendar","Cursed Key","Pocketwatch","Charon\u0027s Ashes","Shovel","Bag of Marbles","Black Star","Thread and Needle","Vajra","Anchor","Shuriken","Bag of Preparation","War Paint","Pen Nib","Pear"],"potions_floor_usage":[56,56],"damage_taken":[{"damage":4.0,"enemies":"2 Louse","floor":1.0,"turns":3.0},{"damage":11.0,"enemies":"Small Slimes","floor":2.0,"turns":6.0},{"damage":9.0,"enemies":"Jaw Worm","floor":3.0,"turns":4.0},{"damage":20.0,"enemies":"3 Sentries","floor":7.0,"turns":5.0},{"damage":19.0,"enemies":"3 Louse","floor":8.0,"turns":3.0},{"damage":11.0,"enemies":"Blue Slaver","floor":10.0,"turns":5.0},{"damage":11.0,"enemies":"Lagavulin","floor":14.0,"turns":3.0},{"damage":43.0,"enemies":"Slime Boss","floor":16.0,"turns":7.0},{"damage":21.0,"enemies":"Shell Parasite","floor":18.0,"turns":3.0},{"damage":0.0,"enemies":"3 Byrds","floor":22.0,"turns":4.0},{"damage":6.0,"enemies":"Gremlin Leader","floor":24.0,"turns":3.0},{"damage":0.0,"enemies":"Snake Plant","floor":27.0,"turns":2.0},{"damage":21.0,"enemies":"Book of Stabbing","floor":28.0,"turns":3.0},{"damage":8.0,"enemies":"Shelled Parasite and Fungi","floor":30.0,"turns":3.0},{"damage":9.0,"enemies":"Slavers","floor":31.0,"turns":4.0},{"damage":15.0,"enemies":"Collector","floor":33.0,"turns":5.0},{"damage":13.0,"enemies":"3 Shapes","floor":35.0,"turns":3.0},{"damage":25.0,"enemies":"Mind Bloom Boss Battle","floor":37.0,"turns":6.0},{"damage":2.0,"enemies":"Orb Walker","floor":39.0,"turns":3.0},{"damage":10.0,"enemies":"Nemesis","floor":40.0,"turns":7.0},{"damage":24.0,"enemies":"Maw","floor":42.0,"turns":7.0},{"damage":0.0,"enemies":"Transient","floor":45.0,"turns":6.0},{"damage":13.0,"enemies":"4 Shapes","floor":46.0,"turns":5.0},{"damage":16.0,"enemies":"Maw","floor":47.0,"turns":6.0},{"damage":72.0,"enemies":"Awakened One","floor":50.0,"turns":18.0},{"damage":65.0,"enemies":"Time Eater","floor":51.0,"turns":12.0},{"damage":43.0,"enemies":"Shield and Spear","floor":55.0,"turns":7.0},{"damage":82,"enemies":"The Heart","floor":56,"turns":5}],"seed_played":"-7053010759212753953","potions_obtained":[{"floor":2.0,"key":"Weak Potion"},{"floor":3.0,"key":"BloodPotion"},{"floor":8.0,"key":"Explosive Potion"},{"floor":14.0,"key":"Strength Potion"},{"floor":22.0,"key":"Block Potion"},{"floor":24.0,"key":"Fire Potion"},{"floor":28.0,"key":"GamblersBrew"},{"floor":30.0,"key":"Swift Potion"},{"floor":37.0,"key":"Fire Potion"},{"floor":46.0,"key":"GamblersBrew"},{"floor":55.0,"key":"Ancient Potion"}],"is_trial":false,"path_per_floor":["M","M","M","?","?","R","E","M","T","M","R","$","R","E","R","B",null,"M","?","$","?","M","R","E","R","T","M","E","R","M","E","R","B",null,"M","?","?","T","M","E","R","M","T","R","M","M","M","$","R","B","B",null,"R","$","E","B"],"character_chosen":"IRONCLAD","items_purchased":["Rampage","Armaments","Fruit Juice","Reaper","Bag of Preparation","War Paint","Strength Potion"],"campfire_rested":1,"item_purchase_floors":[12,20,20,48,48,48,54],"current_hp_per_floor":[73,71,71,71,45,45,61,51,51,49,49,49,49,47,47,13,60,48,48,53,53,62,62,65,65,65,74,62,62,63,63,63,57,74,70,70,54,54,61,60,60,45,45,45,54,50,43,43,67,78,37,69,69,69,45,0],"gold":57,"neow_bonus":"ONE_RARE_RELIC","is_prod":false,"is_daily":false,"chose_seed":false,"campfire_upgraded":8,"win_rate":0,"timestamp":1560698345,"path_taken":["M","M","M","?","?","R","E","M","T","M","R","$","R","E","R","BOSS","M","?","$","?","M","R","E","R","T","M","E","R","M","E","R","BOSS","M","?","?","?","M","E","R","?","T","R","M","M","M","$","R","BOSS","BOSS","R","$","E","BOSS"],"build_version":"2019-06-13","purchased_purges":2,"victory":false,"max_hp_per_floor":[75,75,75,75,75,75,75,75,75,75,75,75,75,75,75,75,75,75,75,80,80,80,80,80,80,80,80,80,80,80,80,80,80,80,80,80,80,80,80,80,80,80,80,80,80,80,80,80,80,80,80,80,80,80,90,90],"card_choices":[{"not_picked":["Heavy Blade","Twin Strike"],"picked":"Battle Trance","floor":1.0},{"not_picked":["True Grit","Wild Strike"],"picked":"Twin Strike","floor":2.0},{"not_picked":["Pommel Strike","Shockwave"],"picked":"Whirlwind","floor":3.0},{"not_picked":["Blood for Blood","Searing Blow"],"picked":"Seeing Red","floor":7.0},{"not_picked":["Seeing Red","Headbutt"],"picked":"Offering","floor":8.0},{"not_picked":["Pummel","Pommel Strike"],"picked":"Thunderclap","floor":10.0},{"not_picked":["Sentinel","Warcry"],"picked":"Clothesline","floor":14.0},{"not_picked":["Double Tap","Bludgeon"],"picked":"Fiend Fire","floor":16.0},{"not_picked":["Warcry","Sever Soul+1","Headbutt"],"picked":"SKIP","floor":18.0},{"not_picked":["Sword Boomerang","Clothesline"],"picked":"Corruption","floor":22.0},{"not_picked":["Pommel Strike","Burning Pact","Perfected Strike"],"picked":"SKIP","floor":24.0},{"not_picked":["Anger","Warcry","Pummel"],"picked":"SKIP","floor":27.0},{"not_picked":["Intimidate","Iron Wave"],"picked":"Shrug It Off","floor":28.0},{"not_picked":["Anger","Pommel Strike+1"],"picked":"Battle Trance","floor":30.0},{"not_picked":["Pommel Strike","Infernal Blade","Thunderclap"],"picked":"SKIP","floor":31.0},{"not_picked":["Immolate","Fiend Fire"],"picked":"Limit Break","floor":33.0},{"not_picked":["Armaments","Warcry","Headbutt+1"],"picked":"SKIP","floor":35.0},{"not_picked":["Magnetism","Enlightenment"],"picked":"Mayhem","floor":36.0},{"not_picked":["Uppercut","Battle Trance"],"picked":"Shrug It Off","floor":37.0},{"not_picked":["Body Slam","Sentinel"],"picked":"Warcry+1","floor":39.0},{"not_picked":["Rage+1","Anger"],"picked":"Shrug It Off+1","floor":40.0},{"not_picked":["Body Slam+1","Combust","Armaments"],"picked":"SKIP","floor":42.0},{"not_picked":["Heavy Blade","Twin Strike","Cleave"],"picked":"SKIP","floor":45.0},{"not_picked":["Hemokinesis","Armaments"],"picked":"Feel No Pain+1","floor":46.0},{"not_picked":["Pommel Strike+1","Cleave","Anger"],"picked":"SKIP","floor":47.0},{"not_picked":["Rage","Second Wind"],"picked":"Shrug It Off+1","floor":55.0}],"player_experience":1671917,"relics_obtained":[{"floor":7.0,"key":"Happy Flower"},{"floor":9.0,"key":"Mummified Hand"},{"floor":14.0,"key":"StoneCalendar"},{"floor":24.0,"key":"Pocketwatch"},{"floor":28.0,"key":"Charon\u0027s Ashes"},{"floor":31.0,"key":"Shovel"},{"floor":32.0,"key":"Bag of Marbles"},{"floor":37.0,"key":"Thread and Needle"},{"floor":40.0,"key":"Vajra"},{"floor":40.0,"key":"Anchor"},{"floor":41.0,"key":"Shuriken"},{"floor":55.0,"key":"Pen Nib"},{"floor":55.0,"key":"Pear"}],"event_choices":[{"damage_healed":0.0,"max_hp_gain":0.0,"max_hp_loss":0.0,"gold_gain":0.0,"event_name":"The Cleric","player_choice":"Leave","floor":4.0,"gold_loss":0.0,"damage_taken":0.0},{"damage_healed":0.0,"max_hp_gain":0.0,"max_hp_loss":0.0,"gold_gain":0.0,"event_name":"Golden Idol","player_choice":"Take Damage","floor":5.0,"gold_loss":0.0,"damage_taken":26.0,"relics_obtained":["Golden Idol"]},{"damage_healed":0.0,"max_hp_gain":0.0,"max_hp_loss":0.0,"gold_gain":50.0,"event_name":"Nest","player_choice":"Stole From Cult","floor":19.0,"gold_loss":0.0,"damage_taken":0.0},{"damage_healed":0.0,"max_hp_gain":0.0,"max_hp_loss":0.0,"gold_gain":0.0,"event_name":"Back to Basics","player_choice":"Simplicity","floor":21.0,"gold_loss":0.0,"damage_taken":0.0,"cards_upgraded":["Strike_R","Strike_R","Strike_R","Strike_R","Defend_R","Defend_R","Defend_R","Defend_R"]},{"damage_healed":0.0,"max_hp_gain":0.0,"max_hp_loss":0.0,"gold_gain":0.0,"event_name":"SensoryStone","player_choice":"Memory 1","floor":36.0,"gold_loss":0.0,"damage_taken":0.0},{"damage_healed":0.0,"max_hp_gain":0.0,"max_hp_loss":0.0,"gold_gain":0.0,"event_name":"MindBloom","player_choice":"Fight","floor":37.0,"gold_loss":0.0,"damage_taken":0.0}],"is_beta":true,"boss_relics":[{"not_picked":["Coffee Dripper","Ectoplasm"],"picked":"Cursed Key"},{"not_picked":["Black Blood","Busted Crown"],"picked":"Black Star"}],"items_purged_floors":[20,48],"is_endless":false,"potions_floor_spawned":[2,3,8,14,22,24,28,30,37,39,46,47,55],"killed_by":"The Heart","ascension_level":20}