{"gold_per_floor":[111,126,126,139,104,104,104,132,132,132,152,166,14,49,49,154,154,169,169,169,182,201,201],"floor_reached":23,"playtime":1480,"items_purged":[],"score":241,"play_id":"bc5f692a-aa8b-4ad0-9310-55ba53557630","local_time":"20190124003611","is_ascension_mode":true,"campfire_choices":[{"data":"Neutralize","floor":6,"key":"SMITH"},{"floor":15,"key":"REST"}],"neow_cost":"PERCENT_DAMAGE","seed_source_timestamp":73739951118860,"circlet_count":0,"master_deck":["Defend_G+1","Defend_G","Defend_G","Defend_G","Defend_G","Strike_G","Strike_G","Strike_G+1","Strike_G","Survivor","Neutralize+1","Quick Slash+1","Sucker Punch","Dagger Spray","Flying Knee","PiercingWail","Dash","A Thousand Cuts","Dagger Spray","Footwork","Adrenaline","Leg Sweep","Dodge and Roll","Backflip"],"relics":["Ring of the Snake","Letter Opener","Peace Pipe","Dream Catcher","Eternal Feather","MutagenicStrength"],"potions_floor_usage":[8],"damage_taken":[{"damage":0,"enemies":"Small Slimes","floor":1,"turns":3},{"damage":4,"enemies":"Cultist","floor":2,"turns":3},{"damage":7,"enemies":"Jaw Worm","floor":4,"turns":5},{"damage":11,"enemies":"Gremlin Nob","floor":8,"turns":4},{"damage":2,"enemies":"3 Louse","floor":11,"turns":2},{"damage":3,"enemies":"Looter","floor":12,"turns":4},{"damage":7,"enemies":"Lagavulin","floor":14,"turns":9},{"damage":34,"enemies":"The Guardian","floor":16,"turns":16},{"damage":6,"enemies":"3 Byrds","floor":18,"turns":4},{"damage":13,"enemies":"2 Thieves","floor":21,"turns":4},{"damage":3,"enemies":"Cultist and Chosen","floor":22,"turns":8},{"damage":57,"enemies":"Gremlin Leader","floor":23,"turns":6}],"seed_played":"-1933519343137199860","potions_obtained":[{"floor":1,"key":"Swift Potion"},{"floor":11,"key":"Strength Potion"},{"floor":16,"key":"Swift Potion"},{"floor":18,"key":"Poison Potion"}],"is_trial":false,"path_per_floor":["M","M","?","M","?","R","?","E","T","?","M","M","$","E","R","B",null,"M","?","?","M","M","E"],"character_chosen":"THE_SILENT","items_purchased":["A Thousand Cuts"],"campfire_rested":1,"item_purchase_floors":[13],"current_hp_per_floor":[63,59,59,52,73,73,73,62,62,45,43,40,40,33,58,24,84,78,78,70,57,54,0],"gold":201,"neow_bonus":"TWENTY_PERCENT_HP_BONUS","is_prod":false,"is_daily":false,"chose_seed":false,"campfire_upgraded":1,"win_rate":0,"timestamp":1548308171,"path_taken":["M","M","?","?","?","R","?","E","T","?","M","M","$","E","R","BOSS","M","?","?","?","M","E"],"build_version":"2019-01-23","purchased_purges":0,"victory":false,"max_hp_per_floor":[84,84,84,84,84,84,84,84,84,84,84,84,84,84,84,84,84,84,84,84,84,84,84],"card_choices":[{"not_picked":["Masterful Stab","Underhanded Strike"],"picked":"Quick Slash","floor":1},{"not_picked":["Outmaneuver","PiercingWail"],"picked":"Sucker Punch","floor":2},{"not_picked":["Acrobatics","Cloak And Dagger"],"picked":"Dagger Spray","floor":4},{"not_picked":["Setup","Bane"],"picked":"Flying Knee","floor":8},{"not_picked":["Cloak And Dagger","Accuracy"],"picked":"PiercingWail","floor":11},{"not_picked":["Tactician","Slice"],"picked":"Dash","floor":12},{"not_picked":["Bullet Time","Reflex"],"picked":"Dagger Spray","floor":14},{"not_picked":["Deflect","All Out Attack"],"picked":"Footwork","floor":15},{"not_picked":["Bullet Time","Venomology"],"picked":"Adrenaline","floor":16},{"not_picked":["Terror","Deadly Poison"],"picked":"Leg Sweep","floor":18},{"not_picked":["Heel Hook","Acrobatics"],"picked":"Dodge and Roll","floor":21},{"not_picked":["Outmaneuver","Cloak And Dagger"],"picked":"Backflip","floor":22}],"player_experience":1402320,"relics_obtained":[{"floor":8,"key":"Letter Opener"},{"floor":9,"key":"Peace Pipe"},{"floor":14,"key":"Dream Catcher"}],"event_choices":[{"cards_removed":["Strike_G"],"damage_healed":0,"gold_gain":0,"player_choice":"Purged","damage_taken":0,"max_hp_gain":0,"max_hp_loss":0,"event_name":"Purifier","floor":3,"gold_loss":0},{"damage_healed":21,"gold_gain":0,"player_choice":"Healed","damage_taken":0,"max_hp_gain":0,"max_hp_loss":0,"event_name":"The Cleric","floor":5,"gold_loss":35},{"damage_healed":0,"gold_gain":0,"player_choice":"Grow","damage_taken":0,"max_hp_gain":0,"max_hp_loss":0,"event_name":"Living Wall","floor":7,"gold_loss":0,"cards_upgraded":["Quick Slash"]},{"damage_healed":0,"gold_gain":0,"player_choice":"Entered Light","damage_taken":17,"max_hp_gain":0,"max_hp_loss":0,"event_name":"Shining Light","floor":10,"gold_loss":0,"cards_upgraded":["Strike_G","Defend_G"]},{"damage_healed":0,"gold_gain":0,"player_choice":"Inject Mutagens","damage_taken":0,"relics_obtained":["MutagenicStrength"],"max_hp_gain":0,"max_hp_loss":0,"event_name":"Drug Dealer","floor":19,"gold_loss":0},{"damage_healed":0,"gold_gain":0,"player_choice":"Damaged","damage_taken":8,"max_hp_gain":0,"max_hp_loss":0,"event_name":"Wheel of Change","floor":20,"gold_loss":0}],"is_beta":false,"boss_relics":[{"not_picked":["Busted Crown","Lizard Tail"],"picked":"Eternal Feather"}],"items_purged_floors":[],"is_endless":false,"potions_floor_spawned":[1,11,16,18],"killed_by":"Gremlin Leader","ascension_level":4}