{"gold_per_floor":[112,125,136,155,3,3,17,44,44,61,61,75,25,38,38,134,134,150,168,168,182,182,182,201,211,211,211],"floor_reached":27,"playtime":3806,"items_purged":[],"score":246,"play_id":"e03fae4b-f116-40a5-aa57-685b8970adf7","local_time":"20181117034218","is_ascension_mode":false,"campfire_choices":[{"data":"Loop","floor":6,"key":"SMITH"},{"floor":11,"key":"REST"},{"floor":15,"key":"REST"},{"floor":23,"key":"REST"}],"neow_cost":"TEN_PERCENT_HP_LOSS","seed_source_timestamp":35926973720874,"circlet_count":0,"master_deck":["Defend_B","Defend_B","Defend_B","Defend_B","Zap","Dualcast","Finesse","Ball Lightning","Redo","Rebound","Sweeping Beam","Loop+1","Lockon","Coolheaded","Steam","Lockon","Static Discharge","Leap","Echo Form","Barrage","Glacier","Bite","Bite","Bite","Bite","Bite","Hologram","Redo","Seek"],"relics":["Cracked Core","Pear","Regal Pillow","Inserter","Toxic Egg 2"],"potions_floor_usage":[16,16,24,25,27],"damage_taken":[{"damage":11,"enemies":"2 Louse","floor":1,"turns":3},{"damage":3,"enemies":"Small Slimes","floor":2,"turns":3},{"damage":6,"enemies":"Jaw Worm","floor":3,"turns":2},{"damage":13,"enemies":"Exordium Thugs","floor":4,"turns":3},{"damage":0,"enemies":"Large Slime","floor":7,"turns":4},{"damage":25,"enemies":"3 Sentries","floor":8,"turns":6},{"damage":9,"enemies":"3 Louse","floor":10,"turns":3},{"damage":9,"enemies":"Blue Slaver","floor":12,"turns":3},{"damage":8,"enemies":"Looter","floor":14,"turns":3},{"damage":39,"enemies":"Hexaghost","floor":16,"turns":8},{"damage":14,"enemies":"Spheric Guardian","floor":18,"turns":4},{"damage":19,"enemies":"Shell Parasite","floor":19,"turns":8},{"damage":22,"enemies":"Snake Plant","floor":21,"turns":5},{"damage":15,"enemies":"Snecko","floor":24,"turns":7},{"damage":27,"enemies":"Centurion and Healer","floor":25,"turns":12},{"damage":36,"enemies":"Gremlin Leader","floor":27,"turns":6}],"seed_played":"6463154435294856272","potions_obtained":[{"floor":2,"key":"SteroidPotion"},{"floor":7,"key":"Ancient Potion"},{"floor":12,"key":"FearPotion"},{"floor":14,"key":"SpeedPotion"},{"floor":19,"key":"Dexterity Potion"},{"floor":21,"key":"Strength Potion"},{"floor":25,"key":"SkillPotion"}],"is_trial":false,"path_per_floor":["M","M","M","M","$","R","M","E","T","M","R","M","?","M","R","B",null,"M","M","?","M","?","R","M","M","T","E"],"character_chosen":"DEFECT","items_purchased":["Loop","Lockon"],"campfire_rested":3,"item_purchase_floors":[5,5],"current_hp_per_floor":[57,54,48,35,35,35,35,20,20,11,49,40,40,32,70,31,78,64,45,45,27,18,50,43,30,30,0],"gold":211,"neow_bonus":"RANDOM_COLORLESS_2","is_prod":false,"is_daily":false,"chose_seed":false,"campfire_upgraded":1,"win_rate":0.0,"timestamp":1542444138,"path_taken":["M","M","M","M","$","R","M","E","T","M","R","M","?","M","R","BOSS","M","M","?","M","?","R","M","M","T","E"],"build_version":"2018-11-15","purchased_purges":0,"victory":false,"max_hp_per_floor":[68,68,68,68,68,68,68,78,78,78,78,78,78,78,78,78,78,78,78,54,54,59,59,59,59,59,59],"card_choices":[{"not_picked":["Undo","Melter"],"picked":"Ball Lightning","floor":1},{"not_picked":["Steam Power","Coolheaded"],"picked":"Redo","floor":2},{"not_picked":["Redo","Streamline"],"picked":"Rebound","floor":3},{"not_picked":["Beam Cell","Self Repair"],"picked":"Sweeping Beam","floor":4},{"not_picked":["Beam Cell","White Noise"],"picked":"Coolheaded","floor":7},{"not_picked":["Stack","White Noise"],"picked":"Steam","floor":8},{"not_picked":["Biased Cognition","Stack"],"picked":"Lockon","floor":10},{"not_picked":["Barrage","Scrape"],"picked":"Static Discharge","floor":12},{"not_picked":["Rebound","Heatsinks"],"picked":"Leap","floor":14},{"not_picked":["Rainbow","Buffer"],"picked":"Echo Form","floor":16},{"not_picked":["Blizzard","Cold Snap"],"picked":"Barrage","floor":18},{"not_picked":["Reinforced Body","Streamline"],"picked":"Glacier","floor":19},{"not_picked":["Cold Snap","Sweeping Beam+1"],"picked":"Hologram","floor":21},{"not_picked":["Compile Driver+1","Gash+1"],"picked":"Redo","floor":24},{"not_picked":["Self Repair","Heatsinks"],"picked":"Seek","floor":25}],"player_experience":53815,"relics_obtained":[{"floor":8,"key":"Pear"},{"floor":9,"key":"Regal Pillow"},{"floor":26,"key":"Toxic Egg 2"}],"event_choices":[{"cards_removed":["Purity"],"damage_healed":0,"gold_gain":0,"player_choice":"Card Removal","damage_taken":0,"max_hp_gain":0,"max_hp_loss":0,"event_name":"The Cleric","floor":13,"gold_loss":50},{"damage_healed":0,"gold_gain":0,"player_choice":"Became a vampire","damage_taken":0,"max_hp_gain":0,"max_hp_loss":24,"event_name":"Vampires","floor":20,"gold_loss":0,"cards_obtained":["Bite","Bite","Bite","Bite","Bite"]},{"damage_healed":0,"gold_gain":0,"player_choice":"Shed Blood","damage_taken":14,"max_hp_gain":5,"max_hp_loss":0,"event_name":"Forgotten Altar","floor":22,"gold_loss":0}],"is_beta":false,"boss_relics":[{"not_picked":["Busted Crown","Runic Dome"],"picked":"Inserter"}],"items_purged_floors":[],"is_endless":false,"potions_floor_spawned":[2,7,12,14,19,21,25],"killed_by":"Gremlin Leader","ascension_level":0}