{"gold_per_floor":[16,16,36,55,55,55,28,39,39,26,26,36,36,111,111,211,211,228,239,253,253,30,30,65,65,65,76,1,18,30,30,30,131,131,144,44,62,62,0,0,0,13,13,13,13,64,16,30,30,30],"floor_reached":51,"playtime":1905,"items_purged":["Strike_B","Defend_B"],"score":707,"play_id":"ed410bb5-03d3-4ada-89b4-f8cf3f015805","local_time":"20190531025514","is_ascension_mode":false,"campfire_choices":[{"data":"Darkness","floor":6.0,"key":"SMITH"},{"data":"Zap","floor":11.0,"key":"SMITH"},{"data":"Hologram","floor":13.0,"key":"SMITH"},{"data":"Dualcast","floor":15.0,"key":"SMITH"},{"floor":23.0,"key":"REST"},{"floor":25.0,"key":"REST"},{"floor":32.0,"key":"REST"},{"floor":41.0,"key":"REST"},{"floor":45.0,"key":"REST"},{"floor":49.0,"key":"REST"}],"neow_cost":"NO_GOLD","seed_source_timestamp":0,"circlet_count":0,"master_deck":["Strike_B","Defend_B+1","Zap+1","Dualcast+1","Auto Shields","Darkness+1","Cold Snap","Reinforced Body","Hologram+1","Echo Form","Glacier+1","Darkness","Auto Shields+1","Glacier+1","Biased Cognition","Ball Lightning"],"special_seed":0,"relics":["Cracked Core","Meat on the Bone","Fusion Hammer","Nilry\u0027s Codex","DataDisk","Cables","Bird Faced Urn","Busted Crown","Red Mask","War Paint","Unceasing Top"],"potions_floor_usage":[50],"damage_taken":[{"damage":3.0,"enemies":"2 Louse","floor":1.0,"turns":2.0},{"damage":0.0,"enemies":"Cultist","floor":3.0,"turns":3.0},{"damage":2.0,"enemies":"Small Slimes","floor":4.0,"turns":4.0},{"damage":5.0,"enemies":"Looter","floor":8.0,"turns":3.0},{"damage":3.0,"enemies":"Exordium Thugs","floor":10.0,"turns":6.0},{"damage":3.0,"enemies":"3 Louse","floor":12.0,"turns":4.0},{"damage":0.0,"enemies":"Slime Boss","floor":16.0,"turns":5.0},{"damage":0.0,"enemies":"Shell Parasite","floor":18.0,"turns":4.0},{"damage":0.0,"enemies":"Chosen","floor":19.0,"turns":4.0},{"damage":0.0,"enemies":"Centurion and Healer","floor":20.0,"turns":10.0},{"damage":8.0,"enemies":"Book of Stabbing","floor":24.0,"turns":5.0},{"damage":11.0,"enemies":"Shelled Parasite and Fungi","floor":27.0,"turns":4.0},{"damage":5.0,"enemies":"Sentry and Sphere","floor":29.0,"turns":4.0},{"damage":1.0,"enemies":"Snake Plant","floor":30.0,"turns":2.0},{"damage":53.0,"enemies":"Automaton","floor":33.0,"turns":9.0},{"damage":0.0,"enemies":"3 Shapes","floor":35.0,"turns":4.0},{"damage":13.0,"enemies":"Orb Walker","floor":37.0,"turns":4.0},{"damage":10.0,"enemies":"3 Darklings","floor":42.0,"turns":5.0},{"damage":28.0,"enemies":"2 Orb Walkers","floor":46.0,"turns":8.0},{"damage":3.0,"enemies":"Writhing Mass","floor":48.0,"turns":4.0},{"damage":46,"enemies":"Donu and Deca","floor":50,"turns":11}],"seed_played":"-7487875917446304686","potions_obtained":[{"floor":1.0,"key":"PowerPotion"},{"floor":2.0,"key":"SteroidPotion"},{"floor":2.0,"key":"FairyPotion"},{"floor":2.0,"key":"FairyPotion"},{"floor":19.0,"key":"Strength Potion"},{"floor":30.0,"key":"FearPotion"},{"floor":46.0,"key":"Strength Potion"},{"floor":48.0,"key":"Dexterity Potion"}],"is_trial":false,"path_per_floor":["M","?","M","M","$","R","$","M","T","M","R","M","R","?","R","B",null,"M","M","M","?","$","R","E","R","T","M","?","M","M","?","R","B",null,"M","$","M","?","?","$","R","M","T","?","R","?","$","M","R","B",null],"character_chosen":"DEFECT","items_purchased":["Cold Snap","DataDisk","Ball Lightning"],"campfire_rested":6,"item_purchase_floors":[7,22,47],"current_hp_per_floor":[72,72,72,70,70,70,70,65,65,62,62,59,59,48,48,48,75,75,75,75,59,59,75,67,75,75,64,64,61,60,60,75,34,75,75,75,64,64,64,64,71,61,61,51,71,43,43,42,63,39],"gold":30,"neow_bonus":"REMOVE_TWO","is_prod":false,"is_daily":false,"chose_seed":false,"campfire_upgraded":4,"win_rate":0,"timestamp":1559292914,"path_taken":["M","?","M","M","$","R","?","?","T","M","R","M","R","?","R","BOSS","M","M","M","?","$","R","E","R","T","M","?","M","?","?","R","BOSS","M","$","M","?","?","$","R","M","T","?","R","?","$","M","R","BOSS"],"build_version":"2019-01-23","purchased_purges":2,"victory":true,"max_hp_per_floor":[75,75,75,75,75,75,75,75,75,75,75,75,75,75,75,75,75,75,75,75,75,75,75,75,75,75,75,75,75,75,75,75,75,75,75,75,75,71,71,71,71,71,71,71,71,71,71,71,71,71],"card_choices":[{"not_picked":["Go for the Eyes","Leap"],"picked":"Auto Shields","floor":1.0},{"not_picked":["Doom and Gloom","Hologram"],"picked":"Darkness","floor":3.0},{"not_picked":["Beam Cell","Skim","Stack"],"picked":"SKIP","floor":4.0},{"not_picked":["Turbo","Coolheaded"],"picked":"Reinforced Body","floor":8.0},{"not_picked":["Steam","Leap"],"picked":"Hologram","floor":10.0},{"not_picked":["Meteor Strike","Redo","Coolheaded"],"picked":"SKIP","floor":12.0},{"not_picked":["Meteor Strike","Redo","Coolheaded"],"picked":"SKIP","floor":12.0},{"not_picked":["Thunder Strike","Hyperbeam"],"picked":"Echo Form","floor":16.0},{"not_picked":["Barrage","Compile Driver","Coolheaded"],"picked":"SKIP","floor":18.0},{"not_picked":["Reinforced Body","Auto Shields"],"picked":"Glacier","floor":19.0},{"not_picked":["Recycle","Steam+1"],"picked":"Darkness","floor":20.0},{"not_picked":["Chill","BootSequence+1"],"picked":"Auto Shields+1","floor":24.0},{"not_picked":["Capacitor","Consume","Steam+1"],"picked":"SKIP","floor":27.0},{"not_picked":["Turbo+1","Streamline","Stack"],"picked":"SKIP","floor":29.0},{"not_picked":["Hello World","Thunder Strike"],"picked":"Glacier+1","floor":30.0},{"not_picked":["Buffer","Hyperbeam"],"picked":"Biased Cognition","floor":33.0},{"not_picked":["Compile Driver+1"],"picked":"SKIP","floor":35.0},{"not_picked":["Compile Driver+1"],"picked":"SKIP","floor":37.0},{"not_picked":["Doom and Gloom+1"],"picked":"SKIP","floor":42.0},{"not_picked":["Coolheaded"],"picked":"SKIP","floor":48.0}],"player_experience":1475200,"relics_obtained":[{"floor":9.0,"key":"Meat on the Bone"},{"floor":21.0,"key":"Nilry\u0027s Codex"},{"floor":24.0,"key":"Cables"},{"floor":26.0,"key":"Bird Faced Urn"},{"floor":43.0,"key":"War Paint"},{"floor":46.0,"key":"Unceasing Top"}],"event_choices":[{"damage_healed":0.0,"max_hp_gain":0.0,"max_hp_loss":0.0,"gold_gain":0.0,"event_name":"Lab","player_choice":"Got Potions","floor":2.0,"gold_loss":0.0,"damage_taken":0.0},{"damage_healed":0.0,"max_hp_gain":0.0,"max_hp_loss":0.0,"gold_gain":75.0,"event_name":"World of Goop","player_choice":"Gather Gold","floor":14.0,"gold_loss":0.0,"damage_taken":11.0},{"damage_healed":0.0,"max_hp_gain":0.0,"max_hp_loss":0.0,"gold_gain":0.0,"event_name":"Cursed Tome","player_choice":"Obtained Book","floor":21.0,"gold_loss":0.0,"damage_taken":16.0},{"cards_removed":["Defend_B"],"damage_healed":0.0,"max_hp_gain":0.0,"max_hp_loss":0.0,"gold_gain":0.0,"event_name":"Beggar","player_choice":"Gave Gold","floor":28.0,"gold_loss":75.0,"damage_taken":0.0},{"cards_removed":["Strike_B"],"damage_healed":0.0,"max_hp_gain":0.0,"max_hp_loss":0.0,"gold_gain":0.0,"event_name":"Back to Basics","player_choice":"Elegance","floor":31.0,"gold_loss":0.0,"damage_taken":0.0},{"damage_healed":0.0,"max_hp_gain":0.0,"max_hp_loss":4.0,"gold_gain":0.0,"event_name":"Winding Halls","player_choice":"Max HP","floor":38.0,"gold_loss":0.0,"damage_taken":0.0},{"damage_healed":0.0,"max_hp_gain":0.0,"max_hp_loss":0.0,"gold_gain":0.0,"event_name":"Tomb of Lord Red Mask","player_choice":"Paid","floor":39.0,"gold_loss":62.0,"damage_taken":0.0,"relics_obtained":["Red Mask"]},{"damage_healed":0.0,"max_hp_gain":0.0,"max_hp_loss":0.0,"gold_gain":0.0,"event_name":"SensoryStone","player_choice":"Memory 3","floor":44.0,"gold_loss":0.0,"damage_taken":10.0},{"damage_healed":0.0,"max_hp_gain":0.0,"max_hp_loss":0.0,"gold_gain":0.0,"event_name":"Mysterious Sphere","player_choice":"Fight","floor":46.0,"gold_loss":0.0,"damage_taken":0.0}],"is_beta":false,"boss_relics":[{"not_picked":["Orrery","Runic Dome"],"picked":"Fusion Hammer"},{"not_picked":["Inserter","FrozenCore"],"picked":"Busted Crown"}],"items_purged_floors":[22,36],"is_endless":false,"potions_floor_spawned":[1,8,12,19,24,30,33,46,48],"ascension_level":0}