{"gold_per_floor":[118,130,205,280,290,290,302,320,320,320,335,187,200,259,259,354,354,367,367,4,24,24,58,2,2,2,2,18,293,308,327,327,432,432,448,26,38,52,52,84,84,101,125,125,8,19,19,51,51,51],"floor_reached":51,"playtime":1818,"items_purged":["Strike_B","Normality"],"score":919,"play_id":"4504eac0-125b-482c-aaaa-895a2e3ce03c","local_time":"20190520043829","is_ascension_mode":false,"campfire_choices":[{"data":"Defragment","floor":6.0,"key":"SMITH"},{"data":"Hologram","floor":10.0,"key":"SMITH"},{"data":"Dualcast","floor":15.0,"key":"SMITH"},{"data":"Seek","floor":25.0,"key":"SMITH"},{"data":"Heatsinks","floor":27.0,"key":"SMITH"},{"data":"Capacitor","floor":32.0,"key":"SMITH"},{"data":"Heatsinks","floor":41,"key":"SMITH"},{"data":"Storm","floor":47,"key":"SMITH"},{"data":"Defragment","floor":49,"key":"SMITH"}],"neow_cost":"NONE","seed_source_timestamp":41409081172335,"circlet_count":0,"master_deck":["Defend_B+1","Defend_B","Defend_B","Defend_B","Zap+1","Dualcast+1","Defragment+1","Cold Snap","White Noise","Steam","Hologram+1","Leap+1","Capacitor+1","Darkness","Rebound","Seek+1","Ball Lightning","Loop","Heatsinks","Self Repair","Hello World","Heatsinks+1","Storm+1","White Noise","Ball Lightning","Sunder","Steam Power","Hello World","Regret","Conserve Battery","Doom and Gloom","Electrodynamics","Hologram+1","Static Discharge","Capacitor","Heatsinks+1","Creative AI","Hello World","Hello World","Coolheaded+1","Hello World+1","Madness","Madness","White Noise","Defragment+1","Writhe","Defragment+1","Loop","Go for the Eyes","Coolheaded"],"special_seed":0,"relics":["Cracked Core","Mummified Hand","The Courier","Cursed Key","Smiling Mask","War Paint","Nuclear Battery","Bottled Lightning","Potion Belt","Centennial Puzzle","Ancient Tea Set"],"potions_floor_usage":[50],"damage_taken":[{"damage":0.0,"enemies":"Cultist","floor":1.0,"turns":3.0},{"damage":5.0,"enemies":"2 Louse","floor":2.0,"turns":2.0},{"damage":2.0,"enemies":"Jaw Worm","floor":5.0,"turns":3.0},{"damage":8.0,"enemies":"Red Slaver","floor":7.0,"turns":3.0},{"damage":8.0,"enemies":"Blue Slaver","floor":8.0,"turns":3.0},{"damage":5.0,"enemies":"Looter","floor":11.0,"turns":3.0},{"damage":8.0,"enemies":"Lots of Slimes","floor":13.0,"turns":4.0},{"damage":7.0,"enemies":"Gremlin Nob","floor":14.0,"turns":4.0},{"damage":7.0,"enemies":"Slime Boss","floor":16.0,"turns":8.0},{"damage":10.0,"enemies":"Spheric Guardian","floor":18.0,"turns":5.0},{"damage":10.0,"enemies":"Chosen","floor":21.0,"turns":3.0},{"damage":3.0,"enemies":"Book of Stabbing","floor":23.0,"turns":4.0},{"damage":22.0,"enemies":"Snecko","floor":28.0,"turns":4.0},{"damage":9.0,"enemies":"Shelled Parasite and Fungi","floor":30.0,"turns":3.0},{"damage":5.0,"enemies":"Cultist and Chosen","floor":31.0,"turns":3.0},{"damage":33.0,"enemies":"Champ","floor":33.0,"turns":7.0},{"damage":6,"enemies":"3 Darklings","floor":35,"turns":3},{"damage":10,"enemies":"Orb Walker","floor":37,"turns":2},{"damage":0,"enemies":"Sphere and 2 Shapes","floor":38,"turns":2},{"damage":2,"enemies":"Giant Head","floor":40,"turns":6},{"damage":0,"enemies":"Jaw Worm Horde","floor":42,"turns":1},{"damage":0,"enemies":"4 Shapes","floor":46,"turns":1},{"damage":6,"enemies":"Reptomancer","floor":48,"turns":2},{"damage":15,"enemies":"Awakened One","floor":50,"turns":5}],"seed_played":"7912396084214950483","potions_obtained":[{"floor":2.0,"key":"SteroidPotion"},{"floor":5.0,"key":"Swift Potion"},{"floor":7.0,"key":"FearPotion"},{"floor":8.0,"key":"Strength Potion"},{"floor":14.0,"key":"FairyPotion"},{"floor":23.0,"key":"FocusPotion"},{"floor":28.0,"key":"SpeedPotion"},{"floor":37,"key":"Strength Potion"},{"floor":42,"key":"Energy Potion"},{"floor":48,"key":"Ancient Potion"}],"is_trial":false,"path_per_floor":["M","M","?","?","M","R","M","M","T","R","M","$","M","?","R","B",null,"M","?","$","M","?","E","$","R","T","R","M","?","M","M","R","B",null,"M","$","M","M","?","E","R","M","T","?","$","M","R","E","R","B",null],"character_chosen":"DEFECT","items_purchased":["Capacitor","Loop","Heatsinks","Self Repair","Hello World","Heatsinks","Storm","Hello World","Static Discharge","Capacitor","Heatsinks","Creative AI","Hello World","Hello World","Defragment","Loop"],"campfire_rested":0,"item_purchase_floors":[12,20,20,20,20,20,20,24,36,36,36,36,36,36,45,45],"current_hp_per_floor":[75,70,59,52,50,50,42,34,34,34,29,29,21,14,14,7,75,65,65,65,62,62,66,66,66,66,66,51,51,49,51,51,25,75,69,69,59,66,57,62,62,62,62,62,62,62,62,63,63,55],"gold":51,"neow_bonus":"UPGRADE_CARD","is_prod":false,"is_daily":false,"chose_seed":false,"campfire_upgraded":9,"win_rate":0,"timestamp":1558348709,"path_taken":["M","?","?","?","?","R","M","M","T","R","M","$","M","?","R","BOSS","M","?","$","?","?","E","?","R","T","R","M","?","M","?","R","BOSS","M","$","M","M","?","E","R","M","T","?","$","M","R","E","R","BOSS"],"build_version":"2019-01-23","purchased_purges":2,"victory":true,"max_hp_per_floor":[75,75,75,75,75,75,75,75,75,75,75,75,75,75,75,75,75,75,75,75,75,75,75,75,75,75,75,75,75,75,75,75,75,75,75,75,75,75,75,75,75,75,75,75,75,75,75,75,75,75],"card_choices":[{"not_picked":["Beam Cell","Rip and Tear"],"picked":"Defragment","floor":1.0},{"not_picked":["Melter","BootSequence"],"picked":"Cold Snap","floor":2.0},{"not_picked":["Redo","Melter"],"picked":"White Noise","floor":5.0},{"not_picked":["Sweeping Beam","Barrage"],"picked":"Steam","floor":7.0},{"not_picked":["Heatsinks","Static Discharge"],"picked":"Hologram","floor":8.0},{"not_picked":["Turbo","Skim"],"picked":"Leap","floor":11.0},{"not_picked":["Turbo","Darkness","All For One"],"picked":"SKIP","floor":13.0},{"not_picked":["Turbo","All For One"],"picked":"Darkness","floor":13.0},{"not_picked":["Steam","Hologram"],"picked":"Rebound","floor":14.0},{"not_picked":["Reboot","Fission"],"picked":"Seek","floor":16.0},{"not_picked":["Sweeping Beam","Double Energy"],"picked":"Ball Lightning","floor":18.0},{"not_picked":["Leap","Beam Cell"],"picked":"White Noise","floor":21.0},{"not_picked":["Consume","Rebound+1"],"picked":"Steam Power","floor":23.0},{"not_picked":["Barrage","Scrape","Sweeping Beam"],"picked":"SKIP","floor":28.0},{"not_picked":["Skim","Redo"],"picked":"Conserve Battery","floor":30.0},{"not_picked":["Streamline+1","FTL"],"picked":"Doom and Gloom","floor":31.0},{"not_picked":["Fission","Buffer"],"picked":"Electrodynamics","floor":33.0},{"not_picked":["Turbo+1","BootSequence+1"],"picked":"Hologram+1","floor":35},{"not_picked":["Darkness+1","Lockon+1"],"picked":"Coolheaded+1","floor":37},{"not_picked":["Genetic Algorithm+1","Auto Shields"],"picked":"Hello World+1","floor":38},{"not_picked":["Tempest+1","Force Field+1"],"picked":"White Noise","floor":40},{"not_picked":["Beam Cell","Sweeping Beam+1"],"picked":"Defragment+1","floor":42},{"not_picked":["Go for the Eyes","Darkness","Rebound"],"picked":"SKIP","floor":46},{"not_picked":["Darkness","Rebound"],"picked":"Go for the Eyes","floor":46},{"not_picked":["BootSequence+1","Gash"],"picked":"Coolheaded","floor":48}],"player_experience":1446666,"relics_obtained":[{"floor":9.0,"key":"Mummified Hand"},{"floor":23.0,"key":"Smiling Mask"},{"floor":26.0,"key":"War Paint"},{"floor":40,"key":"Bottled Lightning"},{"floor":43,"key":"Potion Belt"},{"floor":48,"key":"Ancient Tea Set"}],"event_choices":[{"damage_healed":0.0,"max_hp_gain":0.0,"max_hp_loss":0.0,"gold_gain":75.0,"event_name":"World of Goop","player_choice":"Gather Gold","floor":3.0,"gold_loss":0.0,"damage_taken":11.0},{"damage_healed":0.0,"max_hp_gain":0.0,"max_hp_loss":0.0,"gold_gain":75.0,"event_name":"FaceTrader","player_choice":"Touch","floor":4.0,"gold_loss":0.0,"damage_taken":7.0},{"damage_healed":0.0,"max_hp_gain":0.0,"max_hp_loss":0.0,"gold_gain":30.0,"event_name":"Dead Adventurer","player_choice":"Searched \u00273\u0027 times","floor":14.0,"gold_loss":0.0,"damage_taken":0.0,"relics_obtained":["The Courier"]},{"cards_removed":["Strike_B"],"damage_healed":0.0,"max_hp_gain":0.0,"max_hp_loss":0.0,"gold_gain":0.0,"event_name":"Wheel of Change","player_choice":"Card Removal","floor":19.0,"gold_loss":0.0,"damage_taken":0.0},{"damage_healed":0.0,"max_hp_gain":0.0,"max_hp_loss":0.0,"gold_gain":0.0,"cards_transformed":["Strike_B","Strike_B"],"event_name":"Drug Dealer","player_choice":"Became Test Subject","floor":22.0,"gold_loss":0.0,"damage_taken":0.0,"cards_obtained":["Ball Lightning","Sunder"]},{"damage_healed":0.0,"max_hp_gain":0.0,"max_hp_loss":0.0,"gold_gain":275.0,"event_name":"Golden Shrine","player_choice":"Desecrate","floor":29.0,"gold_loss":0.0,"damage_taken":0.0,"cards_obtained":["Regret"]},{"damage_healed":0,"gold_gain":0,"player_choice":"Embrace Madness","damage_taken":9,"max_hp_gain":0,"max_hp_loss":0,"event_name":"Winding Halls","floor":39,"gold_loss":0,"cards_obtained":["Madness","Madness"]},{"damage_healed":0,"gold_gain":0,"player_choice":"Gave Potion","damage_taken":0,"relics_obtained":["Centennial Puzzle"],"max_hp_gain":0,"max_hp_loss":0,"event_name":"WeMeetAgain","floor":44,"gold_loss":0}],"is_beta":false,"boss_relics":[{"not_picked":["Snecko Eye","Ectoplasm"],"picked":"Cursed Key"},{"not_picked":["Lizard Tail","Runic Dome"],"picked":"Nuclear Battery"}],"items_purged_floors":[12,36],"is_endless":false,"potions_floor_spawned":[2,5,7,8,14,23,28,31,37,42,48],"ascension_level":0}