{"gold_per_floor":[119,130,130,55,75,75,75,94,94,94,169,344,94,119,119,215,215,233,333,77,97,123,123,143,143,143,143,193],"floor_reached":28,"playtime":706,"items_purged":["Strike_B","Doubt","Strike_B"],"score":204,"play_id":"b686096d-77c4-433e-8003-a862057979da","local_time":"20190510134036","is_ascension_mode":false,"campfire_choices":[{"data":"Zap","floor":6,"key":"SMITH"},{"data":"Zap","floor":10,"key":"SMITH"},{"data":"Rainbow","floor":15,"key":"SMITH"},{"data":"Defragment","floor":23,"key":"SMITH"},{"data":"Dualcast","floor":25,"key":"SMITH"}],"neow_cost":"NONE","seed_source_timestamp":4419442085538,"circlet_count":0,"master_deck":["Strike_B","Strike_B","Defend_B","Defend_B","Defend_B","Defend_B","Zap+1","Dualcast+1","Go for the Eyes","White Noise","Zap+1","Recycle","Ball Lightning","Rainbow+1","Capacitor","Machine Learning","Sunder+1","Rip and Tear+1","Defragment+1","Stack","Stack","BootSequence","Hologram+1","Reinforced Body+1"],"relics":["Cracked Core","NeowsBlessing","Unceasing Top","Prayer Wheel","Happy Flower","Velvet Choker","Thread and Needle","Molten Egg 2","Pen Nib","Mummified Hand","SsserpentHead"],"potions_floor_usage":[19,19,19,21],"damage_taken":[{"damage":0,"enemies":"Jaw Worm","floor":1,"turns":1},{"damage":0,"enemies":"Cultist","floor":2,"turns":1},{"damage":0,"enemies":"Small Slimes","floor":5,"turns":1},{"damage":2,"enemies":"Looter","floor":8,"turns":3},{"damage":32,"enemies":"Slime Boss","floor":16,"turns":9},{"damage":27,"enemies":"3 Byrds","floor":18,"turns":4},{"damage":7,"enemies":"Colosseum Slavers","floor":19,"turns":3},{"damage":27,"enemies":"Colosseum Nobs","floor":19,"turns":4},{"damage":0,"enemies":"2 Thieves","floor":21,"turns":3},{"damage":0,"enemies":"Centurion and Healer","floor":24,"turns":5},{"damage":18,"enemies":"Snecko","floor":28,"turns":3}],"seed_played":"9091314284223258932","potions_obtained":[{"floor":2,"key":"Weak Potion"},{"floor":5,"key":"SteroidPotion"},{"floor":8,"key":"LiquidBronze"},{"floor":19,"key":"EssenceOfSteel"},{"floor":21,"key":"Ancient Potion"}],"is_trial":false,"path_per_floor":["M","M","?","$","M","R","?","M","T","R","?","?","$","T","R","B",null,"M","?","$","M","T","R","M","R","T","?","M"],"character_chosen":"DEFECT","items_purchased":["Rainbow","Capacitor","Defragment","Stack"],"campfire_rested":0,"item_purchase_floors":[13,13,20,20],"current_hp_per_floor":[75,75,75,75,75,75,75,73,73,73,62,62,62,62,62,30,75,48,14,14,14,14,14,14,14,14,14,0],"gold":193,"neow_bonus":"THREE_ENEMY_KILL","is_prod":false,"is_daily":false,"chose_seed":false,"campfire_upgraded":5,"win_rate":0,"timestamp":1557517236,"path_taken":["M","M","?","$","?","R","?","M","T","R","?","?","$","?","R","BOSS","M","?","$","M","?","R","M","R","T","?","?"],"build_version":"2019-01-23","purchased_purges":3,"victory":false,"max_hp_per_floor":[75,75,75,75,75,75,75,75,75,75,75,75,75,75,75,75,75,75,75,75,75,75,75,75,75,75,75,75],"card_choices":[{"not_picked":["Barrage","Turbo"],"picked":"Go for the Eyes","floor":1},{"not_picked":["Undo","Self Repair"],"picked":"White Noise","floor":2},{"not_picked":["Gash","Redo"],"picked":"Recycle","floor":5},{"not_picked":["Turbo","BootSequence"],"picked":"Ball Lightning","floor":8},{"not_picked":["Core Surge","Hyperbeam"],"picked":"Machine Learning","floor":16},{"not_picked":["Chaos","Cold Snap"],"picked":"Sunder+1","floor":18},{"not_picked":["BootSequence+1","Gash","Streamline"],"picked":"SKIP","floor":18},{"not_picked":["Hologram","Redo"],"picked":"Rip and Tear+1","floor":19},{"not_picked":["Undo","Double Energy"],"picked":"Stack","floor":21},{"not_picked":["Blizzard+1","Streamline+1"],"picked":"BootSequence","floor":21},{"not_picked":["Rebound+1","Gash+1"],"picked":"Hologram+1","floor":24},{"not_picked":["Redo","Echo Form"],"picked":"Reinforced Body+1","floor":24}],"player_experience":1398783,"relics_obtained":[{"floor":9,"key":"Prayer Wheel"},{"floor":14,"key":"Happy Flower"},{"floor":19,"key":"Thread and Needle"},{"floor":19,"key":"Molten Egg 2"},{"floor":22,"key":"Pen Nib"},{"floor":26,"key":"Mummified Hand"}],"event_choices":[{"damage_healed":0,"gold_gain":0,"player_choice":"1 cards matched","damage_taken":0,"max_hp_gain":0,"max_hp_loss":0,"event_name":"Match and Keep!","floor":3,"gold_loss":0,"cards_obtained":["Zap"]},{"damage_healed":0,"gold_gain":0,"player_choice":"Searched \u00271\u0027 times","damage_taken":0,"relics_obtained":["Unceasing Top"],"max_hp_gain":0,"max_hp_loss":0,"event_name":"Dead Adventurer","floor":7,"gold_loss":0},{"damage_healed":0,"gold_gain":75,"player_choice":"Gather Gold","damage_taken":11,"max_hp_gain":0,"max_hp_loss":0,"event_name":"World of Goop","floor":11,"gold_loss":0},{"damage_healed":0,"gold_gain":175,"player_choice":"AGREE","damage_taken":0,"max_hp_gain":0,"max_hp_loss":0,"event_name":"Liars Game","floor":12,"gold_loss":0,"cards_obtained":["Doubt"]},{"damage_healed":0,"gold_gain":0,"player_choice":"Fight","damage_taken":0,"max_hp_gain":0,"max_hp_loss":0,"event_name":"Colosseum","floor":19,"gold_loss":0},{"damage_healed":0,"gold_gain":0,"player_choice":"Fought Nobs","damage_taken":0,"max_hp_gain":0,"max_hp_loss":0,"event_name":"Colosseum","floor":19,"gold_loss":0},{"damage_healed":0,"gold_gain":0,"player_choice":"Trade","damage_taken":0,"relics_obtained":["SsserpentHead"],"max_hp_gain":0,"max_hp_loss":0,"event_name":"FaceTrader","floor":27,"gold_loss":0}],"is_beta":false,"boss_relics":[{"not_picked":["Pandora\u0027s Box","FrozenCore"],"picked":"Velvet Choker"}],"items_purged_floors":[4,13,20],"is_endless":false,"potions_floor_spawned":[2,5,8,19,21],"killed_by":"Snecko","ascension_level":0}