{"path_per_floor":["M","$","M","M","M","E","?","$","T","M","?","R","?","M","R","B",null,"M"],"character_chosen":"THE_SILENT","items_purchased":["Slice","Escape Plan"],"gold_per_floor":[114,39,59,69,87,119,219,20,20,36,36,36,0,17,17,115,115,129],"floor_reached":19,"campfire_rested":1,"playtime":2325,"current_hp_per_floor":[70,70,70,70,70,39,39,39,39,28,28,49,49,45,45,14,70,51],"items_purged":["Defend_G","Strike_G"],"gold":129,"score":169,"play_id":"2327c16f-f3e8-4da5-b96c-610a1633e5d8","local_time":"20180316150200","is_prod":false,"is_daily":false,"is_ascension_mode":false,"campfire_upgraded":1,"timestamp":1521226920,"path_taken":["M","$","M","M","?","E","?","$","T","M","?","R","?","M","R","BOSS","M","M"],"build_version":"2018-03-15v2","purchased_purges":2,"victory":false,"master_deck":["Defend_G","Defend_G","Defend_G","Defend_G","Strike_G","Strike_G","Strike_G","Survivor","Neutralize","Blade Dance","Flying Knee","Outmaneuver","Prepared+1","Choke","Slice","Escape Plan","Noxious Fumes","Tactician","Backflip","Tools of the Trade","Flying Knee"],"max_hp_per_floor":[70,70,70,70,70,70,70,70,70,70,70,70,70,70,70,70,70,70],"relics":["Ring of the Snake","Lantern","Snake Skull","The Specimen"],"card_choices":[{"not_picked":["Choke","All Out Attack"],"picked":"Blade Dance"},{"not_picked":["Masterful Stab","Poisoned Stab"],"picked":"Flying Knee"},{"not_picked":["Underhanded Strike","Malaise"],"picked":"Outmaneuver"},{"not_picked":["Dagger Spray","Distraction"],"picked":"Prepared"},{"not_picked":["Quick Slash","Dagger Throw"],"picked":"Choke"},{"not_picked":["A Thousand Cuts","Deadly Poison"],"picked":"Noxious Fumes"},{"not_picked":["Outmaneuver","Deflect"],"picked":"Backflip"},{"not_picked":["Phantasmal Killer","Bullet Time"],"picked":"Tools of the Trade"},{"not_picked":["Terror","Noxious Fumes"],"picked":"Flying Knee"}],"player_experience":177641,"potions_floor_usage":[],"damage_taken":[{"damage":0,"enemies":"Cultist","floor":1,"turns":5},{"damage":0,"enemies":"Small Slimes","floor":3,"turns":3},{"damage":0,"enemies":"Jaw Worm","floor":4,"turns":3},{"damage":0,"enemies":"2 Fungi Beasts","floor":5,"turns":3},{"damage":31,"enemies":"Lagavulin","floor":6,"turns":9},{"damage":11,"enemies":"Exordium Thugs","floor":10,"turns":3},{"damage":4,"enemies":"Looter","floor":14,"turns":4},{"damage":31,"enemies":"Hexaghost","floor":16,"turns":10},{"damage":19,"enemies":"2 Thieves","floor":18,"turns":5},{"damage":55,"enemies":"Chosen","floor":19,"turns":5}],"event_choices":[{"event_name":"Golden Shrine","player_choice":"Pray","floor":7,"damage_taken":0},{"event_name":"Transmorgrifier","player_choice":"Transform","floor":11,"damage_taken":0},{"event_name":"World of Goop","player_choice":"Left","floor":13,"damage_taken":0}],"boss_relics":[{"not_picked":["Eternal Feather","Tiny House"],"picked":"The Specimen"}],"potions_floor_spawned":[1,3,5,10,18],"seed_played":"5054543583740974429","killed_by":"Chosen","ascension_level":0,"is_trial":false}