{"gold_per_floor":[113,123,134,148,166,166,196,212,239,273,273,283,283,299,299,394,394,404,58,58,58,76,108,126,24,24,24,59,158,1,14,14,111,111,125,125,125,7,20,20,34,49,75,95,395,410,436,436],"floor_reached":48,"playtime":6032,"items_purged":["Strike_B","Strike_B+1"],"score":851,"play_id":"58478293-8ee1-4966-9f14-8c3e518468fe","local_time":"20190325162925","is_ascension_mode":true,"campfire_choices":[{"data":"Zap","floor":6.0,"key":"SMITH"},{"floor":11.0,"key":"REST"},{"data":"Defragment","floor":13.0,"key":"SMITH"},{"data":"Defragment","floor":15.0,"key":"SMITH"},{"floor":27,"key":"REST"},{"floor":32,"key":"REST"},{"data":"Buffer","floor":40,"key":"SMITH"}],"neow_cost":"NONE","seed_source_timestamp":0,"circlet_count":0,"master_deck":["AscendersBane","Defend_B+1","Defend_B+1","Defend_B+1","Defend_B+1","Zap+1","Dualcast","Defragment+1","Streamline","Darkness","Conserve Battery","Compile Driver","Defragment+1","Chill","Buffer+1","Hologram","Static Discharge","Creative AI","FTL","Capacitor","Hologram+1","Cold Snap","Conserve Battery","Cold Snap","Amplify","Doom and Gloom","Glacier","Recycle","Stack"],"special_seed":0,"relics":["Cracked Core","Anchor","Bronze Scales","Smiling Mask","Empty Cage","Matryoshka","Centennial Puzzle","Omamori","Mercury Hourglass","Symbiotic Virus","Orichalcum","Velvet Choker","Sundial","Darkstone Periapt"],"potions_floor_usage":[28,33,35],"damage_taken":[{"damage":2.0,"enemies":"Small Slimes","floor":1.0,"turns":4.0},{"damage":2.0,"enemies":"Jaw Worm","floor":2.0,"turns":3.0},{"damage":2.0,"enemies":"2 Louse","floor":3.0,"turns":3.0},{"damage":11.0,"enemies":"Blue Slaver","floor":4.0,"turns":4.0},{"damage":20.0,"enemies":"Large Slime","floor":5.0,"turns":6.0},{"damage":5.0,"enemies":"Gremlin Nob","floor":7.0,"turns":3.0},{"damage":3.0,"enemies":"3 Louse","floor":8.0,"turns":3.0},{"damage":15.0,"enemies":"3 Sentries","floor":10.0,"turns":5.0},{"damage":0.0,"enemies":"Lots of Slimes","floor":12.0,"turns":4.0},{"damage":1.0,"enemies":"Exordium Thugs","floor":14.0,"turns":4.0},{"damage":15.0,"enemies":"Hexaghost","floor":16.0,"turns":8.0},{"damage":22.0,"enemies":"Shell Parasite","floor":18.0,"turns":6.0},{"damage":20,"enemies":"2 Thieves","floor":22,"turns":4},{"damage":8,"enemies":"Slavers","floor":23,"turns":8},{"damage":6,"enemies":"Shelled Parasite and Fungi","floor":24,"turns":6},{"damage":4,"enemies":"Book of Stabbing","floor":28,"turns":5},{"damage":8,"enemies":"Snecko","floor":31,"turns":4},{"damage":11,"enemies":"Automaton","floor":33,"turns":12},{"damage":7,"enemies":"Orb Walker","floor":35,"turns":4},{"damage":4,"enemies":"3 Shapes","floor":39,"turns":5},{"damage":1,"enemies":"Spire Growth","floor":41,"turns":7},{"damage":32,"enemies":"3 Darklings","floor":42,"turns":4},{"damage":14,"enemies":"Sphere and 2 Shapes","floor":44,"turns":7},{"damage":6,"enemies":"Writhing Mass","floor":46,"turns":9},{"damage":2,"enemies":"Nemesis","floor":47,"turns":13},{"damage":2,"enemies":"Jaw Worm Horde","floor":48,"turns":1}],"seed_played":"-1662133058707684486","potions_obtained":[{"floor":4.0,"key":"Strength Potion"},{"floor":5.0,"key":"Dexterity Potion"},{"floor":12.0,"key":"SkillPotion"},{"floor":14.0,"key":"FocusPotion"},{"floor":28,"key":"SteroidPotion"},{"floor":31,"key":"Fire Potion"},{"floor":33,"key":"Fruit Juice"},{"floor":35,"key":"Ancient Potion"}],"is_trial":false,"path_per_floor":["M","M","M","M","M","R","E","M","T","E","R","M","R","M","R","B",null,"M","$","?","?","M","E","M","$","T","R","E","?","$","M","R","B",null,"M","?","?","$","M","R","M","M","T","M","?","M","E","M"],"character_chosen":"DEFECT","items_purchased":["Capacitor","Matryoshka","Conserve Battery","Orichalcum","Doom and Gloom","Glacier"],"campfire_rested":3,"item_purchase_floors":[19,19,25,30,38,38],"current_hp_per_floor":[66,64,62,51,31,31,26,23,23,8,30,30,30,29,29,14,60,38,38,38,38,18,10,4,4,4,26,22,22,22,14,36,25,63,61,61,61,61,57,57,56,24,24,10,10,4,2,0],"gold":436,"neow_bonus":"THREE_CARDS","is_prod":false,"is_daily":false,"chose_seed":false,"campfire_upgraded":4,"win_rate":0,"timestamp":1553545765,"path_taken":["M","M","M","M","M","R","E","M","T","E","R","M","R","M","R","BOSS","M","$","?","?","M","E","M","$","T","R","E","?","?","M","R","BOSS","M","?","?","$","M","R","M","M","T","M","?","M","E","M"],"build_version":"2019-01-23","purchased_purges":2,"victory":false,"max_hp_per_floor":[75,75,75,75,75,75,75,75,75,75,75,75,75,75,75,75,75,75,75,75,75,75,75,75,75,75,75,75,75,75,75,75,75,75,80,76,76,76,76,76,76,76,76,76,76,76,76,76],"card_choices":[{"not_picked":["Sweeping Beam","Conserve Battery"],"picked":"Defragment","floor":0.0},{"not_picked":["Barrage","Consume"],"picked":"Streamline","floor":1.0},{"not_picked":["Conserve Battery","Cold Snap"],"picked":"Darkness","floor":2.0},{"not_picked":["Chill","Hello World"],"picked":"Conserve Battery","floor":3.0},{"not_picked":["Reprogram","Tempest","Stack"],"picked":"SKIP","floor":4.0},{"not_picked":["Ball Lightning","Hologram"],"picked":"Compile Driver","floor":5.0},{"not_picked":["Leap","Undo"],"picked":"Defragment","floor":7.0},{"not_picked":["Darkness","Steam Power"],"picked":"Chill","floor":8.0},{"not_picked":["Compile Driver","Streamline"],"picked":"Buffer","floor":10.0},{"not_picked":["Coolheaded","Streamline"],"picked":"Hologram","floor":12.0},{"not_picked":["Streamline","Sweeping Beam"],"picked":"Static Discharge","floor":14.0},{"not_picked":["Amplify","Seek"],"picked":"Creative AI","floor":16.0},{"not_picked":["Steam","Sweeping Beam"],"picked":"FTL","floor":18.0},{"not_picked":["Gash","Rainbow"],"picked":"Hologram+1","floor":22},{"not_picked":["Sweeping Beam","Go for the Eyes","Streamline+1"],"picked":"SKIP","floor":23},{"not_picked":["Chaos","Genetic Algorithm"],"picked":"Cold Snap","floor":24},{"not_picked":["Rainbow","All For One","Rebound"],"picked":"SKIP","floor":28},{"not_picked":["Go for the Eyes","Steam"],"picked":"Cold Snap","floor":31},{"not_picked":["Rainbow","Meteor Strike"],"picked":"Amplify","floor":33},{"not_picked":["Stack","Sweeping Beam","Blizzard"],"picked":"SKIP","floor":35},{"not_picked":["Skim","Streamline"],"picked":"Recycle","floor":39},{"not_picked":["Turbo+1","Sweeping Beam"],"picked":"Stack","floor":41},{"not_picked":["Coolheaded","Beam Cell","Gash"],"picked":"SKIP","floor":42},{"not_picked":["Sweeping Beam","Rebound","FTL"],"picked":"SKIP","floor":44},{"not_picked":["Streamline","Barrage","Capacitor"],"picked":"SKIP","floor":46},{"not_picked":["Turbo+1","Hyperbeam","Steam+1"],"picked":"SKIP","floor":47}],"player_experience":2005331,"relics_obtained":[{"floor":7.0,"key":"Anchor"},{"floor":9.0,"key":"Bronze Scales"},{"floor":10.0,"key":"Smiling Mask"},{"floor":23,"key":"Centennial Puzzle"},{"floor":26,"key":"Omamori"},{"floor":26,"key":"Mercury Hourglass"},{"floor":28,"key":"Symbiotic Virus"},{"floor":43,"key":"Sundial"},{"floor":47,"key":"Darkstone Periapt"}],"event_choices":[{"damage_healed":0,"gold_gain":0,"player_choice":"Simplicity","damage_taken":0,"max_hp_gain":0,"max_hp_loss":0,"event_name":"Back to Basics","floor":20,"gold_loss":0,"cards_upgraded":["Strike_B","Defend_B","Defend_B","Defend_B","Defend_B"]},{"damage_healed":0,"gold_gain":0,"player_choice":"Ignored","damage_taken":0,"max_hp_gain":0,"max_hp_loss":0,"event_name":"Vampires","floor":21,"gold_loss":0},{"damage_healed":0,"gold_gain":99,"player_choice":"Stole From Cult","damage_taken":0,"max_hp_gain":0,"max_hp_loss":0,"event_name":"Nest","floor":29,"gold_loss":0},{"damage_healed":0,"gold_gain":0,"player_choice":"Max HP","damage_taken":0,"max_hp_gain":0,"max_hp_loss":4,"event_name":"Winding Halls","floor":36,"gold_loss":0},{"damage_healed":0,"gold_gain":0,"player_choice":"Ignored","damage_taken":0,"max_hp_gain":0,"max_hp_loss":0,"event_name":"Tomb of Lord Red Mask","floor":37,"gold_loss":0},{"damage_healed":0,"gold_gain":300,"player_choice":"Gold","damage_taken":0,"max_hp_gain":0,"max_hp_loss":0,"event_name":"Wheel of Change","floor":45,"gold_loss":0}],"is_beta":false,"boss_relics":[{"not_picked":["Pandora\u0027s Box","Philosopher\u0027s Stone"],"picked":"Empty Cage"},{"not_picked":["Sozu","Calling Bell"],"picked":"Velvet Choker"}],"items_purged_floors":[19,25],"is_endless":false,"potions_floor_spawned":[4,5,12,14,28,31,33,35,42,47],"killed_by":"Jaw Worm Horde","ascension_level":12}