{"gold_per_floor":[111,131,131,131,150,150,225,225,225,280,293,309,6,20,20,20],"floor_reached":16,"playtime":330,"items_purged":[],"score":92,"play_id":"c7fc1eaf-14df-4378-8394-b7c52046ab67","local_time":"20190625083953","is_ascension_mode":false,"campfire_choices":[{"data":"Dualcast","floor":6,"key":"SMITH"},{"data":"Hologram","floor":8,"key":"SMITH"},{"data":"1","floor":15,"key":"LIFT"}],"neow_cost":"NONE","seed_source_timestamp":10157968525521,"circlet_count":0,"master_deck":["Strike_B","Strike_B","Strike_B","Strike_B","Defend_B","Defend_B","Defend_B","Defend_B","Zap+1","Dualcast+1","Hologram+1","Tempest+1","Hologram","Sweeping Beam"],"relics":["Cracked Core","Sundial","Centennial Puzzle","Ancient Tea Set","Girya"],"potions_floor_usage":[16,16],"damage_taken":[{"damage":0,"enemies":"2 Louse","floor":1,"turns":2},{"damage":0,"enemies":"Jaw Worm","floor":2,"turns":3},{"damage":0,"enemies":"Cultist","floor":5,"turns":3},{"damage":0,"enemies":"2 Fungi Beasts","floor":11,"turns":2},{"damage":2,"enemies":"Blue Slaver","floor":12,"turns":2},{"damage":8,"enemies":"Red Slaver","floor":14,"turns":2},{"damage":36,"enemies":"Hexaghost","floor":16,"turns":7}],"seed_played":"-1061240005096315981","potions_obtained":[{"floor":2,"key":"FearPotion"},{"floor":12,"key":"Energy Potion"}],"is_trial":false,"path_per_floor":["M","M","?","?","M","R","?","R","T","T","M","M","$","M","R","B"],"character_chosen":"DEFECT","items_purchased":["Girya"],"campfire_rested":0,"item_purchase_floors":[13],"current_hp_per_floor":[75,75,75,57,57,57,46,46,46,46,46,44,44,36,36,0],"gold":20,"neow_bonus":"UPGRADE_CARD","is_prod":false,"is_daily":false,"chose_seed":false,"campfire_upgraded":2,"win_rate":0,"timestamp":1561473593,"path_taken":["M","M","?","?","M","R","?","R","T","?","M","?","$","M","R","BOSS"],"build_version":"2019-01-23","purchased_purges":0,"victory":false,"max_hp_per_floor":[75,75,75,75,75,75,75,75,75,75,75,75,75,75,75,75],"card_choices":[{"not_picked":["Steam Power","Streamline"],"picked":"Hologram","floor":1},{"not_picked":["Conserve Battery","Go for the Eyes"],"picked":"Tempest","floor":2},{"not_picked":["Beam Cell","Chill","Turbo"],"picked":"SKIP","floor":5},{"not_picked":["Redo","Gash","Genetic Algorithm"],"picked":"SKIP","floor":11},{"not_picked":["Force Field","Gash"],"picked":"Hologram","floor":12},{"not_picked":["Auto Shields","Chaos"],"picked":"Sweeping Beam","floor":14}],"player_experience":1493345,"relics_obtained":[{"floor":9,"key":"Centennial Puzzle"},{"floor":10,"key":"Ancient Tea Set"}],"event_choices":[{"damage_healed":0,"gold_gain":0,"player_choice":"Grow","damage_taken":0,"max_hp_gain":0,"max_hp_loss":0,"event_name":"Living Wall","floor":3,"gold_loss":0,"cards_upgraded":["Tempest"]},{"damage_healed":0,"gold_gain":0,"player_choice":"Success","damage_taken":18,"relics_obtained":["Sundial"],"max_hp_gain":0,"max_hp_loss":0,"event_name":"Scrap Ooze","floor":4,"gold_loss":0},{"damage_healed":0,"gold_gain":75,"player_choice":"Gather Gold","damage_taken":11,"max_hp_gain":0,"max_hp_loss":0,"event_name":"World of Goop","floor":7,"gold_loss":0}],"is_beta":false,"boss_relics":[],"items_purged_floors":[],"is_endless":false,"potions_floor_spawned":[2,12],"killed_by":"Hexaghost","ascension_level":0}