{"gold_per_floor":[112,66,80,80,31,31,64,64,89,118,129,129,129,141,141,239,239,252,13,0,12,29,29,29,29,29,29,49,66,82,82,82,82],"floor_reached":33,"playtime":1121,"items_purged":[],"score":408,"play_id":"b24e33cc-1cde-4ba9-924e-90bb4d2af9f6","local_time":"20190617232904","is_ascension_mode":true,"campfire_choices":[{"data":"Wild Strike","floor":6,"key":"SMITH"},{"data":"Flame Barrier","floor":8,"key":"SMITH"},{"data":"Wild Strike","floor":12,"key":"SMITH"},{"data":"Bash","floor":15,"key":"SMITH"},{"data":"True Grit","floor":23,"key":"SMITH"},{"data":"Uppercut","floor":25,"key":"SMITH"},{"floor":32,"key":"REST"}],"neow_cost":"NONE","seed_source_timestamp":1356311527070,"circlet_count":0,"master_deck":["AscendersBane","Strike_R+1","Strike_R+1","Strike_R+1","Strike_R+1","Defend_R+1","Defend_R+1","Defend_R+1","Defend_R+1","Bash+1","Evolve","Flame Barrier+1","Wild Strike+1","Wild Strike+1","Seeing Red","Offering","True Grit+1","Uppercut+1","Armaments+1","True Grit+1","Shrug It Off+1","Feed","Iron Wave+1"],"relics":["Burning Blood","PreservedInsect","Dream Catcher","Anchor","Mark of Pain","Juzu Bracelet","Darkstone Periapt"],"potions_floor_usage":[7,10,16,29,31],"damage_taken":[{"damage":6,"enemies":"Cultist","floor":1,"turns":3},{"damage":3,"enemies":"Small Slimes","floor":3,"turns":4},{"damage":16,"enemies":"Gremlin Nob","floor":7,"turns":3},{"damage":20,"enemies":"3 Sentries","floor":10,"turns":7},{"damage":7,"enemies":"Jaw Worm","floor":11,"turns":3},{"damage":3,"enemies":"Lots of Slimes","floor":14,"turns":4},{"damage":30,"enemies":"The Guardian","floor":16,"turns":11},{"damage":14,"enemies":"Spheric Guardian","floor":18,"turns":4},{"damage":7,"enemies":"2 Thieves","floor":21,"turns":4},{"damage":24,"enemies":"Cultist and Chosen","floor":22,"turns":6},{"damage":8,"enemies":"Shelled Parasite and Fungi","floor":28,"turns":4},{"damage":9,"enemies":"Snake Plant","floor":29,"turns":4},{"damage":6,"enemies":"Cultist and Chosen","floor":30,"turns":6},{"damage":6,"enemies":"Colosseum Slavers","floor":31,"turns":4},{"damage":88,"enemies":"Automaton","floor":33,"turns":12}],"seed_played":"2239604906795960224","potions_obtained":[{"floor":3,"key":"Regen Potion"},{"floor":7,"key":"BloodPotion"},{"floor":11,"key":"GamblersBrew"},{"floor":21,"key":"Ancient Potion"},{"floor":30,"key":"Fire Potion"}],"is_trial":false,"path_per_floor":["M","$","M","?","$","R","E","R","T","E","M","R","$","M","R","B",null,"M","$","?","M","M","R","?","R","T","$","M","M","M","?","R","B"],"character_chosen":"IRONCLAD","items_purchased":["Wild Strike","Explosive Potion","True Grit","Juzu Bracelet","Uppercut"],"campfire_rested":1,"item_purchase_floors":[2,5,19,19,19],"current_hp_per_floor":[72,72,75,80,80,80,70,70,70,71,70,70,70,73,73,49,76,68,68,68,67,49,49,49,49,49,49,47,52,52,56,82,0],"gold":82,"neow_bonus":"TRANSFORM_CARD","is_prod":false,"is_daily":false,"chose_seed":false,"campfire_upgraded":6,"win_rate":0,"timestamp":1560785344,"path_taken":["M","?","M","?","?","R","E","R","T","E","?","R","$","M","R","BOSS","M","$","?","M","M","R","?","R","T","$","M","M","M","?","R","BOSS"],"build_version":"2019-01-23","purchased_purges":0,"victory":false,"max_hp_per_floor":[80,80,80,85,85,85,85,85,85,85,85,85,85,85,85,85,85,85,85,85,85,85,85,85,85,85,85,85,85,85,89,89,89],"card_choices":[{"not_picked":["Clash","Feel No Pain"],"picked":"Flame Barrier","floor":1},{"not_picked":["Headbutt","Fire Breathing","Havoc"],"picked":"SKIP","floor":3},{"not_picked":["Dropkick","Burning Pact","Feel No Pain"],"picked":"SKIP","floor":7},{"not_picked":["True Grit","Body Slam"],"picked":"Wild Strike","floor":10},{"not_picked":["Second Wind","Hemokinesis","Evolve"],"picked":"SKIP","floor":11},{"not_picked":["Intimidate","Warcry"],"picked":"Seeing Red","floor":14},{"not_picked":["Limit Break","Reaper"],"picked":"Offering","floor":16},{"not_picked":["Flex","Hemokinesis","Carnage"],"picked":"SKIP","floor":18},{"not_picked":["Clash","Thunderclap"],"picked":"Armaments+1","floor":21},{"not_picked":["Flex","Heavy Blade"],"picked":"True Grit+1","floor":22},{"not_picked":["Perfected Strike","Anger+1"],"picked":"Shrug It Off+1","floor":28},{"not_picked":["Heavy Blade","Rampage","Sword Boomerang"],"picked":"SKIP","floor":29},{"not_picked":["Dropkick+1","Shrug It Off"],"picked":"Feed","floor":30},{"not_picked":["Cleave","Flex"],"picked":"Iron Wave+1","floor":32}],"player_experience":532282,"relics_obtained":[{"floor":7,"key":"PreservedInsect"},{"floor":9,"key":"Dream Catcher"},{"floor":10,"key":"Anchor"},{"floor":26,"key":"Darkstone Periapt"}],"event_choices":[{"damage_healed":0,"gold_gain":0,"player_choice":"Donut","damage_taken":0,"max_hp_gain":5,"max_hp_loss":0,"event_name":"Big Fish","floor":4,"gold_loss":0},{"damage_healed":0,"gold_gain":0,"player_choice":"Paid Fearfully","damage_taken":0,"max_hp_gain":0,"max_hp_loss":0,"event_name":"Masked Bandits","floor":20,"gold_loss":13},{"damage_healed":0,"gold_gain":0,"player_choice":"Simplicity","damage_taken":0,"max_hp_gain":0,"max_hp_loss":0,"event_name":"Back to Basics","floor":24,"gold_loss":0,"cards_upgraded":["Strike_R","Strike_R","Strike_R","Strike_R","Defend_R","Defend_R","Defend_R","Defend_R"]},{"damage_healed":0,"gold_gain":0,"player_choice":"Fight","damage_taken":0,"max_hp_gain":0,"max_hp_loss":0,"event_name":"Colosseum","floor":31,"gold_loss":0},{"damage_healed":0,"gold_gain":0,"player_choice":"Fled From Nobs","damage_taken":0,"max_hp_gain":0,"max_hp_loss":0,"event_name":"Colosseum","floor":31,"gold_loss":0}],"is_beta":false,"boss_relics":[{"not_picked":["Runic Dome","Runic Cube"],"picked":"Mark of Pain"}],"items_purged_floors":[],"is_endless":false,"potions_floor_spawned":[3,7,11,21,28,30],"killed_by":"Automaton","ascension_level":12}