{"gold_per_floor":[11,11,11,30,41,41,73,73,123,139,139,139,139,152,152,152],"floor_reached":16,"playtime":777,"items_purged":[],"score":115,"play_id":"ff870279-8b2a-4c75-88e7-6b1b6f0bc368","local_time":"20190611222917","is_ascension_mode":true,"campfire_choices":[{"data":"Deflect","floor":6,"key":"SMITH"},{"data":"Acrobatics","floor":8,"key":"SMITH"},{"data":"Tactician","floor":11,"key":"SMITH"},{"data":"Survivor","floor":13,"key":"SMITH"},{"data":"Neutralize","floor":15,"key":"SMITH"}],"neow_cost":"NO_GOLD","seed_source_timestamp":4918450048073122,"circlet_count":0,"master_deck":["Defend_G","Defend_G","Defend_G","Defend_G","Strike_G+1","Strike_G","Strike_G","Strike_G+1","Survivor+1","Neutralize+1","Deflect+1","Escape Plan","Acrobatics+1","Tactician+1","Parasite"],"relics":["Ring of the Snake","Whetstone","Bronze Scales"],"potions_floor_usage":[7,7,16],"damage_taken":[{"damage":0,"enemies":"Cultist","floor":1,"turns":4},{"damage":9,"enemies":"Jaw Worm","floor":4,"turns":6},{"damage":0,"enemies":"2 Louse","floor":5,"turns":3},{"damage":31,"enemies":"Lagavulin","floor":7,"turns":14},{"damage":2,"enemies":"Large Slime","floor":10,"turns":8},{"damage":0,"enemies":"2 Fungi Beasts","floor":14,"turns":3},{"damage":53,"enemies":"Slime Boss","floor":16,"turns":13}],"seed_played":"-2746321141739236179","potions_obtained":[{"floor":4,"key":"PowerPotion"},{"floor":5,"key":"GhostInAJar"},{"floor":10,"key":"LiquidBronze"}],"is_trial":false,"path_per_floor":["M","$","?","M","M","R","E","R","T","M","R","?","R","M","R","B"],"character_chosen":"THE_SILENT","items_purchased":[],"campfire_rested":0,"item_purchase_floors":[],"current_hp_per_floor":[70,70,75,66,66,66,35,35,35,33,33,51,51,51,51,0],"gold":152,"neow_bonus":"REMOVE_TWO","is_prod":false,"is_daily":false,"chose_seed":false,"campfire_upgraded":5,"win_rate":0,"timestamp":1560310157,"path_taken":["M","?","?","M","M","R","E","R","T","M","R","?","R","M","R","BOSS"],"build_version":"2019-01-23","purchased_purges":0,"victory":false,"max_hp_per_floor":[70,70,75,75,75,75,75,75,75,75,75,75,75,75,75,75],"card_choices":[{"not_picked":["Cloak And Dagger","Outmaneuver"],"picked":"Deflect","floor":1},{"not_picked":["All Out Attack","Blade Dance","Bane"],"picked":"SKIP","floor":4},{"not_picked":["Bane","Flying Knee"],"picked":"Escape Plan","floor":5},{"not_picked":["Distraction","Flying Knee"],"picked":"Acrobatics","floor":7},{"not_picked":["Acrobatics","Dodge and Roll"],"picked":"Tactician","floor":10},{"not_picked":["Reflex","Blade Dance","Flechettes"],"picked":"SKIP","floor":14}],"player_experience":83883,"relics_obtained":[{"floor":7,"key":"Whetstone"},{"floor":9,"key":"Bronze Scales"}],"event_choices":[{"damage_healed":0,"gold_gain":0,"player_choice":"Donut","damage_taken":0,"max_hp_gain":5,"max_hp_loss":0,"event_name":"Big Fish","floor":3,"gold_loss":0},{"damage_healed":18,"gold_gain":0,"player_choice":"Healed and dodged fight","damage_taken":0,"max_hp_gain":0,"max_hp_loss":0,"event_name":"Mushrooms","floor":12,"gold_loss":0,"cards_obtained":["Parasite"]}],"is_beta":false,"boss_relics":[],"items_purged_floors":[],"is_endless":false,"potions_floor_spawned":[4,5,10],"killed_by":"Slime Boss","ascension_level":3}