{"path_per_floor":["M","M","?","M","$","E","R","M","T","R","M","?","E","M","R","B",null,"M","M","$","?","M","E","R","M","T","R"],"character_chosen":"THE_SILENT","items_purchased":["Tools of the Trade","Riddle With Holes","Underhanded Strike","Footwork"],"gold_per_floor":[110,124,199,215,25,59,59,70,96,96,109,109,144,159,159,261,261,279,298,123,123,134,159,159,176,199,199],"floor_reached":28,"campfire_rested":4,"playtime":8662,"current_hp_per_floor":[70,70,59,59,59,34,55,53,53,53,46,34,23,25,46,17,70,64,61,61,45,47,1,22,5,5,26],"items_purged":["Strike_G"],"gold":199,"score":250,"play_id":"b73951f0-666c-47a1-898f-2448ed8ec26d","local_time":"20180316231530","is_prod":false,"is_daily":false,"is_ascension_mode":false,"campfire_upgraded":1,"timestamp":1521256530,"path_taken":["M","M","?","?","$","E","R","M","T","R","M","?","E","M","R","BOSS","M","M","$","?","M","E","R","M","T","R","M"],"build_version":"2018-03-15v2","purchased_purges":1,"victory":false,"master_deck":["Defend_G","Defend_G","Defend_G","Defend_G","Strike_G","Strike_G","Strike_G","Survivor","Neutralize","Poisoned Stab","Infinite Blades","Distraction","Tools of the Trade+1","Riddle With Holes","Deadly Poison","Dodge and Roll","Calculated Gamble","Envenom","Footwork","Parasite","Predator+1","Glass Knife+1","Blade Dance","Backflip","Underhanded Strike","Footwork","Flash of Steel","Footwork+1","Envenom","Flechettes","Pain"],"max_hp_per_floor":[70,70,70,70,70,70,70,70,70,70,70,70,70,70,70,70,70,70,70,70,70,70,70,70,70,70,70],"relics":["Cursed Key","Mummified Hand","Ancient Tea Set","Blood Vial","Bottled Tornado","Astrolabe","Ice Cream","Vajra"],"card_choices":[{"not_picked":["Heel Hook","Dash"],"picked":"Poisoned Stab"},{"not_picked":["Acrobatics","Backflip"],"picked":"Infinite Blades"},{"not_picked":["Underhanded Strike","Flying Knee"],"picked":"Distraction"},{"not_picked":["Caltrops","Dagger Spray"],"picked":"Deadly Poison"},{"not_picked":["Distraction","Backflip"],"picked":"Dodge and Roll"},{"not_picked":["Deadly Poison","Leg Sweep"],"picked":"Calculated Gamble"},{"not_picked":["Deadly Poison","Backflip"],"picked":"Envenom"},{"not_picked":["Prepared","Dodge and Roll"],"picked":"Footwork"},{"not_picked":["All Out Attack","Dagger Throw"],"picked":"Blade Dance"},{"not_picked":["Dagger Throw","Deadly Poison"],"picked":"Backflip"},{"not_picked":["All Out Attack","Outmaneuver"],"picked":"Footwork"},{"not_picked":["Underhanded Strike","Escape Plan"],"picked":"Envenom"},{"not_picked":["Escape Plan","Dodge and Roll"],"picked":"Flechettes"}],"player_experience":200682,"potions_floor_usage":[11,18,19,28,28],"damage_taken":[{"damage":0,"enemies":"2 Louse","floor":1,"turns":3},{"damage":0,"enemies":"Jaw Worm","floor":2,"turns":4},{"damage":0,"enemies":"Cultist","floor":4,"turns":4},{"damage":25,"enemies":"Gremlin Nob","floor":6,"turns":4},{"damage":2,"enemies":"Looter","floor":8,"turns":4},{"damage":7,"enemies":"Blue Slaver","floor":11,"turns":3},{"damage":13,"enemies":"3 Sentries","floor":13,"turns":8},{"damage":0,"enemies":"Exordium Thugs","floor":14,"turns":7},{"damage":31,"enemies":"Slime Boss","floor":16,"turns":11},{"damage":6,"enemies":"Shell Parasite","floor":18,"turns":4},{"damage":5,"enemies":"3 Byrds","floor":19,"turns":4},{"damage":0,"enemies":"Centurion and Healer","floor":22,"turns":6},{"damage":48,"enemies":"Book of Stabbing","floor":23,"turns":7},{"damage":19,"enemies":"Cultist and Chosen","floor":25,"turns":6},{"damage":28,"enemies":"Slaver and Parasite","floor":28,"turns":5}],"event_choices":[{"event_name":"World of Goop","player_choice":"Gather Gold","floor":3,"damage_taken":0},{"event_name":"Scrap Ooze","player_choice":"success","floor":12,"damage_taken":12},{"event_name":"Knowing Skull","player_choice":"CARD ","floor":21,"damage_taken":0}],"boss_relics":[{"not_picked":["Runic Dome","Sozu"],"picked":"Astrolabe"}],"potions_floor_spawned":[1,2,8,16,18,19],"seed_played":"-8203158744794765184","killed_by":"Slaver and Parasite","ascension_level":0,"is_trial":false}