{"gold_per_floor":[117,117,36,36,47,80,80,93,119,132,132,57,74,94,94,193,193,205,120,20,30,30,30,63,63,86,86,186,200,200,216,216,320,320,337,337,337,337,351,385,54,54,80,98,98,115,125,125,125,125],"floor_reached":51,"playtime":4507,"items_purged":["Strike_G","Defend_G"],"score":963,"play_id":"09d819f8-a6a6-4318-963b-060268fe34cc","local_time":"20190613195820","is_ascension_mode":true,"campfire_choices":[{"data":"Footwork","floor":7,"key":"SMITH"},{"data":"Blur","floor":11,"key":"SMITH"},{"data":"Cloak And Dagger","floor":15,"key":"SMITH"},{"data":"Adrenaline","floor":23,"key":"SMITH"},{"data":"Tactician","floor":25,"key":"SMITH"},{"data":"Prepared","floor":30,"key":"SMITH"},{"data":"Cloak And Dagger","floor":32,"key":"SMITH"},{"data":"A Thousand Cuts","floor":42,"key":"SMITH"},{"data":"Envenom","floor":45,"key":"SMITH"},{"floor":49,"key":"REST"}],"neow_cost":"NONE","seed_source_timestamp":5078432955626190,"circlet_count":0,"master_deck":["Defend_G","Defend_G+1","Defend_G+1","Defend_G+1","Strike_G","Strike_G","Strike_G","Survivor","Neutralize","Leg Sweep","Footwork+1","Acrobatics+1","After Image","Blur+1","Backflip","Cloak And Dagger+1","Adrenaline+1","Tactician+1","Prepared+1","Concentrate","Cloak And Dagger+1","Terror","Quick Slash+1","A Thousand Cuts+1","Neutralize","Escape Plan","Envenom+1","Sadistic Nature","Blade Dance+1","Deflect+1","Choke+1"],"relics":["Ring of the Snake","NeowsBlessing","Bronze Scales","Bag of Marbles","Runic Pyramid","Juzu Bracelet","MutagenicStrength","Potion Belt","Oddly Smooth Stone","Calipers","Bottled Flame","Sozu","Singing Bowl","War Paint","Snake Skull"],"potions_floor_usage":[16,16,21,50,50],"damage_taken":[{"damage":0,"enemies":"Jaw Worm","floor":1,"turns":1},{"damage":0,"enemies":"2 Louse","floor":5,"turns":1},{"damage":0,"enemies":"Lagavulin","floor":6,"turns":1},{"damage":0,"enemies":"Small Slimes","floor":8,"turns":4},{"damage":0,"enemies":"2 Fungi Beasts","floor":10,"turns":6},{"damage":0,"enemies":"3 Louse","floor":13,"turns":6},{"damage":7,"enemies":"Exordium Wildlife","floor":14,"turns":7},{"damage":46,"enemies":"Slime Boss","floor":16,"turns":30},{"damage":1,"enemies":"Chosen","floor":18,"turns":12},{"damage":3,"enemies":"Spheric Guardian","floor":21,"turns":8},{"damage":0,"enemies":"Book of Stabbing","floor":24,"turns":8},{"damage":10,"enemies":"Colosseum Slavers","floor":28,"turns":7},{"damage":0,"enemies":"Colosseum Nobs","floor":28,"turns":8},{"damage":4,"enemies":"Shelled Parasite and Fungi","floor":29,"turns":9},{"damage":0,"enemies":"Snake Plant","floor":31,"turns":6},{"damage":0,"enemies":"Champ","floor":33,"turns":19},{"damage":6,"enemies":"3 Darklings","floor":35,"turns":5},{"damage":0,"enemies":"Orb Walker","floor":39,"turns":3},{"damage":0,"enemies":"Giant Head","floor":40,"turns":9},{"damage":0,"enemies":"Maw","floor":44,"turns":5},{"damage":4,"enemies":"4 Shapes","floor":46,"turns":4},{"damage":0,"enemies":"Sphere and 2 Shapes","floor":47,"turns":3},{"damage":11,"enemies":"Donu and Deca","floor":50,"turns":8}],"seed_played":"-4580338726158132187","potions_obtained":[{"floor":1,"key":"Block Potion"},{"floor":10,"key":"Poison Potion"},{"floor":14,"key":"Block Potion"},{"floor":16,"key":"LiquidBronze"},{"floor":21,"key":"Fruit Juice"},{"floor":31,"key":"Strength Potion"}],"is_trial":false,"path_per_floor":["M","?","$","?","M","E","R","M","T","M","R","$","M","M","R","B",null,"M","?","$","M","?","R","E","R","T","?","?","M","R","M","R","B",null,"M","?","T","?","M","E","$","R","T","M","R","M","M","?","R","B",null],"character_chosen":"THE_SILENT","items_purchased":["Footwork","Envenom","Sadistic Nature"],"campfire_rested":1,"item_purchase_floors":[3,41,41],"current_hp_per_floor":[70,70,70,56,56,56,56,56,56,56,56,56,56,49,49,3,53,52,52,52,54,54,54,54,54,54,54,44,40,40,40,40,40,66,60,60,60,60,60,60,60,60,60,60,60,56,56,56,75,64],"gold":125,"neow_bonus":"THREE_ENEMY_KILL","is_prod":false,"is_daily":false,"chose_seed":false,"campfire_upgraded":9,"win_rate":0,"timestamp":1560473900,"path_taken":["M","?","$","?","M","E","R","M","T","?","R","$","M","M","R","BOSS","M","?","$","M","?","R","E","R","T","?","?","M","R","M","R","BOSS","M","?","?","?","M","E","$","R","T","M","R","M","M","?","R","BOSS"],"build_version":"2019-01-23","purchased_purges":2,"victory":true,"max_hp_per_floor":[70,70,70,70,70,70,70,70,70,70,70,70,70,70,70,70,70,70,70,70,75,75,75,75,75,75,75,75,75,75,75,75,75,75,75,75,75,75,75,75,75,75,75,75,75,75,75,75,75,75],"card_choices":[{"not_picked":["Bane","Caltrops"],"picked":"Leg Sweep","floor":1},{"not_picked":["Outmaneuver","Concentrate"],"picked":"Acrobatics","floor":5},{"not_picked":["Calculated Gamble","Predator"],"picked":"After Image","floor":6},{"not_picked":["Leg Sweep","Deadly Poison"],"picked":"Blur","floor":8},{"not_picked":["Dagger Spray","All Out Attack","Concentrate"],"picked":"SKIP","floor":10},{"not_picked":["Reflex","Slice"],"picked":"Backflip","floor":13},{"not_picked":["Flying Knee","Dagger Throw"],"picked":"Cloak And Dagger","floor":14},{"not_picked":["Wraith Form v2","Bullet Time"],"picked":"Adrenaline","floor":16},{"not_picked":["Deadly Poison","Outmaneuver"],"picked":"Tactician","floor":18},{"not_picked":["Bane","Caltrops"],"picked":"Prepared","floor":21},{"not_picked":["Terror","Skewer"],"picked":"Concentrate","floor":24},{"not_picked":["Sucker Punch","Poisoned Stab+1"],"picked":"Cloak And Dagger","floor":28},{"not_picked":["Distraction","Caltrops"],"picked":"Terror","floor":29},{"not_picked":["Caltrops","Terror"],"picked":"Quick Slash+1","floor":31},{"not_picked":["Adrenaline","Wraith Form v2"],"picked":"A Thousand Cuts","floor":33},{"not_picked":["Bane","Blade Dance","Deadly Poison+1"],"picked":"SKIP","floor":35},{"not_picked":["Dagger Spray+1","Cloak And Dagger"],"picked":"Escape Plan","floor":39},{"not_picked":["Deadly Poison","Quick Slash+1","Terror"],"picked":"SKIP","floor":40},{"not_picked":["Sucker Punch+1","Calculated Gamble+1"],"picked":"Blade Dance+1","floor":44},{"not_picked":["PiercingWail","Sucker Punch+1"],"picked":"Deflect+1","floor":46},{"not_picked":["Flying Knee","Die Die Die"],"picked":"Choke+1","floor":47}],"player_experience":94322,"relics_obtained":[{"floor":6,"key":"Bronze Scales"},{"floor":9,"key":"Bag of Marbles"},{"floor":24,"key":"Potion Belt"},{"floor":26,"key":"Oddly Smooth Stone"},{"floor":28,"key":"Calipers"},{"floor":28,"key":"Bottled Flame"},{"floor":37,"key":"Singing Bowl"},{"floor":40,"key":"War Paint"},{"floor":43,"key":"Snake Skull"}],"event_choices":[{"cards_removed":["Strike_G"],"damage_healed":0,"gold_gain":0,"player_choice":"Forget","damage_taken":0,"max_hp_gain":0,"max_hp_loss":0,"event_name":"Living Wall","floor":2,"gold_loss":0},{"damage_healed":0,"gold_gain":0,"player_choice":"Entered Light","damage_taken":14,"max_hp_gain":0,"max_hp_loss":0,"event_name":"Shining Light","floor":4,"gold_loss":0,"cards_upgraded":["Defend_G","Defend_G"]},{"damage_healed":0,"gold_gain":0,"player_choice":"Obtained Relic","damage_taken":0,"relics_obtained":["Juzu Bracelet"],"max_hp_gain":0,"max_hp_loss":0,"event_name":"Addict","floor":19,"gold_loss":85},{"damage_healed":0,"gold_gain":0,"player_choice":"Inject Mutagens","damage_taken":0,"relics_obtained":["MutagenicStrength"],"max_hp_gain":0,"max_hp_loss":0,"event_name":"Drug Dealer","floor":22,"gold_loss":0},{"damage_healed":0,"gold_gain":0,"player_choice":"Ignored","damage_taken":0,"max_hp_gain":0,"max_hp_loss":0,"event_name":"Cursed Tome","floor":27,"gold_loss":0},{"damage_healed":0,"gold_gain":0,"player_choice":"Fight","damage_taken":0,"max_hp_gain":0,"max_hp_loss":0,"event_name":"Colosseum","floor":28,"gold_loss":0},{"damage_healed":0,"gold_gain":0,"player_choice":"Fought Nobs","damage_taken":0,"max_hp_gain":0,"max_hp_loss":0,"event_name":"Colosseum","floor":28,"gold_loss":0},{"damage_healed":0,"gold_gain":0,"player_choice":"Memory 1","damage_taken":0,"max_hp_gain":0,"max_hp_loss":0,"event_name":"SensoryStone","floor":36,"gold_loss":0},{"damage_healed":0,"gold_gain":0,"player_choice":"1 cards matched","damage_taken":0,"max_hp_gain":0,"max_hp_loss":0,"event_name":"Match and Keep!","floor":38,"gold_loss":0,"cards_obtained":["Neutralize"]},{"damage_healed":0,"gold_gain":0,"player_choice":"Leave","damage_taken":0,"max_hp_gain":0,"max_hp_loss":0,"event_name":"FaceTrader","floor":48,"gold_loss":0}],"is_beta":false,"boss_relics":[{"not_picked":["Runic Dome","Pandora\u0027s Box"],"picked":"Runic Pyramid"},{"not_picked":["Astrolabe","Fusion Hammer"],"picked":"Sozu"}],"items_purged_floors":[12,20],"is_endless":false,"potions_floor_spawned":[1,10,14,16,21,28,31,44,46,47],"ascension_level":5}