{"path_per_floor":["M","?","M","M","?","R","$","R","T","E","M","M","M","M","R","B",null,"M","?","M","M","$","E","M","R","T","M","?"],"character_chosen":"THE_SILENT","items_purchased":["Deflect","Master of Strategy"],"gold_per_floor":[112,112,125,149,149,149,26,26,26,69,84,105,130,153,153,283,283,297,297,311,334,23,57,70,70,121,146,146],"floor_reached":29,"campfire_rested":1,"playtime":8230,"current_hp_per_floor":[69,52,52,52,49,49,49,49,49,43,43,43,43,43,43,16,70,69,69,47,43,43,20,20,41,41,36,59],"items_purged":["Strike_G","Defend_G"],"gold":146,"score":249,"play_id":"a76c002c-349e-46f5-b572-ea955292f80b","local_time":"20180316190651","is_prod":false,"is_daily":false,"is_ascension_mode":false,"campfire_upgraded":3,"timestamp":1521241611,"path_taken":["M","?","M","M","?","R","?","R","T","E","M","M","?","M","R","BOSS","M","?","M","M","$","E","M","R","T","M","?","E"],"build_version":"2018-03-15v2","purchased_purges":2,"victory":false,"master_deck":["Defend_G","Defend_G+1","Defend_G","Strike_G","Strike_G","Strike_G","Survivor","Neutralize","Injury","Dash","Escape Plan+1","Infinite Blades+1","Underhanded Strike","Deadly Poison+1","Deflect","Tactician+1","Dodge and Roll+1","Noxious Fumes+1","Bane","Underhanded Strike","Wraith Form","Escape Plan+1","Backflip+1","Bouncing Flask+1","Dagger Throw","Tools of the Trade","Well Laid Plans","Bane","Poisoned Stab","Master of Strategy+1","Envenom","Distraction+1","Dodge and Roll+1"],"max_hp_per_floor":[70,70,70,70,70,70,70,70,70,70,70,70,70,70,70,70,70,70,70,70,70,70,70,70,70,70,70,70],"relics":["Ring of the Snake","Golden Idol","Gambling Chip","Thread and Needle","Toxic Egg 2","Orrery","War Paint","Bottled Flame","Happy Flower"],"card_choices":[{"not_picked":["Prepared","Dodge and Roll"],"picked":"Infinite Blades"},{"not_picked":["Dagger Throw","Deflect"],"picked":"Underhanded Strike"},{"not_picked":["Backflip","Sucker Punch"],"picked":"Deadly Poison"},{"not_picked":["Dodge and Roll","Deadly Poison"],"picked":"Tactician"},{"not_picked":["All Out Attack","Quick Slash"],"picked":"Dodge and Roll"},{"not_picked":["Heel Hook","Dodge and Roll"],"picked":"Noxious Fumes"},{"not_picked":["Terror","Sucker Punch"],"picked":"Bane"},{"not_picked":["Masterful Stab","Slice"],"picked":"Underhanded Strike"},{"not_picked":["Venomology","Doppelganger"],"picked":"Wraith Form"},{"not_picked":["Sucker Punch","Dash"],"picked":"Escape Plan"},{"not_picked":["Deflect","Skewer"],"picked":"Backflip"},{"not_picked":["Crippling Poison","PiercingWail"],"picked":"Bouncing Flask"},{"not_picked":["Flying Knee","Underhanded Strike"],"picked":"Dagger Throw"},{"not_picked":["Eviscerate","All Out Attack"],"picked":"Tools of the Trade"},{"not_picked":["Dagger Throw","Flying Knee"],"picked":"Well Laid Plans"},{"not_picked":["Flying Knee","Bouncing Flask"],"picked":"Bane"},{"not_picked":["Deadly Poison","Sucker Punch"],"picked":"Poisoned Stab"},{"not_picked":["Leg Sweep","Catalyst"],"picked":"Envenom"},{"not_picked":["Poisoned Stab","Dash"],"picked":"Distraction"},{"not_picked":["Dagger Spray","Terror"],"picked":"Dodge and Roll"}],"player_experience":186345,"potions_floor_usage":[11,23,23,24,29],"damage_taken":[{"damage":1,"enemies":"Jaw Worm","floor":1,"turns":5},{"damage":0,"enemies":"Small Slimes","floor":3,"turns":3},{"damage":0,"enemies":"2 Louse","floor":4,"turns":3},{"damage":6,"enemies":"3 Sentries","floor":10,"turns":10},{"damage":0,"enemies":"Lots of Slimes","floor":11,"turns":1},{"damage":0,"enemies":"Exordium Wildlife","floor":12,"turns":4},{"damage":0,"enemies":"Red Slaver","floor":13,"turns":4},{"damage":0,"enemies":"Looter","floor":14,"turns":3},{"damage":27,"enemies":"Hexaghost","floor":16,"turns":10},{"damage":1,"enemies":"Spheric Guardian","floor":18,"turns":6},{"damage":22,"enemies":"3 Byrds","floor":20,"turns":6},{"damage":4,"enemies":"Centurion and Healer","floor":21,"turns":7},{"damage":23,"enemies":"Slavers","floor":23,"turns":5},{"damage":0,"enemies":"Snake Plant","floor":24,"turns":5},{"damage":5,"enemies":"3 Cultists","floor":27,"turns":7},{"damage":61,"enemies":"Gremlin Leader","floor":29,"turns":4}],"event_choices":[{"event_name":"Golden Idol","player_choice":"Take Damage","floor":2,"damage_taken":0},{"event_name":"Scrap Ooze","player_choice":"success","floor":5,"damage_taken":3},{"event_name":"The Mausoleum","player_choice":"Yes","floor":19,"damage_taken":0},{"event_name":"The Library","player_choice":"Heal","floor":28,"damage_taken":0}],"boss_relics":[{"not_picked":["Astrolabe","Philosopher\u0027s Stone"],"picked":"Orrery"}],"potions_floor_spawned":[1,4,14,16,18,23,27],"seed_played":"-2561225753166800042","killed_by":"Gremlin Leader","ascension_level":0,"is_trial":false}