{"gold_per_floor":[115,79,91,107,121,121,452,452,452,470,480,505,505,516,516,611,611,623,633,54,54,54,54],"floor_reached":23,"playtime":1756,"items_purged":[],"score":223,"play_id":"813b1634-1a25-424e-b79b-e91862c17e86","local_time":"20190401002929","is_ascension_mode":true,"campfire_choices":[{"data":"Barricade","floor":6.0,"key":"SMITH"},{"floor":13.0,"key":"REST"},{"floor":15,"key":"REST"}],"neow_cost":"NONE","seed_source_timestamp":43875306108824,"circlet_count":0,"master_deck":["Strike_R","Strike_R","Strike_R","Strike_R","Strike_R","Defend_R","Defend_R","Defend_R","Defend_R","Bash","Fire Breathing","Fire Breathing","Iron Wave","Barricade+1","Combust+1","Rampage","Body Slam","Armaments","Berserk","Sword Boomerang","Metallicize","Dual Wield","Iron Wave","Seeing Red","Body Slam","The Bomb","Seeing Red","Body Slam","Decay"],"special_seed":0,"relics":["Sozu","Old Coin","Peace Pipe","Nunchaku","Orrery","Bottled Tornado"],"potions_floor_usage":[],"damage_taken":[{"damage":0.0,"enemies":"2 Louse","floor":1.0,"turns":4.0},{"damage":1.0,"enemies":"Cultist","floor":3.0,"turns":3.0},{"damage":12.0,"enemies":"Jaw Worm","floor":4.0,"turns":2.0},{"damage":14.0,"enemies":"Exordium Wildlife","floor":5.0,"turns":4.0},{"damage":16.0,"enemies":"Gremlin Nob","floor":7.0,"turns":5.0},{"damage":2.0,"enemies":"2 Fungi Beasts","floor":10.0,"turns":2.0},{"damage":7.0,"enemies":"Looter","floor":11.0,"turns":3.0},{"damage":16.0,"enemies":"3 Sentries","floor":12.0,"turns":5.0},{"damage":14,"enemies":"Exordium Thugs","floor":14,"turns":3},{"damage":14,"enemies":"Slime Boss","floor":16,"turns":9},{"damage":34,"enemies":"Spheric Guardian","floor":18,"turns":4},{"damage":23,"enemies":"Chosen","floor":19,"turns":4},{"damage":28,"enemies":"3 Cultists","floor":23,"turns":3}],"seed_played":"-3500559088321339094","potions_obtained":[],"is_trial":false,"path_per_floor":["M","$","M","M","M","R","E","?","T","M","M","E","R","M","R","B",null,"M","M","$","?","$","M"],"character_chosen":"IRONCLAD","items_purchased":["Fire Breathing","Bottled Tornado","The Bomb","Seeing Red","Body Slam"],"campfire_rested":2,"item_purchase_floors":[2,20,20,20,20],"current_hp_per_floor":[80,80,79,67,53,53,37,37,37,35,28,12,36,22,46,32,80,46,23,23,23,23,0],"gold":54,"neow_bonus":"BOSS_RELIC","is_prod":false,"is_daily":false,"chose_seed":false,"campfire_upgraded":1,"win_rate":0,"timestamp":1554092969,"path_taken":["M","$","M","M","M","R","E","?","T","?","M","E","R","M","R","BOSS","M","M","?","?","$","M"],"build_version":"2019-01-23","purchased_purges":0,"victory":false,"max_hp_per_floor":[80,80,80,80,80,80,80,80,80,80,80,80,80,80,80,80,80,80,80,80,80,80,80],"card_choices":[{"not_picked":["Thunderclap","Clothesline"],"picked":"Fire Breathing","floor":1.0},{"not_picked":["Body Slam","Pommel Strike"],"picked":"Iron Wave","floor":3.0},{"not_picked":["Warcry","Clothesline","Flex"],"picked":"SKIP","floor":4.0},{"not_picked":["Shrug It Off","Cleave"],"picked":"Barricade","floor":5.0},{"not_picked":["Blood for Blood","Flex"],"picked":"Combust","floor":7.0},{"not_picked":["Wild Strike","Shrug It Off"],"picked":"Rampage","floor":10.0},{"not_picked":["Headbutt","Reckless Charge","Wild Strike"],"picked":"SKIP","floor":11.0},{"not_picked":["Hemokinesis","Wild Strike"],"picked":"Body Slam","floor":12.0},{"not_picked":["Cleave","Sever Soul"],"picked":"Armaments","floor":14},{"not_picked":["Exhume","Dark Embrace"],"picked":"Berserk","floor":16},{"not_picked":["Wild Strike","Second Wind"],"picked":"Sword Boomerang","floor":17},{"not_picked":["Sentinel","Shrug It Off"],"picked":"Metallicize","floor":17},{"not_picked":["Perfected Strike","Exhume"],"picked":"Dual Wield","floor":17},{"not_picked":["Pummel","Havoc"],"picked":"Iron Wave","floor":17},{"not_picked":["Perfected Strike","Warcry"],"picked":"Seeing Red","floor":17},{"not_picked":["Heavy Blade","Havoc+1"],"picked":"Body Slam","floor":18},{"not_picked":["Havoc","Whirlwind","Sword Boomerang+1"],"picked":"SKIP","floor":19}],"player_experience":173744,"relics_obtained":[{"floor":7.0,"key":"Old Coin"},{"floor":9.0,"key":"Peace Pipe"},{"floor":12.0,"key":"Nunchaku"}],"event_choices":[{"damage_healed":0.0,"max_hp_gain":0.0,"max_hp_loss":0.0,"gold_gain":0.0,"event_name":"Upgrade Shrine","player_choice":"Upgraded","floor":8.0,"gold_loss":0.0,"damage_taken":0.0,"cards_upgraded":["Combust"]},{"damage_healed":0,"gold_gain":0,"player_choice":"Smashed Altar","damage_taken":0,"max_hp_gain":0,"max_hp_loss":0,"event_name":"Forgotten Altar","floor":21,"gold_loss":0,"cards_obtained":["Decay"]}],"is_beta":false,"boss_relics":[{"not_picked":["Empty Cage","Cursed Key"],"picked":"Orrery"}],"items_purged_floors":[],"is_endless":false,"potions_floor_spawned":[1,4,5,16,18],"killed_by":"3 Cultists","ascension_level":2}