{"gold_per_floor":[13,30,40,115,131,165,165,200,200,218,168,179,179,213,213,316,316,336,318,243,256,18,48,48,48],"floor_reached":25,"playtime":1202,"items_purged":[],"score":377,"play_id":"79b05ed6-1c44-4e29-967a-7f51bb983b04","local_time":"20190604001400","is_ascension_mode":true,"campfire_choices":[{"floor":7,"key":"REST"},{"data":"Disarm","floor":13,"key":"SMITH"},{"data":"Flame Barrier","floor":15,"key":"SMITH"},{"floor":24,"key":"REST"}],"neow_cost":"NO_GOLD","seed_source_timestamp":118321572524324,"circlet_count":0,"master_deck":["Defend_R","Defend_R","Defend_R","Defend_R","Bash","Dropkick","Impervious","Body Slam","Sword Boomerang","Sword Boomerang","Feed","Disarm+1","Metallicize+1","Flame Barrier+1","Barricade+1","Hemokinesis+1","Uppercut+1","Feel No Pain+1","Thunderclap","Dropkick","Rupture+1","Warcry+1","Whirlwind"],"relics":["Burning Blood","Red Skull","Dream Catcher","Frozen Egg 2","Magic Flower","Astrolabe","Pantograph","Boot"],"potions_floor_usage":[8,14,16,23],"damage_taken":[{"damage":5,"enemies":"Cultist","floor":1,"turns":4},{"damage":7,"enemies":"Jaw Worm","floor":2,"turns":5},{"damage":10,"enemies":"2 Louse","floor":3,"turns":3},{"damage":11,"enemies":"Exordium Wildlife","floor":5,"turns":4},{"damage":38,"enemies":"Lagavulin","floor":6,"turns":8},{"damage":16,"enemies":"Gremlin Nob","floor":8,"turns":4},{"damage":1,"enemies":"2 Fungi Beasts","floor":10,"turns":3},{"damage":0,"enemies":"3 Louse","floor":12,"turns":4},{"damage":29,"enemies":"3 Sentries","floor":14,"turns":7},{"damage":18,"enemies":"Hexaghost","floor":16,"turns":10},{"damage":19,"enemies":"Chosen","floor":18,"turns":7},{"damage":34,"enemies":"2 Thieves","floor":19,"turns":4},{"damage":12,"enemies":"Snake Plant","floor":21,"turns":4},{"damage":33,"enemies":"Book of Stabbing","floor":23,"turns":6},{"damage":53,"enemies":"Slavers","floor":25,"turns":3}],"seed_played":"295151858574053439","potions_obtained":[{"floor":6,"key":"Strength Potion"},{"floor":8,"key":"Strength Potion"},{"floor":12,"key":"Explosive Potion"},{"floor":16,"key":"Poison Potion"},{"floor":23,"key":"Ancient Potion"}],"is_trial":false,"path_per_floor":["M","M","M","?","M","E","R","E","T","M","?","M","R","E","R","B",null,"M","M","?","M","$","E","R","E"],"character_chosen":"IRONCLAD","items_purchased":["Pantograph"],"campfire_rested":2,"item_purchase_floors":[22],"current_hp_per_floor":[73,72,68,57,52,20,44,34,34,42,42,48,48,28,28,19,69,64,44,44,41,41,17,44,0],"gold":48,"neow_bonus":"TRANSFORM_TWO_CARDS","is_prod":false,"is_daily":false,"chose_seed":false,"campfire_upgraded":2,"win_rate":0,"timestamp":1559621640,"path_taken":["M","?","M","?","M","E","R","E","T","M","?","M","R","E","R","BOSS","M","M","?","M","$","E","R","E"],"build_version":"2019-01-23","purchased_purges":0,"victory":false,"max_hp_per_floor":[80,80,80,80,80,80,80,80,80,83,83,83,83,86,86,86,86,89,92,92,92,92,92,92,95],"card_choices":[{"not_picked":["Warcry","Sentinel"],"picked":"Body Slam","floor":1},{"not_picked":["Fire Breathing","Reckless Charge"],"picked":"Perfected Strike","floor":2},{"not_picked":["Feel No Pain","Blood for Blood"],"picked":"Sword Boomerang","floor":3},{"not_picked":["Havoc","Anger"],"picked":"Sword Boomerang","floor":5},{"not_picked":["Combust","Shrug It Off"],"picked":"Perfected Strike","floor":6},{"not_picked":["Shrug It Off","Metallicize"],"picked":"Feed","floor":8},{"not_picked":["Clothesline","Intimidate"],"picked":"Disarm","floor":10},{"not_picked":["Warcry","True Grit"],"picked":"Metallicize+1","floor":12},{"not_picked":["Infernal Blade","Havoc"],"picked":"Flame Barrier","floor":14},{"not_picked":["Bludgeon","Dark Embrace+1"],"picked":"Barricade+1","floor":16},{"not_picked":["Clash+1","Heavy Blade+1"],"picked":"Thunderclap","floor":18},{"not_picked":["Evolve+1","Sever Soul"],"picked":"Dropkick","floor":19},{"not_picked":["Metallicize+1","Iron Wave"],"picked":"Rupture+1","floor":21},{"not_picked":["Perfected Strike","Wild Strike"],"picked":"Warcry+1","floor":23},{"not_picked":["Sword Boomerang","Perfected Strike"],"picked":"Whirlwind","floor":24}],"player_experience":310733,"relics_obtained":[{"floor":6,"key":"Red Skull"},{"floor":8,"key":"Dream Catcher"},{"floor":9,"key":"Frozen Egg 2"},{"floor":14,"key":"Magic Flower"},{"floor":23,"key":"Boot"}],"event_choices":[{"damage_healed":0,"gold_gain":75,"player_choice":"Gather Gold","damage_taken":11,"max_hp_gain":0,"max_hp_loss":0,"event_name":"World of Goop","floor":4,"gold_loss":0},{"cards_removed":["Strike_R"],"damage_healed":0,"gold_gain":0,"player_choice":"Card Removal","damage_taken":0,"max_hp_gain":0,"max_hp_loss":0,"event_name":"The Cleric","floor":11,"gold_loss":50},{"cards_removed":["Strike_R"],"damage_healed":0,"gold_gain":0,"player_choice":"Gave Gold","damage_taken":0,"max_hp_gain":0,"max_hp_loss":0,"event_name":"Beggar","floor":20,"gold_loss":75}],"is_beta":false,"boss_relics":[{"not_picked":["Runic Dome","Cursed Key"],"picked":"Astrolabe"}],"items_purged_floors":[],"is_endless":false,"potions_floor_spawned":[6,8,12,16,23],"killed_by":"Slavers","ascension_level":9}