{"gold_per_floor":[118,133,145,161,178,178,210,385,464,464,464,35,49,69,69,174,174,193,193,212,212,245,275,275,275,275,308,49,77,90,109,109,211,211,226,226,239,249,249,282,282,282,282,14,28,28,250,267,267,267],"floor_reached":51,"playtime":9310,"items_purged":["Strike_G"],"score":954,"play_id":"6c35b88b-32b4-47c6-a03c-2414fea770db","local_time":"20190114194959","is_ascension_mode":true,"campfire_choices":[{"data":"Neutralize","floor":6.0,"key":"SMITH"},{"data":"Well Laid Plans","floor":11.0,"key":"SMITH"},{"data":"Footwork","floor":15.0,"key":"SMITH"},{"floor":25.0,"key":"REST"},{"data":"Crippling Poison","floor":32.0,"key":"SMITH"},{"floor":42.0,"key":"REST"},{"floor":46.0,"key":"REST"},{"data":"Catalyst","floor":49.0,"key":"SMITH"}],"neow_cost":"NONE","seed_source_timestamp":0,"circlet_count":0,"master_deck":["Defend_G","Defend_G","Defend_G","Defend_G","Defend_G","Strike_G","Survivor","Neutralize+1","Dagger Spray","Deadly Poison","Endless Agony","Poisoned Stab","Quick Slash","Well Laid Plans+1","Footwork+1","Dash","Escape Plan","PiercingWail","Malaise","Deflect+1","Deadly Poison","Footwork","Cloak And Dagger","Catalyst","Bullet Time","Crippling Poison+1","Dodge and Roll","Cloak And Dagger","PiercingWail","Well Laid Plans","Deflect","Venomology","Deflect+1","Deadly Poison","Poisoned Stab+1","Dodge and Roll","Acrobatics+1","Acrobatics+1","Cloak And Dagger+1","Noxious Fumes","Catalyst+1","Catalyst+1","Deadly Poison+1"],"special_seed":0,"relics":["Ring of the Serpent","Anchor","Prayer Wheel","Bottled Tornado","TwistedFunnel","Snake Skull","Red Mask","Du-Vu Doll","Lantern","Vajra","Membership Card","Tough Bandages","Cursed Key","Bronze Scales","FossilizedHelix"],"potions_floor_usage":[50],"damage_taken":[{"damage":0.0,"enemies":"Cultist","floor":1.0,"turns":4.0},{"damage":0.0,"enemies":"Jaw Worm","floor":2.0,"turns":4.0},{"damage":0.0,"enemies":"2 Louse","floor":3.0,"turns":2.0},{"damage":4.0,"enemies":"2 Fungi Beasts","floor":4.0,"turns":3.0},{"damage":0.0,"enemies":"3 Louse","floor":5.0,"turns":4.0},{"damage":15.0,"enemies":"Lagavulin","floor":7.0,"turns":5.0},{"damage":0.0,"enemies":"Large Slime","floor":13.0,"turns":4.0},{"damage":0.0,"enemies":"Lots of Slimes","floor":14.0,"turns":2.0},{"damage":7.0,"enemies":"Slime Boss","floor":16.0,"turns":13.0},{"damage":0.0,"enemies":"Shell Parasite","floor":18.0,"turns":5.0},{"damage":6.0,"enemies":"Spheric Guardian","floor":20.0,"turns":6.0},{"damage":22.0,"enemies":"Masked Bandits","floor":22.0,"turns":4.0},{"damage":2.0,"enemies":"Book of Stabbing","floor":23.0,"turns":7.0},{"damage":0.0,"enemies":"Gremlin Leader","floor":27.0,"turns":6.0},{"damage":0.0,"enemies":"Slavers","floor":29.0,"turns":3.0},{"damage":0.0,"enemies":"Centurion and Healer","floor":30.0,"turns":6.0},{"damage":4.0,"enemies":"Shelled Parasite and Fungi","floor":31.0,"turns":6.0},{"damage":13.0,"enemies":"Collector","floor":33.0,"turns":11.0},{"damage":1.0,"enemies":"3 Darklings","floor":35.0,"turns":3.0},{"damage":2.0,"enemies":"Orb Walker","floor":37.0,"turns":4.0},{"damage":0.0,"enemies":"3 Darklings","floor":38.0,"turns":5.0},{"damage":68.0,"enemies":"Giant Head","floor":40.0,"turns":12.0},{"damage":0.0,"enemies":"Jaw Worm Horde","floor":41.0,"turns":1.0},{"damage":0.0,"enemies":"Transient","floor":45.0,"turns":5.0},{"damage":0.0,"enemies":"Spire Growth","floor":48.0,"turns":4.0},{"damage":6,"enemies":"Time Eater","floor":50,"turns":5}],"seed_played":"9082633191250223258","potions_obtained":[{"floor":3.0,"key":"Poison Potion"},{"floor":7.0,"key":"LiquidBronze"},{"floor":13.0,"key":"Swift Potion"},{"floor":22.0,"key":"PowerPotion"},{"floor":27.0,"key":"Swift Potion"},{"floor":29.0,"key":"SkillPotion"},{"floor":30.0,"key":"SteroidPotion"},{"floor":35.0,"key":"EntropicBrew"},{"floor":38.0,"key":"Explosive Potion"}],"is_trial":false,"path_per_floor":["M","M","M","M","M","R","E","?","T","?","R","$","M","M","R","B",null,"M","?","M","?","?","E","?","R","T","E","$","E","M","M","R","B",null,"M","?","M","M","?","E","M","R","T","$","M","R","?","M","R","B",null],"character_chosen":"THE_SILENT","items_purchased":["TwistedFunnel","Snake Skull","Footwork","Membership Card","PiercingWail","Well Laid Plans","FossilizedHelix","Regen Potion","GamblersBrew"],"campfire_rested":3,"item_purchase_floors":[12,12,12,28,28,28,44,44,44],"current_hp_per_floor":[70,70,70,66,66,66,51,51,51,44,44,44,44,44,44,37,70,70,57,51,51,29,27,27,49,49,49,49,49,49,45,45,32,75,74,74,72,72,71,3,3,24,24,24,39,60,60,60,60,54],"gold":267,"neow_bonus":"RANDOM_COMMON_RELIC","is_prod":false,"is_daily":false,"chose_seed":false,"campfire_upgraded":5,"win_rate":0,"timestamp":1547513399,"path_taken":["M","M","?","M","M","R","E","?","T","?","R","$","M","M","R","BOSS","M","?","M","?","?","E","?","R","T","E","$","E","?","M","R","BOSS","M","?","M","M","?","E","M","R","T","$","M","R","?","M","R","BOSS"],"build_version":"2019-01-10","purchased_purges":1,"victory":true,"max_hp_per_floor":[70,70,70,70,70,70,70,70,70,70,70,70,70,70,70,70,70,70,75,75,75,75,75,75,75,75,75,75,75,75,75,75,75,75,75,75,75,75,71,71,71,71,71,71,71,71,71,71,71,71],"card_choices":[{"not_picked":["Caltrops","Flying Knee"],"picked":"Dagger Spray","floor":1.0},{"not_picked":["Eviscerate","Deflect"],"picked":"Deadly Poison","floor":2.0},{"not_picked":["Wraith Form v2","Setup"],"picked":"Endless Agony","floor":3.0},{"not_picked":["Expertise","Caltrops"],"picked":"Poisoned Stab","floor":4.0},{"not_picked":["Riddle With Holes","Underhanded Strike"],"picked":"Quick Slash","floor":5.0},{"not_picked":["Corpse Explosion","Catalyst"],"picked":"Well Laid Plans","floor":7.0},{"not_picked":["Expertise","Bane"],"picked":"Dash","floor":13.0},{"not_picked":["Dagger Spray","Acrobatics"],"picked":"Escape Plan","floor":13.0},{"not_picked":["Underhanded Strike","Acrobatics"],"picked":"Sucker Punch","floor":14.0},{"not_picked":["Blur","PiercingWail","Dagger Throw"],"picked":"SKIP","floor":14.0},{"not_picked":["Blur","Dagger Throw"],"picked":"PiercingWail","floor":14.0},{"not_picked":["Tools of the Trade","Adrenaline"],"picked":"Malaise","floor":16.0},{"not_picked":["Sucker Punch+1","Acrobatics+1"],"picked":"Deflect+1","floor":18.0},{"not_picked":["Reflex","Tactician"],"picked":"Deadly Poison","floor":18.0},{"not_picked":["Bullet Time","Deadly Poison"],"picked":"Footwork","floor":20.0},{"not_picked":["Outmaneuver","Masterful Stab+1"],"picked":"Cloak And Dagger","floor":20.0},{"not_picked":["Blade Dance","Accuracy"],"picked":"Crippling Poison","floor":22.0},{"not_picked":["Crippling Poison","Bane"],"picked":"Dodge and Roll","floor":23.0},{"not_picked":["Blade Dance","Distraction+1"],"picked":"Cloak And Dagger","floor":27.0},{"not_picked":["PiercingWail+1","Underhanded Strike"],"picked":"Deflect","floor":29.0},{"not_picked":["Flying Knee","Riddle With Holes"],"picked":"Venomology","floor":30.0},{"not_picked":["Slice+1","Outmaneuver"],"picked":"Deflect+1","floor":30.0},{"not_picked":["Sucker Punch+1","Catalyst"],"picked":"Deadly Poison","floor":31.0},{"not_picked":["Flying Knee","Slice+1","Dagger Throw"],"picked":"SKIP","floor":31.0},{"not_picked":["Finisher","Flying Knee+1"],"picked":"Poisoned Stab+1","floor":35.0},{"not_picked":["Eviscerate","Distraction+1","All Out Attack"],"picked":"SKIP","floor":35.0},{"not_picked":["Flying Knee+1","Acrobatics+1"],"picked":"Dodge and Roll","floor":37.0},{"not_picked":["Dagger Spray","Flying Knee+1"],"picked":"Acrobatics+1","floor":37.0},{"not_picked":["Flying Knee+1","Dagger Throw+1"],"picked":"Acrobatics+1","floor":38.0},{"not_picked":["Concentrate","Heel Hook","Flechettes"],"picked":"SKIP","floor":38.0},{"not_picked":["Poisoned Stab","Venomology"],"picked":"Cloak And Dagger+1","floor":40.0},{"not_picked":["Blur","Bane+1"],"picked":"Noxious Fumes","floor":45.0},{"not_picked":["Deadly Poison","Backstab"],"picked":"Catalyst","floor":45.0},{"not_picked":["Choke","Dagger Throw"],"picked":"Catalyst+1","floor":48.0},{"not_picked":["Flying Knee+1","Deflect+1"],"picked":"Deadly Poison+1","floor":48.0}],"player_experience":1336048,"relics_obtained":[{"floor":7.0,"key":"Prayer Wheel"},{"floor":9.0,"key":"Bottled Tornado"},{"floor":22.0,"key":"Red Mask"},{"floor":23.0,"key":"Du-Vu Doll"},{"floor":26.0,"key":"Lantern"},{"floor":27.0,"key":"Vajra"},{"floor":29.0,"key":"Tough Bandages"},{"floor":40.0,"key":"Bronze Scales"}],"event_choices":[{"damage_healed":0.0,"max_hp_gain":0.0,"max_hp_loss":0.0,"gold_gain":175.0,"event_name":"Liars Game","player_choice":"AGREE","floor":8.0,"gold_loss":0.0,"damage_taken":0.0,"cards_obtained":["Doubt"]},{"cards_removed":["Doubt"],"damage_healed":0.0,"max_hp_gain":0.0,"max_hp_loss":0.0,"gold_gain":0.0,"event_name":"Golden Wing","player_choice":"Card Removal","floor":10.0,"gold_loss":0.0,"damage_taken":7.0},{"damage_healed":0.0,"max_hp_gain":5.0,"max_hp_loss":0.0,"gold_gain":0.0,"event_name":"Forgotten Altar","player_choice":"Shed Blood","floor":19.0,"gold_loss":0.0,"damage_taken":18.0},{"damage_healed":0.0,"max_hp_gain":0.0,"max_hp_loss":0.0,"gold_gain":0.0,"cards_transformed":["Strike_G","Strike_G"],"event_name":"Drug Dealer","player_choice":"Became Test Subject","floor":21.0,"gold_loss":0.0,"damage_taken":0.0,"cards_obtained":["Catalyst","Bullet Time"]},{"damage_healed":0.0,"max_hp_gain":0.0,"max_hp_loss":0.0,"gold_gain":0.0,"event_name":"Masked Bandits","player_choice":"Fought Bandits","floor":22.0,"gold_loss":0.0,"damage_taken":0.0},{"cards_removed":["Strike_G"],"damage_healed":0.0,"max_hp_gain":0.0,"max_hp_loss":0.0,"gold_gain":0.0,"event_name":"Purifier","player_choice":"Purged","floor":24.0,"gold_loss":0.0,"damage_taken":0.0},{"cards_removed":["Sucker Punch"],"damage_healed":0.0,"max_hp_gain":0.0,"max_hp_loss":0.0,"gold_gain":0.0,"event_name":"Falling","player_choice":"Removed Attack","floor":36.0,"gold_loss":0.0,"damage_taken":0.0},{"damage_healed":0.0,"max_hp_gain":0.0,"max_hp_loss":4.0,"gold_gain":0.0,"event_name":"Winding Halls","player_choice":"Max HP","floor":39.0,"gold_loss":0.0,"damage_taken":0.0},{"damage_healed":0.0,"max_hp_gain":0.0,"max_hp_loss":0.0,"gold_gain":222.0,"event_name":"Tomb of Lord Red Mask","player_choice":"Wore Mask","floor":47.0,"gold_loss":0.0,"damage_taken":0.0}],"is_beta":false,"boss_relics":[{"not_picked":["WristBlade","Lizard Tail"],"picked":"Ring of the Serpent"},{"not_picked":["Fusion Hammer","Philosopher\u0027s Stone"],"picked":"Cursed Key"}],"items_purged_floors":[44],"is_endless":false,"potions_floor_spawned":[3,7,13,22,27,29,30,35,38,41],"ascension_level":3}