{"gold_per_floor":[114,34,50,66,16,41,55,65,65,99,109,141,151,151,151,250,250,264,281,62,80,90,123,123,151,151,170,170,5,21,51,51,156,156,172,190,90,104,104,104,117,144,171,171,171,204,216,216,216,216,216,216,5,34,34],"floor_reached":56,"playtime":4830,"items_purged":["Strike_R","Normality"],"score":1751,"play_id":"4d54b839-5fb1-4753-b8c4-f06cdd35dc2e","local_time":"20190518061557","is_ascension_mode":true,"campfire_choices":[{"data":"Shockwave","floor":15.0,"key":"SMITH"},{"data":"Barricade","floor":24.0,"key":"SMITH"},{"data":"Fiend Fire","floor":28.0,"key":"SMITH"},{"data":"Panacea","floor":32.0,"key":"SMITH"},{"data":"Madness","floor":40.0,"key":"SMITH"},{"data":"Madness","floor":45.0,"key":"SMITH"},{"floor":49.0,"key":"RECALL"},{"floor":52,"key":"REST"}],"neow_cost":"NONE","seed_source_timestamp":48381673131780,"circlet_count":0,"master_deck":["Strike_R","Strike_R","Defend_R","Defend_R","Defend_R","Defend_R","Bash","Fiend Fire+1","Intimidate","Feel No Pain","Thunderclap","Pommel Strike","Warcry","Pommel Strike","Feed","Flex","Shockwave+1","Entrench","Barricade+1","Body Slam+1","True Grit+1","True Grit","Warcry+1","Feel No Pain+1","Doubt","Sentinel","Panacea+1","Havoc","True Grit+1","Reaper+1","Clumsy","Pain","Havoc+1","Rage","Body Slam+1","Madness+1","Madness+1","Second Wind","Enlightenment","Purity","Transmutation","Intimidate+1","Corruption","Seeing Red","Flash of Steel+1","Corruption"],"special_seed":0,"relics":["Burning Blood","Kunai","Incense Burner","Bottled Flame","Dead Branch","Cursed Key","Anchor","Pantograph","Lantern","Molten Egg 2","Boot","Calling Bell","Omamori","Gremlin Horn","Unceasing Top","Calipers","Regal Pillow","Centennial Puzzle"],"potions_floor_usage":[50,55],"damage_taken":[{"damage":9.0,"enemies":"2 Louse","floor":1.0,"turns":3.0},{"damage":0.0,"enemies":"Small Slimes","floor":3.0,"turns":3.0},{"damage":1.0,"enemies":"Cultist","floor":4.0,"turns":3.0},{"damage":24.0,"enemies":"Gremlin Nob","floor":6.0,"turns":4.0},{"damage":24.0,"enemies":"Gremlin Gang","floor":7.0,"turns":6.0},{"damage":17.0,"enemies":"3 Louse","floor":8.0,"turns":4.0},{"damage":27.0,"enemies":"Lagavulin","floor":10.0,"turns":6.0},{"damage":0.0,"enemies":"Large Slime","floor":11.0,"turns":7.0},{"damage":9.0,"enemies":"3 Sentries","floor":12.0,"turns":9.0},{"damage":6.0,"enemies":"2 Fungi Beasts","floor":13.0,"turns":3.0},{"damage":66.0,"enemies":"Hexaghost","floor":16.0,"turns":9.0},{"damage":4.0,"enemies":"Spheric Guardian","floor":18.0,"turns":7.0},{"damage":0.0,"enemies":"Chosen","floor":19.0,"turns":3.0},{"damage":2.0,"enemies":"Centurion and Healer","floor":21.0,"turns":5.0},{"damage":6.0,"enemies":"Sentry and Sphere","floor":22.0,"turns":5.0},{"damage":16.0,"enemies":"Book of Stabbing","floor":23.0,"turns":5.0},{"damage":13.0,"enemies":"Gremlin Leader","floor":25.0,"turns":9.0},{"damage":0.0,"enemies":"Chosen and Byrds","floor":27.0,"turns":5.0},{"damage":10.0,"enemies":"Snake Plant","floor":30.0,"turns":3.0},{"damage":0.0,"enemies":"Slavers","floor":31.0,"turns":6.0},{"damage":33.0,"enemies":"Collector","floor":33.0,"turns":7.0},{"damage":0.0,"enemies":"3 Shapes","floor":35.0,"turns":3.0},{"damage":8.0,"enemies":"Orb Walker","floor":36.0,"turns":4.0},{"damage":12.0,"enemies":"Maw","floor":38.0,"turns":7.0},{"damage":12.0,"enemies":"Writhing Mass","floor":41.0,"turns":9.0},{"damage":30.0,"enemies":"Reptomancer","floor":42.0,"turns":7.0},{"damage":5.0,"enemies":"Giant Head","floor":46.0,"turns":10.0},{"damage":15.0,"enemies":"4 Shapes","floor":47.0,"turns":5.0},{"damage":61,"enemies":"Time Eater","floor":50,"turns":10},{"damage":20,"enemies":"Shield and Spear","floor":54,"turns":4},{"damage":24,"enemies":"The Heart","floor":55,"turns":8}],"seed_played":"-4173795400550516722","potions_obtained":[{"floor":1.0,"key":"FearPotion"},{"floor":3.0,"key":"LiquidBronze"},{"floor":10.0,"key":"EssenceOfSteel"},{"floor":11.0,"key":"Dexterity Potion"},{"floor":18.0,"key":"Swift Potion"},{"floor":19.0,"key":"Strength Potion"},{"floor":27.0,"key":"Block Potion"},{"floor":30.0,"key":"LiquidBronze"},{"floor":36.0,"key":"AttackPotion"},{"floor":41.0,"key":"PowerPotion"}],"is_trial":false,"path_per_floor":["M","$","M","M","?","E","M","M","T","E","M","E","M","?","R","B",null,"M","M","$","M","M","E","R","E","T","M","R","$","M","E","R","B",null,"M","M","$","M","?","R","M","E","T","?","R","E","M","?","R","B",null,"R","$","E","B",null],"character_chosen":"IRONCLAD","items_purchased":["Feel No Pain","Anchor","True Grit","Energy Potion","Panacea","Corruption","Seeing Red","Flash of Steel+1"],"campfire_rested":1,"item_purchase_floors":[2,20,20,20,29,53,53,53],"current_hp_per_floor":[69,69,75,80,80,62,44,33,33,12,21,21,24,89,89,29,74,76,82,82,89,89,82,82,75,75,84,84,84,80,86,86,71,91,97,95,95,89,77,77,71,57,57,47,47,57,62,62,62,32,84,101,101,87,83],"gold":34,"neow_bonus":"TRANSFORM_CARD","is_prod":false,"is_daily":false,"chose_seed":false,"campfire_upgraded":6,"win_rate":0,"timestamp":1558174557,"path_taken":["M","$","M","M","?","E","M","M","T","E","M","E","M","?","R","BOSS","M","M","$","?","M","E","R","E","T","M","R","$","?","E","R","BOSS","M","M","$","M","?","R","M","E","T","?","R","E","M","?","R","BOSS","R","$","E","BOSS"],"build_version":"2019-01-23","purchased_purges":2,"victory":true,"max_hp_per_floor":[80,80,80,80,80,80,80,80,80,80,83,86,89,89,89,89,89,89,89,89,92,92,95,95,95,95,98,98,98,98,98,98,98,98,98,98,98,98,98,98,98,98,98,98,98,98,101,101,101,101,101,101,101,101,101],"card_choices":[{"not_picked":["Ghostly Armor","Searing Blow"],"picked":"Intimidate","floor":1.0},{"not_picked":["Armaments","Iron Wave"],"picked":"Thunderclap","floor":3.0},{"not_picked":["Ghostly Armor","Havoc"],"picked":"Pommel Strike","floor":4.0},{"not_picked":["Evolve","Reckless Charge"],"picked":"Entrench","floor":6.0},{"not_picked":["Cleave","Twin Strike"],"picked":"Warcry","floor":7.0},{"not_picked":["Cleave","Armaments"],"picked":"Pommel Strike","floor":8.0},{"not_picked":["Cleave","Warcry"],"picked":"Feed","floor":10.0},{"not_picked":["Second Wind","Sword Boomerang"],"picked":"Flex","floor":11.0},{"not_picked":["Wild Strike","Pommel Strike"],"picked":"Shockwave","floor":12.0},{"not_picked":["Shrug It Off","Clothesline"],"picked":"Entrench","floor":13.0},{"not_picked":["Exhume","Reaper"],"picked":"Barricade","floor":16.0},{"not_picked":["Rage","Wild Strike"],"picked":"Body Slam+1","floor":18.0},{"not_picked":["Reckless Charge","Shrug It Off+1"],"picked":"True Grit+1","floor":19.0},{"not_picked":["Headbutt","Thunderclap"],"picked":"Warcry+1","floor":21.0},{"not_picked":["Wild Strike+1","Rupture"],"picked":"Exhume","floor":22.0},{"not_picked":["Clash","Heavy Blade","Anger"],"picked":"SKIP","floor":23.0},{"not_picked":["Inflame+1","Whirlwind"],"picked":"Feel No Pain+1","floor":25.0},{"not_picked":["Shrug It Off+1","Sword Boomerang+1"],"picked":"Sentinel","floor":27.0},{"not_picked":["Shrug It Off","Iron Wave+1"],"picked":"Havoc","floor":30.0},{"not_picked":["Wild Strike+1","Clash+1"],"picked":"True Grit+1","floor":31.0},{"not_picked":["Berserk","Impervious"],"picked":"Reaper+1","floor":33.0},{"not_picked":["Hemokinesis+1","Iron Wave+1"],"picked":"Havoc+1","floor":35.0},{"not_picked":["Heavy Blade+1","Rampage+1"],"picked":"Rage","floor":36.0},{"not_picked":["Hemokinesis+1","Flex"],"picked":"Body Slam+1","floor":38.0},{"not_picked":["Dual Wield+1","Heavy Blade+1","Ghostly Armor"],"picked":"SKIP","floor":41.0},{"not_picked":["Uppercut+1","Combust+1"],"picked":"Second Wind","floor":42.0},{"not_picked":["Secret Weapon","Blind"],"picked":"Enlightenment","floor":44.0},{"not_picked":["Madness","Mind Blast+1"],"picked":"Purity","floor":44.0},{"not_picked":["Deep Breath","Trip"],"picked":"Transmutation","floor":44.0},{"not_picked":["Rupture","True Grit"],"picked":"Intimidate+1","floor":46.0},{"not_picked":["Heavy Blade+1","Cleave+1","Anger+1"],"picked":"SKIP","floor":47.0},{"not_picked":["Wild Strike+1","Cleave+1"],"picked":"Corruption","floor":54}],"player_experience":266895,"relics_obtained":[{"floor":6.0,"key":"Kunai"},{"floor":9.0,"key":"Incense Burner"},{"floor":10.0,"key":"Bottled Flame"},{"floor":12.0,"key":"Dead Branch"},{"floor":23.0,"key":"Pantograph"},{"floor":25.0,"key":"Lantern"},{"floor":26.0,"key":"Molten Egg 2"},{"floor":31.0,"key":"Boot"},{"floor":34.0,"key":"Omamori"},{"floor":34.0,"key":"Gremlin Horn"},{"floor":34.0,"key":"Unceasing Top"},{"floor":42.0,"key":"Calipers"},{"floor":46.0,"key":"Regal Pillow"},{"floor":54,"key":"Centennial Puzzle"}],"event_choices":[{"cards_removed":["Strike_R"],"damage_healed":0.0,"max_hp_gain":0.0,"max_hp_loss":0.0,"gold_gain":0.0,"event_name":"The Cleric","player_choice":"Card Removal","floor":5.0,"gold_loss":50.0,"damage_taken":0.0},{"cards_removed":["Entrench"],"damage_healed":65.0,"max_hp_gain":0.0,"max_hp_loss":0.0,"gold_gain":0.0,"event_name":"Bonfire Elementals","player_choice":"Offered Uncommon","floor":14.0,"gold_loss":0.0,"damage_taken":0.0},{"damage_healed":0.0,"max_hp_gain":0.0,"max_hp_loss":0.0,"gold_gain":0.0,"event_name":"Winding Halls","player_choice":"Embrace Madness","floor":39.0,"gold_loss":0.0,"damage_taken":12.0,"cards_obtained":["Madness","Madness"]},{"damage_healed":0.0,"max_hp_gain":0.0,"max_hp_loss":0.0,"gold_gain":0.0,"event_name":"SensoryStone","player_choice":"Memory 3","floor":44.0,"gold_loss":0.0,"damage_taken":10.0},{"cards_removed":["Exhume"],"damage_healed":0.0,"max_hp_gain":0.0,"max_hp_loss":0.0,"gold_gain":0.0,"event_name":"Falling","player_choice":"Removed Skill","floor":48.0,"gold_loss":0.0,"damage_taken":0.0}],"is_beta":false,"boss_relics":[{"not_picked":["Fusion Hammer","Mark of Pain"],"picked":"Cursed Key"},{"not_picked":["Astrolabe","Tiny House"],"picked":"Calling Bell"}],"items_purged_floors":[29,37],"is_endless":false,"potions_floor_spawned":[1,3,10,11,18,19,27,30,36,41],"ascension_level":6}