{"gold_per_floor":[111,126,21,36,36,48,92,104,173,360,385,407,437,483,495,507],"floor_reached":16,"playtime":682,"items_purged":[],"score":162,"play_id":"8b534c2b-3674-4882-9b41-14cefb6ce003","local_time":"20190602184014","is_ascension_mode":true,"campfire_choices":[{"data":"Cleave","floor":6,"key":"SMITH"},{"data":"Cleave","floor":8,"key":"SMITH"},{"data":"Entrench","floor":15,"key":"SMITH"}],"neow_cost":"NONE","seed_source_timestamp":12418242101297,"circlet_count":0,"master_deck":["Strike_R","Strike_R","Strike_R","Strike_R","Strike_R","Defend_R","Defend_R","Defend_R","Defend_R","Bash","Body Slam","Cleave+1","Havoc","Cleave+1","Shrug It Off","Doubt","Sword Boomerang","Juggernaut","Entrench+1","Shrug It Off"],"relics":["Burning Blood","NeowsBlessing","MawBank","Thread and Needle","Tiny Chest","Regal Pillow"],"potions_floor_usage":[12,14,14],"damage_taken":[{"damage":0,"enemies":"2 Louse","floor":1,"turns":1},{"damage":0,"enemies":"Small Slimes","floor":2,"turns":1},{"damage":0,"enemies":"Cultist","floor":4,"turns":1},{"damage":35,"enemies":"3 Sentries","floor":7,"turns":8},{"damage":13,"enemies":"Red Slaver","floor":11,"turns":5},{"damage":0,"enemies":"3 Louse","floor":12,"turns":1},{"damage":2,"enemies":"Exordium Thugs","floor":13,"turns":3},{"damage":25,"enemies":"Gremlin Nob","floor":14,"turns":4},{"damage":33,"enemies":"Hexaghost","floor":16,"turns":10}],"seed_played":"6972567951737604193","potions_obtained":[{"floor":7,"key":"Ancient Potion"},{"floor":12,"key":"GamblersBrew"},{"floor":13,"key":"Poison Potion"}],"is_trial":false,"path_per_floor":["M","M","$","M","?","R","E","R","T","?","M","M","M","E","R","B"],"character_chosen":"IRONCLAD","items_purchased":["Havoc","Strength Potion"],"campfire_rested":0,"item_purchase_floors":[3,3],"current_hp_per_floor":[78,80,80,80,73,73,44,44,44,44,37,43,47,28,28,0],"gold":507,"neow_bonus":"THREE_ENEMY_KILL","is_prod":false,"is_daily":false,"chose_seed":false,"campfire_upgraded":3,"win_rate":0,"timestamp":1559515214,"path_taken":["M","M","$","M","?","R","E","R","T","?","M","M","M","E","R","BOSS"],"build_version":"2019-01-23","purchased_purges":0,"victory":false,"max_hp_per_floor":[80,80,80,80,80,80,80,80,80,80,80,80,80,80,80,80],"card_choices":[{"not_picked":["Clash","Wild Strike"],"picked":"Body Slam","floor":1},{"not_picked":["Wild Strike","Headbutt"],"picked":"Cleave","floor":2},{"not_picked":["Iron Wave","Havoc"],"picked":"Cleave","floor":4},{"not_picked":["Warcry","Fiend Fire"],"picked":"Shrug It Off","floor":7},{"not_picked":["Armaments","Thunderclap"],"picked":"Sword Boomerang","floor":11},{"not_picked":["Searing Blow","Blood for Blood"],"picked":"Juggernaut","floor":12},{"not_picked":["Thunderclap","Anger"],"picked":"Entrench","floor":13},{"not_picked":["Havoc","Armaments"],"picked":"Shrug It Off","floor":14}],"player_experience":310051,"relics_obtained":[{"floor":7,"key":"Thread and Needle"},{"floor":9,"key":"Tiny Chest"},{"floor":14,"key":"Regal Pillow"}],"event_choices":[{"damage_healed":0,"gold_gain":0,"player_choice":"Success","damage_taken":7,"relics_obtained":["MawBank"],"max_hp_gain":0,"max_hp_loss":0,"event_name":"Scrap Ooze","floor":5,"gold_loss":0},{"damage_healed":0,"gold_gain":175,"player_choice":"AGREE","damage_taken":0,"max_hp_gain":0,"max_hp_loss":0,"event_name":"Liars Game","floor":10,"gold_loss":0,"cards_obtained":["Doubt"]}],"is_beta":false,"boss_relics":[],"items_purged_floors":[],"is_endless":false,"potions_floor_spawned":[7,12,13],"killed_by":"Hexaghost","ascension_level":9}