{"path_per_floor":["M","?","M","?","?","R","E","M","T","M","$","?","M","M","R"],"character_chosen":"THE_SILENT","items_purchased":["Infinite Blades"],"gold_per_floor":[112,112,123,123,73,73,100,118,199,212,60,60,74,87,87],"floor_reached":16,"campfire_rested":0,"playtime":2089,"current_hp_per_floor":[63,63,61,61,61,61,42,38,38,35,35,2,14,22,22],"items_purged":["Strike_G"],"gold":87,"score":102,"play_id":"f62cc95f-6c3e-4b97-ba46-bd8b6cec9563","local_time":"20180317025237","is_prod":false,"is_daily":false,"is_ascension_mode":false,"campfire_upgraded":0,"timestamp":1521269557,"path_taken":["M","?","M","?","?","R","E","M","T","M","$","?","M","?","R","BOSS"],"build_version":"2018-03-15v2","purchased_purges":1,"victory":false,"master_deck":["Defend_G","Defend_G","Defend_G","Defend_G","Strike_G","Strike_G","Strike_G","Survivor","Neutralize","After Image","Flechettes","Quick Slash","Regret","Prepared","Dodge and Roll","Infinite Blades","Infinite Blades","Flechettes","Adrenaline"],"max_hp_per_floor":[63,63,63,63,63,63,63,63,63,63,63,63,63,63,63],"relics":["Ring of the Snake","Unceasing Top","Shovel","Centennial Puzzle","Meat on the Bone","Bottled Lightning","Ice Cream","Bag of Marbles"],"card_choices":[{"not_picked":["Outmaneuver","All Out Attack"],"picked":"After Image"},{"not_picked":["PiercingWail","Crippling Poison"],"picked":"Quick Slash"},{"not_picked":["Dagger Spray","Blur"],"picked":"Prepared"},{"not_picked":["Malaise","Terror"],"picked":"Dodge and Roll"},{"not_picked":["Crippling Poison","Deadly Poison"],"picked":"Infinite Blades"},{"not_picked":["Bane","Flying Knee"],"picked":"Flechettes"},{"not_picked":["Heel Hook","Choke"],"picked":"Adrenaline"}],"player_experience":220125,"potions_floor_usage":[16],"damage_taken":[{"damage":0,"enemies":"2 Louse","floor":1,"turns":4},{"damage":2,"enemies":"Small Slimes","floor":3,"turns":5},{"damage":19,"enemies":"3 Sentries","floor":7,"turns":12},{"damage":4,"enemies":"Jaw Worm","floor":8,"turns":5},{"damage":3,"enemies":"Large Slime","floor":10,"turns":9},{"damage":0,"enemies":"2 Fungi Beasts","floor":13,"turns":4},{"damage":4,"enemies":"Looter","floor":14,"turns":5},{"damage":41,"enemies":"Hexaghost","floor":16,"turns":16}],"event_choices":[{"event_name":"Living Wall","player_choice":"Change","floor":2,"damage_taken":0},{"event_name":"Big Fish","player_choice":"Box","floor":4,"damage_taken":0},{"event_name":"The Cleric","player_choice":"Card Removal","floor":5,"damage_taken":0},{"event_name":"Scrap Ooze","player_choice":"success","floor":12,"damage_taken":33}],"boss_relics":[],"potions_floor_spawned":[3,7,13,14],"seed_played":"-4837488754493780157","killed_by":"Hexaghost","ascension_level":0,"is_trial":false}