{"gold_per_floor":[112,39,39,51,70,70,95,95,168,168,168,187,59,136,136,238,238,254,264,18,31,44,44,78,78,78,78,78,78,78,78,78,173,173,189,189,60,75,88,88,104,8,33,433,433,456,469,523,523,523,523,523,141,166,166],"floor_reached":55,"playtime":4014,"items_purged":["Parasite","Mind Blast","Shame"],"score":761,"play_id":"3db1596e-82bf-49c4-9ba5-258dd1be852f","local_time":"20181117164443","is_ascension_mode":false,"campfire_choices":[{"floor":6,"key":"RECALL"},{"floor":8,"key":"REST"},{"data":"Noxious Fumes","floor":10,"key":"SMITH"},{"floor":15,"key":"REST"},{"floor":23,"key":"REST"},{"floor":25,"key":"REST"},{"data":"Catalyst","floor":27,"key":"SMITH"},{"data":"Well Laid Plans","floor":29,"key":"SMITH"},{"data":"Blur","floor":32,"key":"SMITH"},{"data":"Blur","floor":40,"key":"SMITH"},{"data":"Caltrops","floor":45,"key":"SMITH"},{"floor":49,"key":"REST"},{"data":"Deadly Poison","floor":52,"key":"SMITH"}],"neow_cost":"CURSE","seed_source_timestamp":223897044163909,"circlet_count":0,"master_deck":["Survivor","Neutralize","Endless Agony","Noxious Fumes+1","Blur+1","Backstab","Blur+1","Dagger Throw","Well Laid Plans+1","Corpse Explosion","Terror","Reflex","Predator","Escape Plan","Catalyst+1","Leg Sweep","Dagger Throw","Dagger Throw","Flying Knee","Cloak And Dagger","Poisoned Stab+1","Predator","Deadly Poison+1","Dash","Tools of the Trade","Backflip+1","Terror+1","Caltrops+1","Cloak And Dagger","Deflect+1","Distraction+1","Acrobatics+1","Deadly Poison+1","Deadly Poison+1","Backflip","Escape Plan","Deadly Poison+1","Poisoned Stab","Caltrops","Escape Plan"],"relics":["Ring of the Snake","Pocketwatch","Smiling Mask","Snake Skull","Meat on the Bone","Pandora\u0027s Box","Lantern","Vajra","Pantograph","MutagenicStrength","Prayer Wheel","Philosopher\u0027s Stone","Regal Pillow","Ancient Tea Set","Old Coin","Happy Flower","PreservedInsect","Anchor","Turnip"],"potions_floor_usage":[24,50,54,55],"damage_taken":[{"damage":0,"enemies":"2 Louse","floor":1,"turns":4},{"damage":0,"enemies":"Cultist","floor":4,"turns":3},{"damage":0,"enemies":"Small Slimes","floor":5,"turns":3},{"damage":51,"enemies":"Gremlin Nob","floor":7,"turns":6},{"damage":1,"enemies":"Exordium Wildlife","floor":12,"turns":5},{"damage":24,"enemies":"Slime Boss","floor":16,"turns":10},{"damage":0,"enemies":"Shell Parasite","floor":18,"turns":5},{"damage":11,"enemies":"Spheric Guardian","floor":19,"turns":5},{"damage":15,"enemies":"Snake Plant","floor":21,"turns":4},{"damage":23,"enemies":"Shelled Parasite and Fungi","floor":22,"turns":4},{"damage":33,"enemies":"Slavers","floor":24,"turns":4},{"damage":22,"enemies":"Champ","floor":33,"turns":8},{"damage":23,"enemies":"3 Darklings","floor":35,"turns":3},{"damage":0,"enemies":"Orb Walker","floor":38,"turns":3},{"damage":1,"enemies":"4 Shapes","floor":39,"turns":6},{"damage":0,"enemies":"Maw","floor":41,"turns":6},{"damage":3,"enemies":"Mind Bloom Boss Battle","floor":44,"turns":5},{"damage":16,"enemies":"Jaw Worm Horde","floor":47,"turns":4},{"damage":51,"enemies":"Donu and Deca","floor":50,"turns":6},{"damage":37,"enemies":"Shield and Spear","floor":54,"turns":5},{"damage":69,"enemies":"The Heart","floor":55,"turns":5}],"seed_played":"-6419468397787086469","potions_obtained":[{"floor":1,"key":"FearPotion"},{"floor":3,"key":"GamblersBrew"},{"floor":3,"key":"SneckoOil"},{"floor":4,"key":"Explosive Potion"},{"floor":21,"key":"PowerPotion"},{"floor":38,"key":"Poison Potion"},{"floor":47,"key":"Weak Potion"}],"is_trial":false,"path_per_floor":["M","$","?","M","M","R","E","R","T","R","?","M","$","T","R","B",null,"M","M","$","M","M","R","E","R","T","R","?","R","?","?","R","B",null,"M","?","$","M","M","R","M","$","T","?","R","T","M","T","R","B",null,"R","$","E","B"],"character_chosen":"THE_SILENT","items_purchased":["Noxious Fumes","Well Laid Plans","Lantern","Mind Blast","Caltrops","Cloak And Dagger","Deadly Poison","Poisoned Stab","Caltrops","Anchor","SpeedPotion"],"campfire_rested":5,"item_purchase_floors":[2,13,20,20,37,37,42,53,53,53,53],"current_hp_per_floor":[70,70,70,70,70,70,19,40,40,40,28,27,27,27,47,35,67,67,56,56,41,30,50,29,49,49,49,49,49,49,49,49,45,67,44,44,44,44,43,43,43,43,43,64,64,64,48,48,67,28,67,67,67,42,0],"gold":166,"neow_bonus":"ONE_RARE_RELIC","is_prod":false,"is_daily":false,"chose_seed":false,"campfire_upgraded":7,"win_rate":0,"timestamp":1542491083,"path_taken":["M","$","?","?","M","R","E","R","T","R","?","M","?","?","R","BOSS","M","M","$","M","M","R","E","R","T","R","?","R","?","?","R","BOSS","M","?","$","M","?","R","M","$","T","?","R","?","M","?","R","BOSS","R","$","E","BOSS"],"build_version":"2018-11-15","purchased_purges":3,"victory":false,"max_hp_per_floor":[70,70,70,70,70,70,70,70,70,70,70,70,67,67,67,67,67,67,67,67,67,67,67,67,67,67,67,67,67,67,67,67,67,67,67,67,67,67,67,67,67,67,67,67,67,67,67,67,67,67,67,67,67,67,67],"card_choices":[{"not_picked":["Deflect","Eviscerate"],"picked":"Endless Agony","floor":1},{"not_picked":["Dagger Throw","Catalyst"],"picked":"Blur","floor":4},{"not_picked":["Backflip","PiercingWail"],"picked":"Backstab","floor":5},{"not_picked":["PiercingWail","Riddle With Holes"],"picked":"Blur","floor":7},{"not_picked":["PiercingWail","Masterful Stab"],"picked":"Dagger Throw","floor":12},{"not_picked":["Glass Knife","Bullet Time"],"picked":"Corpse Explosion","floor":16},{"not_picked":["Cloak And Dagger","Dagger Spray+1"],"picked":"Poisoned Stab+1","floor":18},{"not_picked":["Dagger Throw","Quick Slash+1"],"picked":"Predator","floor":19},{"not_picked":["Finisher","Blade Dance+1","Dagger Throw+1"],"picked":"SKIP","floor":21},{"not_picked":["Tools of the Trade","Endless Agony"],"picked":"Deadly Poison+1","floor":22},{"not_picked":["Underhanded Strike","Acrobatics"],"picked":"Dash","floor":24},{"not_picked":["Wraith Form v2","Envenom"],"picked":"Tools of the Trade","floor":33},{"not_picked":["Cloak And Dagger","Sucker Punch"],"picked":"Backflip+1","floor":35},{"not_picked":["Choke+1","Dagger Throw"],"picked":"Terror+1","floor":35},{"not_picked":["Skewer+1","Tactician"],"picked":"Deflect+1","floor":38},{"not_picked":["Quick Slash","Prepared+1","Flying Knee"],"picked":"SKIP","floor":38},{"not_picked":["Heel Hook+1","Blade Dance+1"],"picked":"Distraction+1","floor":39},{"not_picked":["Flechettes","Dagger Spray","Reflex"],"picked":"SKIP","floor":39},{"not_picked":["Leg Sweep","Quick Slash+1"],"picked":"Acrobatics+1","floor":41},{"not_picked":["Storm of Steel","Slice"],"picked":"Deadly Poison+1","floor":41},{"not_picked":["Dodge and Roll","Deadly Poison"],"picked":"Backflip","floor":44},{"not_picked":["Expertise+1","Bane"],"picked":"Escape Plan","floor":47},{"not_picked":["Flying Knee+1","Dash"],"picked":"Deadly Poison+1","floor":47},{"not_picked":["Outmaneuver","Slice"],"picked":"Escape Plan","floor":54}],"player_experience":1170807,"relics_obtained":[{"floor":7,"key":"Smiling Mask"},{"floor":14,"key":"Meat on the Bone"},{"floor":24,"key":"Vajra"},{"floor":26,"key":"Pantograph"},{"floor":36,"key":"Regal Pillow"},{"floor":43,"key":"Ancient Tea Set"},{"floor":44,"key":"Old Coin"},{"floor":46,"key":"Happy Flower"},{"floor":48,"key":"PreservedInsect"},{"floor":54,"key":"Turnip"}],"event_choices":[{"damage_healed":0,"gold_gain":0,"player_choice":"Got Potions","damage_taken":0,"max_hp_gain":0,"max_hp_loss":0,"event_name":"Lab","floor":3,"gold_loss":0},{"damage_healed":0,"gold_gain":0,"player_choice":"Success","damage_taken":12,"relics_obtained":["Snake Skull"],"max_hp_gain":0,"max_hp_loss":0,"event_name":"Scrap Ooze","floor":11,"gold_loss":0},{"damage_healed":0,"gold_gain":0,"player_choice":"Ignored","damage_taken":0,"max_hp_gain":0,"max_hp_loss":0,"event_name":"Beggar","floor":28,"gold_loss":0},{"damage_healed":0,"gold_gain":0,"player_choice":"Inject Mutagens","damage_taken":0,"relics_obtained":["MutagenicStrength"],"max_hp_gain":0,"max_hp_loss":0,"event_name":"Drug Dealer","floor":30,"gold_loss":0},{"damage_healed":0,"gold_gain":0,"player_choice":"Stole Relic","damage_taken":0,"relics_obtained":["Prayer Wheel"],"max_hp_gain":0,"max_hp_loss":0,"event_name":"Addict","floor":31,"gold_loss":0,"cards_obtained":["Shame"]},{"damage_healed":0,"gold_gain":0,"player_choice":"Relic","damage_taken":0,"max_hp_gain":0,"max_hp_loss":0,"event_name":"Wheel of Change","floor":36,"gold_loss":0},{"damage_healed":0,"gold_gain":0,"player_choice":"Fight","damage_taken":0,"max_hp_gain":0,"max_hp_loss":0,"event_name":"MindBloom","floor":44,"gold_loss":0}],"is_beta":false,"boss_relics":[{"not_picked":["Orrery","Snecko Eye"],"picked":"Pandora\u0027s Box"},{"not_picked":["Fusion Hammer","Runic Dome"],"picked":"Philosopher\u0027s Stone"}],"items_purged_floors":[13,42,53],"is_endless":false,"potions_floor_spawned":[1,4,16,19,21,22,38,39,47],"killed_by":"The Heart","ascension_level":0}