{"gold_per_floor":[110,123,123,138,138,138,138,138,138,157,178,212,212,228,228,348,348,363,144,163,188,103,103,103,103,129,150,150,184,84,108,108,108],"floor_reached":33,"playtime":1299,"items_purged":["Defragment","Defragment"],"score":292,"play_id":"6fb03b70-de70-4406-a48e-65595972cf42","local_time":"20190521041520","is_ascension_mode":false,"campfire_choices":[{"data":"Strike_B","floor":6.0,"key":"PURGE"},{"data":"Darkness","floor":8.0,"key":"SMITH"},{"floor":13.0,"key":"REST"},{"data":"Defend_B","floor":15.0,"key":"PURGE"},{"data":"Dualcast","floor":23.0,"key":"SMITH"},{"data":"White Noise","floor":24.0,"key":"PURGE"},{"data":"Loop","floor":25.0,"key":"PURGE"},{"data":"Beam Cell+1","floor":28.0,"key":"PURGE"},{"floor":32,"key":"REST"}],"neow_cost":"PERCENT_DAMAGE","seed_source_timestamp":943428668319,"circlet_count":0,"master_deck":["Defend_B+1","Zap","Dualcast+1","Darkness+1","Steam+1","Hello World+1","Chaos+1","Consume+1","Electrodynamics"],"special_seed":0,"relics":["Cracked Core","Peace Pipe","Golden Idol","WingedGreaves","Sundial","Astrolabe","Cables","War Paint","Bronze Scales"],"potions_floor_usage":[],"damage_taken":[{"damage":1.0,"enemies":"Jaw Worm","floor":1.0,"turns":3.0},{"damage":0.0,"enemies":"Cultist","floor":2.0,"turns":4.0},{"damage":0.0,"enemies":"2 Louse","floor":4.0,"turns":2.0},{"damage":8.0,"enemies":"Exordium Wildlife","floor":10.0,"turns":4.0},{"damage":0.0,"enemies":"Blue Slaver","floor":11.0,"turns":4.0},{"damage":40.0,"enemies":"3 Sentries","floor":12.0,"turns":8.0},{"damage":4.0,"enemies":"Red Slaver","floor":14.0,"turns":4.0},{"damage":16.0,"enemies":"The Guardian","floor":16.0,"turns":8.0},{"damage":22.0,"enemies":"3 Byrds","floor":18.0,"turns":4.0},{"damage":11.0,"enemies":"2 Thieves","floor":20.0,"turns":3.0},{"damage":3.0,"enemies":"Sentry and Sphere","floor":21.0,"turns":3.0},{"damage":9.0,"enemies":"Cultist and Chosen","floor":27.0,"turns":5.0},{"damage":20.0,"enemies":"Gremlin Leader","floor":29.0,"turns":4.0},{"damage":2,"enemies":"Chosen and Byrds","floor":31,"turns":3},{"damage":30,"enemies":"Champ","floor":33,"turns":6}],"seed_played":"-4419155550650342595","potions_obtained":[{"floor":1.0,"key":"FocusPotion"},{"floor":4.0,"key":"Block Potion"},{"floor":10.0,"key":"FearPotion"},{"floor":12.0,"key":"Block Potion"},{"floor":20.0,"key":"PowerPotion"},{"floor":27.0,"key":"AttackPotion"}],"is_trial":false,"path_per_floor":["M","M","?","M","?","R","?","R","T","M","M","E","R","M","R","B",null,"M","$","M","M","?","R","R","R","T","M","R","E","$","M","R","B"],"character_chosen":"DEFECT","items_purchased":["Electrodynamics"],"campfire_rested":2,"item_purchase_floors":[19],"current_hp_per_floor":[53,53,53,53,53,53,53,53,53,45,45,5,25,21,21,5,69,47,47,36,33,33,33,33,33,33,24,24,4,4,2,22,0],"gold":108,"neow_bonus":"ONE_RARE_RELIC","is_prod":false,"is_daily":false,"chose_seed":false,"campfire_upgraded":2,"win_rate":0,"timestamp":1558433720,"path_taken":["M","M","?","?","?","R","?","R","T","M","M","E","R","M","R","BOSS","M","$","M","M","?","R","R","R","T","M","R","E","$","M","R","BOSS"],"build_version":"2019-01-23","purchased_purges":2,"victory":false,"max_hp_per_floor":[75,75,75,75,69,69,69,69,69,69,69,69,69,69,69,69,69,69,69,69,69,69,69,69,69,69,69,69,69,69,69,69,69],"card_choices":[{"not_picked":["Leap","Cold Snap"],"picked":"Darkness","floor":1.0},{"not_picked":["Static Discharge","White Noise"],"picked":"Steam","floor":2.0},{"not_picked":["Steam Power","Compile Driver"],"picked":"White Noise","floor":4.0},{"not_picked":["Steam","Blizzard"],"picked":"Loop","floor":10.0},{"not_picked":["Streamline","Lockon"],"picked":"Defragment","floor":11.0},{"not_picked":["Fission","Heatsinks"],"picked":"Defragment","floor":12.0},{"not_picked":["Streamline","Coolheaded","Redo"],"picked":"SKIP","floor":14.0},{"not_picked":["Sweeping Beam","Barrage"],"picked":"Consume+1","floor":18.0},{"not_picked":["Reprogram","White Noise","Barrage+1"],"picked":"SKIP","floor":20.0},{"not_picked":["Tempest","FTL","Sweeping Beam"],"picked":"SKIP","floor":21.0},{"not_picked":["Loop","Consume","Gash+1"],"picked":"SKIP","floor":27.0},{"not_picked":["Turbo+1","Redo+1","Compile Driver+1"],"picked":"SKIP","floor":29.0},{"not_picked":["Barrage","Cold Snap+1","Gash"],"picked":"SKIP","floor":31}],"player_experience":1458106,"relics_obtained":[{"floor":9.0,"key":"WingedGreaves"},{"floor":12.0,"key":"Sundial"},{"floor":26.0,"key":"War Paint"},{"floor":29.0,"key":"Bronze Scales"}],"event_choices":[{"cards_removed":["Strike_B"],"damage_healed":0.0,"max_hp_gain":0.0,"max_hp_loss":0.0,"gold_gain":0.0,"event_name":"Bonfire Elementals","player_choice":"Offered Basic","floor":3.0,"gold_loss":0.0,"damage_taken":0.0},{"damage_healed":0.0,"max_hp_gain":0.0,"max_hp_loss":6.0,"gold_gain":0.0,"event_name":"Golden Idol","player_choice":"Lose Max HP","floor":5.0,"gold_loss":0.0,"damage_taken":0.0,"relics_obtained":["Golden Idol"]},{"cards_removed":["Strike_B"],"damage_healed":0.0,"max_hp_gain":0.0,"max_hp_loss":0.0,"gold_gain":0.0,"event_name":"Living Wall","player_choice":"Forget","floor":7.0,"gold_loss":0.0,"damage_taken":0.0},{"damage_healed":0.0,"max_hp_gain":0.0,"max_hp_loss":0.0,"gold_gain":0.0,"event_name":"Addict","player_choice":"Obtained Relic","floor":22.0,"gold_loss":85.0,"damage_taken":0.0,"relics_obtained":["Cables"]}],"is_beta":false,"boss_relics":[{"not_picked":["Runic Pyramid","Pandora\u0027s Box"],"picked":"Astrolabe"}],"items_purged_floors":[19,30],"is_endless":false,"potions_floor_spawned":[1,4,10,12,20,27],"killed_by":"Champ","ascension_level":0}