{"gold_per_floor":[116,136,147,247,60,60,89,89,158,174,174,174,199,213,213,315,315,328,339,48,58,58,89,14,14,14,42,8,35,35,53,53,152,152,166,166,1165,1175,1195,1017,1017,1034,1034,1045,328,341,368,388,388,388],"floor_reached":50,"playtime":5124,"items_purged":["Defend_G","Normality","Normality"],"score":617,"play_id":"feedad60-c361-46de-8f52-704278be8dc5","local_time":"20180822231050","is_ascension_mode":false,"campfire_choices":[{"data":"Neutralize","floor":6,"key":"SMITH"},{"data":"Deadly Poison","floor":8,"key":"SMITH"},{"data":"Dagger Spray","floor":12,"key":"SMITH"},{"floor":15,"key":"REST"},{"data":"Cloak And Dagger","floor":25,"key":"SMITH"},{"floor":32,"key":"REST"},{"data":"Noxious Fumes","floor":49,"key":"SMITH"}],"neow_cost":"","seed_source_timestamp":358204956160438,"circlet_count":0,"master_deck":["Defend_G","Defend_G","Defend_G","Defend_G","Strike_G","Strike_G+1","Survivor","Neutralize+1","Deadly Poison+1","Cloak And Dagger+1","Predator+1","Caltrops","Dagger Spray+1","Dodge and Roll","PiercingWail","Adrenaline","Unload+1","Deflect+1","Backstab","Deflect","Well Laid Plans+1","Footwork+1","Noxious Fumes+1","Catalyst+1","PiercingWail+1","Backflip+1","Madness+1","Madness+1","Dodge and Roll+1","Backflip+1","Caltrops","Deflect+1","Catalyst+1","Escape Plan+1"],"relics":["Ring of the Snake","Oddly Smooth Stone","Whetstone","Blue Candle","Mercury Hourglass","Anchor","Astrolabe","Toxic Egg 2","Boot","Peace Pipe","Centennial Puzzle","Bag of Preparation","Philosopher\u0027s Stone","Dodecahedron","Frozen Eye","Mango","Juzu Bracelet"],"potions_floor_usage":[21,27,27,46,50],"damage_taken":[{"damage":0,"enemies":"Jaw Worm","floor":1,"turns":4},{"damage":1,"enemies":"Cultist","floor":2,"turns":4},{"damage":0,"enemies":"Small Slimes","floor":3,"turns":3},{"damage":7,"enemies":"3 Sentries","floor":7,"turns":11},{"damage":0,"enemies":"Blue Slaver","floor":10,"turns":3},{"damage":3,"enemies":"Lagavulin","floor":13,"turns":7},{"damage":0,"enemies":"Lots of Slimes","floor":14,"turns":1},{"damage":1,"enemies":"The Guardian","floor":16,"turns":12},{"damage":0,"enemies":"2 Thieves","floor":18,"turns":3},{"damage":0,"enemies":"Chosen","floor":19,"turns":3},{"damage":20,"enemies":"Sentry and Sphere","floor":21,"turns":5},{"damage":0,"enemies":"Slavers","floor":23,"turns":2},{"damage":14,"enemies":"Gremlin Leader","floor":27,"turns":5},{"damage":9,"enemies":"Book of Stabbing","floor":29,"turns":6},{"damage":0,"enemies":"3 Cultists","floor":31,"turns":4},{"damage":3,"enemies":"Automaton","floor":33,"turns":9},{"damage":0,"enemies":"Flame Bruiser 1 Orb","floor":35,"turns":4},{"damage":0,"enemies":"3 Shapes","floor":38,"turns":7},{"damage":44,"enemies":"Transient","floor":39,"turns":5},{"damage":0,"enemies":"Flame Bruiser 2 Orb","floor":42,"turns":5},{"damage":12,"enemies":"4 Shapes","floor":44,"turns":5},{"damage":18,"enemies":"Spire Growth","floor":46,"turns":5},{"damage":3,"enemies":"Giant Head","floor":47,"turns":8},{"damage":0,"enemies":"3 Darklings","floor":48,"turns":5},{"damage":44,"enemies":"Donu and Deca","floor":50,"turns":10}],"seed_played":"-2940951319391472244","potions_obtained":[{"floor":2,"key":"Weak Potion"},{"floor":7,"key":"SneckoOil"},{"floor":13,"key":"Swift Potion"},{"floor":21,"key":"SteroidPotion"},{"floor":27,"key":"Dexterity Potion"},{"floor":29,"key":"FearPotion"},{"floor":39,"key":"GhostInAJar"},{"floor":47,"key":"SteroidPotion"}],"is_trial":false,"path_per_floor":["M","M","M","?","$","R","E","R","T","M","?","R","E","M","R","B",null,"M","M","$","M","?","E","$","R","T","E","$","E","?","M","R","B",null,"M","?","?","M","M","$","?","M","T","M","$","M","E","M","R"],"character_chosen":"THE_SILENT","items_purchased":["Oddly Smooth Stone","Caltrops","Toxic Egg 2","Well Laid Plans","Noxious Fumes","Caltrops","Frozen Eye","Mango","Deflect+1","Catalyst+1"],"campfire_rested":2,"item_purchase_floors":[5,5,20,20,28,40,45,45,45,45],"current_hp_per_floor":[70,69,69,69,69,69,62,62,62,62,37,37,34,34,55,54,70,70,70,70,50,50,50,50,50,50,36,36,27,27,27,48,45,70,70,61,61,61,17,17,61,61,61,49,63,45,42,42,42,0],"gold":388,"neow_bonus":"","is_prod":false,"is_daily":false,"chose_seed":false,"campfire_upgraded":5,"win_rate":0,"timestamp":1534993850,"path_taken":["M","M","M","?","$","R","E","R","T","M","?","R","E","?","R","BOSS","M","M","$","M","?","E","$","R","T","E","$","E","?","M","R","BOSS","M","?","?","M","M","$","?","M","T","M","$","M","E","M","R","BOSS"],"build_version":"2018-08-16","purchased_purges":3,"victory":false,"max_hp_per_floor":[70,70,70,70,70,70,70,70,70,70,70,70,70,70,70,70,70,70,70,70,70,70,70,70,70,70,70,70,70,70,70,70,70,70,70,70,70,70,70,70,61,61,61,61,75,75,75,75,75,75],"card_choices":[{"not_picked":["Bane","Underhanded Strike"],"picked":"Deadly Poison","floor":1},{"not_picked":["Concentrate","Crippling Poison"],"picked":"Cloak And Dagger","floor":2},{"not_picked":["Sucker Punch","Poisoned Stab"],"picked":"Predator","floor":3},{"not_picked":["Prepared","Slice"],"picked":"Dagger Spray","floor":7},{"not_picked":["Outmaneuver","Prepared","Bane"],"picked":"SKIP","floor":10},{"not_picked":["Tools of the Trade","Riddle With Holes"],"picked":"Dodge and Roll","floor":13},{"not_picked":["Slice","Poisoned Stab"],"picked":"PiercingWail","floor":14},{"not_picked":["Malaise","Wraith Form v2"],"picked":"Adrenaline","floor":16},{"not_picked":["Predator","PiercingWail+1"],"picked":"Backstab","floor":18},{"not_picked":["Acrobatics","Flying Knee"],"picked":"Deflect","floor":19},{"not_picked":["Accuracy","Concentrate+1","Flechettes"],"picked":"SKIP","floor":21},{"not_picked":["Heel Hook","Bane+1"],"picked":"Footwork+1","floor":23},{"not_picked":["Slice","Heel Hook","Bouncing Flask+1"],"picked":"SKIP","floor":27},{"not_picked":["Unload","Phantasmal Killer+1","Predator"],"picked":"SKIP","floor":29},{"not_picked":["Quick Slash","Dagger Throw"],"picked":"PiercingWail+1","floor":31},{"not_picked":["Slice","Predator"],"picked":"Backflip+1","floor":35},{"not_picked":["Underhanded Strike","Sucker Punch+1"],"picked":"Dodge and Roll+1","floor":38},{"not_picked":["PiercingWail+1","Setup+1"],"picked":"Backflip+1","floor":39},{"not_picked":["Poisoned Stab","Outmaneuver+1","Dodge and Roll+1"],"picked":"SKIP","floor":42},{"not_picked":["Prepared+1","Blade Dance+1","Dagger Throw"],"picked":"SKIP","floor":44},{"not_picked":["Blade Dance+1","Caltrops"],"picked":"Escape Plan+1","floor":46},{"not_picked":["A Thousand Cuts","Bullet Time+1","Wraith Form v2"],"picked":"SKIP","floor":47},{"not_picked":["Slice","Quick Slash+1","Prepared+1"],"picked":"SKIP","floor":48}],"player_experience":776099,"relics_obtained":[{"floor":7,"key":"Whetstone"},{"floor":9,"key":"Blue Candle"},{"floor":13,"key":"Anchor"},{"floor":23,"key":"Boot"},{"floor":26,"key":"Peace Pipe"},{"floor":27,"key":"Centennial Puzzle"},{"floor":29,"key":"Bag of Preparation"},{"floor":43,"key":"Dodecahedron"},{"floor":47,"key":"Juzu Bracelet"}],"event_choices":[{"event_name":"Wheel of Change","player_choice":"Gold","floor":4,"damage_taken":0},{"event_name":"Scrap Ooze","player_choice":"success","floor":11,"damage_taken":25},{"event_name":"Upgrade Shrine","player_choice":"Upgraded","floor":22,"damage_taken":0},{"event_name":"Transmorgrifier","player_choice":"Transform","floor":30,"damage_taken":0},{"event_name":"Winding Halls","player_choice":"Embrace Madness","floor":36,"damage_taken":0},{"event_name":"MindBloom","player_choice":"Gold","floor":37,"damage_taken":0},{"event_name":"The Moai Head","player_choice":"Heal","floor":41,"damage_taken":0}],"is_beta":false,"boss_relics":[{"not_picked":["HoveringKite","Lizard Tail"],"picked":"Astrolabe"},{"not_picked":["Pandora\u0027s Box","WristBlade"],"picked":"Philosopher\u0027s Stone"}],"items_purged_floors":[24,40,45],"is_endless":false,"potions_floor_spawned":[2,7,13,21,27,29,39,47,48],"killed_by":"Donu and Deca","ascension_level":0}