{"gold_per_floor":[116,116,129,129,204,204,232,247,302,328,669,681,457,457,457,556,556,530,480,493,493,317,317,407,407,452,479,498,498,205,216,216,315,315,325,336,260,89,89,89,89,89,113,129,146,146,58,58,58,58],"floor_reached":51,"playtime":2213,"items_purged":["Defend_R","Strike_R","Strike_R","Bash","Defend_R+1"],"score":944,"play_id":"c2e8eccd-0ac8-43ad-a99c-1a96bdb6172f","local_time":"20190618222722","is_ascension_mode":true,"campfire_choices":[{"data":"Rampage","floor":6,"key":"SMITH"},{"data":"Spot Weakness","floor":12,"key":"SMITH"},{"data":"Iron Wave","floor":15,"key":"SMITH"},{"data":"Limit Break","floor":23,"key":"SMITH"},{"data":"Ghostly Armor","floor":25,"key":"SMITH"},{"floor":32,"key":"REST"},{"data":"Double Tap","floor":40,"key":"SMITH"},{"data":"Impervious","floor":42,"key":"SMITH"},{"data":"Reaper","floor":46,"key":"SMITH"},{"data":"Finesse","floor":49,"key":"SMITH"}],"neow_cost":"NONE","seed_source_timestamp":5521706078156074,"circlet_count":0,"master_deck":["Defend_R+1","Iron Wave+1","Rampage+1","Ghostly Armor+1","Spot Weakness+1","Impervious+1","Limit Break+1","Heavy Blade+1","Double Tap+1","Reaper+1","Finesse+1"],"relics":["Burning Blood","NeowsBlessing","Bronze Scales","MawBank","Old Coin","Membership Card","Empty Cage","MutagenicStrength","Art of War","War Paint","Nunchaku","Omamori","Turnip","Philosopher\u0027s Stone","Lantern","Gremlin Horn","Dodecahedron","Anchor"],"potions_floor_usage":[27],"damage_taken":[{"damage":0,"enemies":"Jaw Worm","floor":1,"turns":1},{"damage":0,"enemies":"Small Slimes","floor":3,"turns":1},{"damage":0,"enemies":"3 Sentries","floor":7,"turns":2},{"damage":0,"enemies":"Cultist","floor":8,"turns":3},{"damage":0,"enemies":"2 Fungi Beasts","floor":10,"turns":4},{"damage":30,"enemies":"Gremlin Nob","floor":11,"turns":4},{"damage":36,"enemies":"Slime Boss","floor":16,"turns":9},{"damage":10,"enemies":"2 Thieves","floor":18,"turns":5},{"damage":0,"enemies":"Chosen","floor":20,"turns":4},{"damage":44,"enemies":"Book of Stabbing","floor":27,"turns":7},{"damage":12,"enemies":"Snake Plant","floor":28,"turns":3},{"damage":8,"enemies":"Centurion and Healer","floor":31,"turns":4},{"damage":18,"enemies":"Automaton","floor":33,"turns":8},{"damage":0,"enemies":"Orb Walker","floor":35,"turns":2},{"damage":15,"enemies":"3 Darklings","floor":36,"turns":5},{"damage":0,"enemies":"Writhing Mass","floor":44,"turns":3},{"damage":0,"enemies":"Sphere and 2 Shapes","floor":45,"turns":3},{"damage":36,"enemies":"Donu and Deca","floor":50,"turns":5}],"seed_played":"7111894797916424360","potions_obtained":[{"floor":1,"key":"SpeedPotion"},{"floor":8,"key":"PowerPotion"},{"floor":16,"key":"Weak Potion"},{"floor":28,"key":"LiquidBronze"},{"floor":33,"key":"Block Potion"}],"is_trial":false,"path_per_floor":["M","$","M","?","?","R","E","M","T","M","E","R","$","?","R","B",null,"M","$","M","?","$","R","?","R","T","E","M","?","$","M","R","B",null,"M","M","$","$","T","R","?","R","T","M","M","R","$","?","R","B",null],"character_chosen":"IRONCLAD","items_purchased":["Membership Card","Limit Break","Art of War","Omamori","Turnip","Lantern","Reaper","Gremlin Horn"],"campfire_rested":1,"item_purchase_floors":[13,22,22,30,30,37,38,38],"current_hp_per_floor":[80,80,80,80,69,69,75,80,80,80,56,56,56,61,61,31,85,81,81,85,85,85,85,69,69,69,31,25,25,25,23,48,36,85,85,76,76,76,76,76,85,85,85,85,85,85,85,85,85,85],"gold":58,"neow_bonus":"THREE_ENEMY_KILL","is_prod":false,"is_daily":false,"chose_seed":false,"campfire_upgraded":9,"win_rate":0,"timestamp":1560914842,"path_taken":["M","$","M","?","?","R","E","M","T","M","E","R","$","?","R","BOSS","M","$","M","?","$","R","?","R","T","E","?","?","$","M","R","BOSS","M","M","?","$","?","R","?","R","T","M","M","R","?","?","R","BOSS"],"build_version":"2019-01-23","purchased_purges":5,"victory":true,"max_hp_per_floor":[80,80,80,80,80,80,80,80,80,80,80,80,80,85,85,85,85,85,85,85,85,85,85,85,85,85,85,85,85,85,85,85,85,85,85,85,85,85,85,85,85,85,85,85,85,85,85,85,85,85],"card_choices":[{"not_picked":["Rage","Feel No Pain"],"picked":"Iron Wave","floor":1},{"not_picked":["Fire Breathing","Pommel Strike"],"picked":"Rampage","floor":3},{"not_picked":["Body Slam","Headbutt"],"picked":"Ghostly Armor","floor":7},{"not_picked":["Shrug It Off","True Grit"],"picked":"Spot Weakness","floor":8},{"not_picked":["Warcry","Anger","Uppercut"],"picked":"SKIP","floor":10},{"not_picked":["Perfected Strike","Power Through","Intimidate"],"picked":"SKIP","floor":11},{"not_picked":["Dark Embrace","Offering"],"picked":"Impervious","floor":16},{"not_picked":["Shrug It Off","Wild Strike","Feel No Pain"],"picked":"SKIP","floor":18},{"not_picked":["Clothesline","Perfected Strike","Fire Breathing"],"picked":"SKIP","floor":20},{"not_picked":["Hemokinesis","Seeing Red"],"picked":"Heavy Blade+1","floor":27},{"not_picked":["Flex+1","Body Slam","Clash+1"],"picked":"SKIP","floor":28},{"not_picked":["Clothesline","Shrug It Off","Fire Breathing+1"],"picked":"SKIP","floor":31},{"not_picked":["Exhume","Juggernaut"],"picked":"Double Tap","floor":33},{"not_picked":["Burning Pact+1","Pommel Strike","Whirlwind+1"],"picked":"SKIP","floor":35},{"not_picked":["Pommel Strike","Iron Wave+1","Twin Strike+1"],"picked":"SKIP","floor":36},{"not_picked":["Flame Barrier","Perfected Strike+1","Reckless Charge"],"picked":"SKIP","floor":44},{"not_picked":["Sword Boomerang+1","Sever Soul+1","Pommel Strike"],"picked":"SKIP","floor":45},{"not_picked":["Mind Blast","Thinking Ahead"],"picked":"Finesse","floor":48}],"player_experience":120034,"relics_obtained":[{"floor":7,"key":"Bronze Scales"},{"floor":9,"key":"MawBank"},{"floor":11,"key":"Old Coin"},{"floor":26,"key":"War Paint"},{"floor":27,"key":"Nunchaku"},{"floor":39,"key":"Dodecahedron"},{"floor":43,"key":"Anchor"}],"event_choices":[{"cards_removed":["Strike_R"],"damage_healed":0,"gold_gain":0,"player_choice":"Forget","damage_taken":0,"max_hp_gain":0,"max_hp_loss":0,"event_name":"Living Wall","floor":4,"gold_loss":0},{"damage_healed":0,"gold_gain":75,"player_choice":"Gather Gold","damage_taken":11,"max_hp_gain":0,"max_hp_loss":0,"event_name":"World of Goop","floor":5,"gold_loss":0},{"damage_healed":0,"gold_gain":0,"player_choice":"Donut","damage_taken":0,"max_hp_gain":5,"max_hp_loss":0,"event_name":"Big Fish","floor":14,"gold_loss":0},{"damage_healed":0,"gold_gain":0,"player_choice":"Inject Mutagens","damage_taken":0,"relics_obtained":["MutagenicStrength"],"max_hp_gain":0,"max_hp_loss":0,"event_name":"Drug Dealer","floor":21,"gold_loss":0},{"damage_healed":0,"gold_gain":90,"player_choice":"GOLD ","damage_taken":16,"max_hp_gain":0,"max_hp_loss":0,"event_name":"Knowing Skull","floor":24,"potions_obtained":[],"gold_loss":0,"cards_obtained":[]},{"cards_removed":["Strike_R"],"damage_healed":0,"gold_gain":0,"player_choice":"Offered Basic","damage_taken":0,"max_hp_gain":0,"max_hp_loss":0,"event_name":"Bonfire Elementals","floor":29,"gold_loss":0},{"damage_healed":9,"gold_gain":0,"player_choice":"Heal","damage_taken":0,"max_hp_gain":0,"max_hp_loss":0,"event_name":"MindBloom","floor":41,"gold_loss":0,"cards_obtained":["Doubt"]},{"damage_healed":0,"gold_gain":0,"player_choice":"Memory 1","damage_taken":0,"max_hp_gain":0,"max_hp_loss":0,"event_name":"SensoryStone","floor":48,"gold_loss":0}],"is_beta":false,"boss_relics":[{"not_picked":["Orrery","White Beast Statue"],"picked":"Empty Cage"},{"not_picked":["Runic Dome","Snecko Eye"],"picked":"Philosopher\u0027s Stone"}],"items_purged_floors":[13,19,22,30,47],"is_endless":false,"potions_floor_spawned":[1,8,16,28,33,35,44],"ascension_level":3}