{"gold_per_floor":[209,159,60,60,112,112,287,302,302,361,361,379,379,397,397,496,496,507,251,266,95,95,105,105,105,132,145,145,145,178,197,197,197],"floor_reached":33,"playtime":822,"items_purged":["Defend_B","Doubt","Strike_B"],"score":253,"play_id":"ed793fd1-e155-4b06-817e-771a9238ca83","local_time":"20190625134843","is_ascension_mode":false,"campfire_choices":[{"data":"Zap","floor":6,"key":"SMITH"},{"data":"Chaos","floor":11,"key":"SMITH"},{"data":"Dualcast","floor":13,"key":"SMITH"},{"floor":15,"key":"DIG"},{"floor":24,"key":"DIG"},{"floor":29,"key":"REST"},{"floor":32,"key":"REST"}],"neow_cost":"NONE","seed_source_timestamp":28195737586892,"circlet_count":0,"master_deck":["Defend_B","Defend_B+1","Zap+1","Dualcast+1","Chaos+1","Compile Driver+1","Capacitor","Ball Lightning","Fission+1","Rebound","Ball Lightning","Coolheaded","Barrage","Barrage+1","Hologram+1","Ball Lightning"],"relics":["Cracked Core","Whetstone","Darkstone Periapt","Shovel","Symbiotic Virus","Velvet Choker","War Paint","PreservedInsect","Enchiridion","Orichalcum","Torii"],"potions_floor_usage":[23,27,33],"damage_taken":[{"damage":1,"enemies":"Jaw Worm","floor":1,"turns":4},{"damage":1,"enemies":"2 Louse","floor":8,"turns":2},{"damage":30,"enemies":"Gremlin Nob","floor":10,"turns":4},{"damage":1,"enemies":"Small Slimes","floor":12,"turns":3},{"damage":2,"enemies":"Blue Slaver","floor":14,"turns":2},{"damage":1,"enemies":"Slime Boss","floor":16,"turns":7},{"damage":12,"enemies":"Shell Parasite","floor":18,"turns":4},{"damage":0,"enemies":"Spheric Guardian","floor":20,"turns":2},{"damage":24,"enemies":"Centurion and Healer","floor":23,"turns":5},{"damage":23,"enemies":"Shelled Parasite and Fungi","floor":27,"turns":4},{"damage":10,"enemies":"Book of Stabbing","floor":30,"turns":4},{"damage":12,"enemies":"Sentry and Sphere","floor":31,"turns":4},{"damage":33,"enemies":"Champ","floor":33,"turns":6}],"seed_played":"7002185075142598806","potions_obtained":[{"floor":1,"key":"SkillPotion"},{"floor":10,"key":"Regen Potion"},{"floor":14,"key":"SneckoOil"},{"floor":23,"key":"Strength Potion"},{"floor":30,"key":"SkillPotion"}],"is_trial":false,"path_per_floor":["M","?","$","?","T","R","?","M","T","?","R","M","R","M","R","B",null,"M","$","M","$","?","M","R","?","T","M","?","R","E","M","R","B"],"character_chosen":"DEFECT","items_purchased":["Compile Driver","War Paint","Coolheaded"],"campfire_rested":2,"item_purchase_floors":[3,19,21],"current_hp_per_floor":[74,74,74,67,67,67,67,66,66,36,36,35,35,33,33,32,75,63,63,63,63,63,39,39,23,23,12,12,34,24,12,34,1],"gold":197,"neow_bonus":"HUNDRED_GOLD","is_prod":false,"is_daily":false,"chose_seed":false,"campfire_upgraded":3,"win_rate":0,"timestamp":1561492123,"path_taken":["M","?","$","?","?","R","?","M","T","?","R","M","R","M","R","BOSS","M","$","M","$","?","M","R","?","T","M","?","R","E","M","R","BOSS"],"build_version":"2019-01-23","purchased_purges":3,"victory":false,"max_hp_per_floor":[75,75,75,75,75,75,75,75,75,75,75,75,75,75,75,75,75,75,75,75,75,75,75,75,75,75,75,75,75,75,75,75,75],"card_choices":[{"not_picked":["Static Discharge","Hologram"],"picked":"Chaos","floor":1},{"not_picked":["Rebound","Rip and Tear"],"picked":"Capacitor","floor":8},{"not_picked":["Lockon","Gash","FTL"],"picked":"SKIP","floor":12},{"not_picked":["Fusion","Go for the Eyes"],"picked":"Ball Lightning","floor":14},{"not_picked":["Creative AI","Hyperbeam"],"picked":"Fission","floor":16},{"not_picked":["Go for the Eyes","Double Energy+1"],"picked":"Rebound","floor":18},{"not_picked":["Undo+1","Hologram"],"picked":"Ball Lightning","floor":20},{"not_picked":["Genetic Algorithm","Coolheaded"],"picked":"Barrage+1","floor":23},{"not_picked":["Streamline+1","Compile Driver"],"picked":"Hologram+1","floor":27},{"not_picked":["BootSequence","Undo","Double Energy"],"picked":"SKIP","floor":30},{"not_picked":["Turbo","Reboot"],"picked":"Ball Lightning","floor":31}],"player_experience":1504927,"relics_obtained":[{"floor":5,"key":"Whetstone"},{"floor":9,"key":"Darkstone Periapt"},{"floor":10,"key":"Shovel"},{"floor":15,"key":"Symbiotic Virus"},{"floor":24,"key":"PreservedInsect"},{"floor":25,"key":"Enchiridion"},{"floor":26,"key":"Orichalcum"},{"floor":30,"key":"Torii"}],"event_choices":[{"cards_removed":["Strike_B"],"damage_healed":0,"gold_gain":0,"player_choice":"Card Removal","damage_taken":0,"max_hp_gain":0,"max_hp_loss":0,"event_name":"The Cleric","floor":2,"gold_loss":50},{"cards_removed":["Strike_B"],"damage_healed":0,"gold_gain":0,"player_choice":"Card Removal","damage_taken":7,"max_hp_gain":0,"max_hp_loss":0,"event_name":"Golden Wing","floor":4,"gold_loss":0},{"damage_healed":0,"gold_gain":175,"player_choice":"AGREE","damage_taken":0,"max_hp_gain":0,"max_hp_loss":0,"event_name":"Liars Game","floor":7,"gold_loss":0,"cards_obtained":["Doubt"]},{"damage_healed":0,"gold_gain":30,"player_choice":"Searched \u00273\u0027 times","damage_taken":0,"max_hp_gain":0,"max_hp_loss":0,"event_name":"Dead Adventurer","floor":10,"gold_loss":0},{"damage_healed":0,"gold_gain":0,"cards_transformed":["Defend_B","Strike_B"],"player_choice":"Became Test Subject","damage_taken":0,"max_hp_gain":0,"max_hp_loss":0,"event_name":"Drug Dealer","floor":22,"gold_loss":0,"cards_obtained":["Barrage","Aggregate"]},{"damage_healed":0,"gold_gain":0,"player_choice":"Obtained Book","damage_taken":16,"max_hp_gain":0,"max_hp_loss":0,"event_name":"Cursed Tome","floor":25,"gold_loss":0},{"cards_removed":["Aggregate"],"damage_healed":0,"gold_gain":0,"player_choice":"Elegance","damage_taken":0,"max_hp_gain":0,"max_hp_loss":0,"event_name":"Back to Basics","floor":28,"gold_loss":0}],"is_beta":false,"boss_relics":[{"not_picked":["Lizard Tail","White Beast Statue"],"picked":"Velvet Choker"}],"items_purged_floors":[3,19,21],"is_endless":false,"potions_floor_spawned":[1,10,14,16,23,30],"killed_by":"Champ","ascension_level":0}