{"gold_per_floor":[117,292,292,309,11,11,30,30,30,30,55,66,98,113,113,217,217,233,40,59,77,97,97,128,139,139,139,139],"floor_reached":28,"playtime":1496,"items_purged":["Reboot+1"],"score":400,"play_id":"e513f728-cf2e-413b-b8f2-32835833cc56","local_time":"20190324222447","is_ascension_mode":true,"campfire_choices":[{"data":"Go for the Eyes","floor":6,"key":"SMITH"},{"data":"Zap","floor":10,"key":"SMITH"},{"data":"Streamline","floor":15,"key":"SMITH"},{"floor":23,"key":"REST"},{"floor":27,"key":"REST"}],"neow_cost":"NONE","seed_source_timestamp":931439093699847,"circlet_count":0,"master_deck":["AscendersBane","Zap+1","Dualcast","Go for the Eyes+1","Ball Lightning","Sweeping Beam+1","Auto Shields","Streamline+1","Ball Lightning","Leap","Electrodynamics","Hello World","Turbo","Rebound","Buffer","BootSequence","Tempest","Rip and Tear","Defragment","Leap","Hologram","Cold Snap","Stack"],"relics":["Cracked Core","NeowsBlessing","Pocketwatch","War Paint","Whetstone","Symbiotic Virus","Pandora\u0027s Box","Dead Branch","The Courier"],"potions_floor_usage":[11,14,24],"damage_taken":[{"damage":0,"enemies":"Small Slimes","floor":1,"turns":1},{"damage":0,"enemies":"Jaw Worm","floor":4,"turns":1},{"damage":0,"enemies":"Cultist","floor":7,"turns":1},{"damage":12,"enemies":"3 Sentries","floor":11,"turns":5},{"damage":4,"enemies":"Blue Slaver","floor":12,"turns":3},{"damage":15,"enemies":"Gremlin Nob","floor":13,"turns":4},{"damage":2,"enemies":"Gremlin Gang","floor":14,"turns":3},{"damage":9,"enemies":"The Guardian","floor":16,"turns":9},{"damage":0,"enemies":"Spheric Guardian","floor":18,"turns":3},{"damage":24,"enemies":"3 Byrds","floor":20,"turns":3},{"damage":18,"enemies":"Snake Plant","floor":21,"turns":3},{"damage":0,"enemies":"Centurion and Healer","floor":22,"turns":4},{"damage":34,"enemies":"Slavers","floor":24,"turns":4},{"damage":8,"enemies":"Sentry and Sphere","floor":25,"turns":3},{"damage":30,"enemies":"Gremlin Leader","floor":28,"turns":2}],"seed_played":"-8624399174189809230","potions_obtained":[{"floor":7,"key":"Block Potion"},{"floor":12,"key":"Weak Potion"},{"floor":13,"key":"SkillPotion"},{"floor":16,"key":"Fire Potion"},{"floor":20,"key":"Explosive Potion"},{"floor":25,"key":"EssenceOfSteel"}],"is_trial":false,"path_per_floor":["M","?","?","M","$","R","M","?","T","R","E","M","E","M","R","B",null,"M","$","M","M","M","R","E","M","T","R","E"],"character_chosen":"DEFECT","items_purchased":["Pocketwatch","Defragment","Leap"],"campfire_rested":2,"item_purchase_floors":[5,19,19],"current_hp_per_floor":[68,68,68,68,68,68,68,68,68,68,56,52,37,35,35,26,63,63,63,39,21,21,43,9,1,1,23,0],"gold":139,"neow_bonus":"THREE_ENEMY_KILL","is_prod":false,"is_daily":false,"chose_seed":false,"campfire_upgraded":3,"win_rate":0,"timestamp":1553480687,"path_taken":["M","?","?","?","$","R","M","?","T","R","E","M","E","M","R","BOSS","M","$","M","?","M","R","E","M","T","R","E"],"build_version":"2019-01-23","purchased_purges":1,"victory":false,"max_hp_per_floor":[75,75,75,75,75,75,75,75,75,75,75,75,75,75,75,75,75,75,75,75,75,75,75,75,75,75,75,75],"card_choices":[{"not_picked":["Gash","Turbo"],"picked":"Go for the Eyes","floor":1},{"not_picked":["Beam Cell","Rebound"],"picked":"Ball Lightning","floor":4},{"not_picked":["Coolheaded","Turbo"],"picked":"Sweeping Beam","floor":7},{"not_picked":["Lockon","Go for the Eyes"],"picked":"Auto Shields","floor":11},{"not_picked":["Stack","White Noise"],"picked":"Streamline","floor":12},{"not_picked":["Steam Power","Consume"],"picked":"Ball Lightning","floor":13},{"not_picked":["Scrape","Chill"],"picked":"Leap","floor":14},{"not_picked":["Core Surge","Machine Learning"],"picked":"Electrodynamics","floor":16},{"not_picked":["Rebound","Reprogram","Barrage"],"picked":"SKIP","floor":18},{"not_picked":["Undo","Storm"],"picked":"Hologram","floor":20},{"not_picked":["Streamline","Go for the Eyes"],"picked":"Cold Snap","floor":21},{"not_picked":["Turbo","Hello World","Fission"],"picked":"SKIP","floor":22},{"not_picked":["Cold Snap+1","Sweeping Beam","Barrage"],"picked":"SKIP","floor":24},{"not_picked":["Steam","Rebound+1"],"picked":"Stack","floor":25}],"player_experience":2003835,"relics_obtained":[{"floor":9,"key":"War Paint"},{"floor":11,"key":"Whetstone"},{"floor":13,"key":"Symbiotic Virus"},{"floor":24,"key":"Dead Branch"},{"floor":26,"key":"The Courier"}],"event_choices":[{"damage_healed":0,"gold_gain":175,"player_choice":"AGREE","damage_taken":0,"max_hp_gain":0,"max_hp_loss":0,"event_name":"Liars Game","floor":2,"gold_loss":0,"cards_obtained":["Doubt"]},{"cards_removed":["Doubt"],"damage_healed":0,"gold_gain":0,"player_choice":"Purged","damage_taken":0,"max_hp_gain":0,"max_hp_loss":0,"event_name":"Purifier","floor":3,"gold_loss":0},{"damage_healed":0,"gold_gain":0,"cards_transformed":["Strike_B"],"player_choice":"Transformed","damage_taken":0,"max_hp_gain":0,"max_hp_loss":0,"event_name":"Transmorgrifier","floor":8,"gold_loss":0,"cards_obtained":["Reboot"]}],"is_beta":false,"boss_relics":[{"not_picked":["Eternal Feather","Calling Bell"],"picked":"Pandora\u0027s Box"}],"items_purged_floors":[19],"is_endless":false,"potions_floor_spawned":[7,12,13,16,20,25],"killed_by":"Gremlin Leader","ascension_level":12}