{"gold_per_floor":[116,129,129,152,152,220,220,263,290,313,313,94,125,145,145,243,243,263,4,4,4,23,23,358,370,370,385,405,405,439,87,87,164,164,180,97,97,115,129,161,161,4,4,18,53,53,71,99,99,99,99],"floor_reached":51,"playtime":4491,"items_purged":["Strike_G","Strike_G"],"score":1615,"play_id":"a3810a90-2db0-4921-8bac-2aad046c5679","local_time":"20190613180619","is_ascension_mode":true,"campfire_choices":[{"floor":7.0,"key":"REST"},{"floor":11.0,"key":"REST"},{"data":"Skewer","floor":15.0,"key":"SMITH"},{"floor":23.0,"key":"REST"},{"data":"Flechettes","floor":29.0,"key":"SMITH"},{"data":"Footwork","floor":32.0,"key":"SMITH"},{"floor":41.0,"key":"REST"},{"floor":46.0,"key":"RECALL"},{"data":"Footwork","floor":49.0,"key":"SMITH"}],"neow_cost":"NONE","seed_source_timestamp":0,"circlet_count":0,"master_deck":["AscendersBane","Defend_G","Defend_G","Defend_G","Defend_G","Defend_G","Survivor","Neutralize","Skewer+1","Endless Agony","Quick Slash","Backflip","Noxious Fumes","Leg Sweep","Noxious Fumes","PiercingWail","Backflip","Malaise","Leg Sweep","Well Laid Plans","Deadly Poison","Well Laid Plans","Backflip","Flechettes+1","Footwork+1","After Image","Footwork+1","Deflect","Caltrops","Deadly Poison","Night Terror"],"special_seed":0,"relics":["Ring of the Snake","Boot","Bloody Idol","Tiny Chest","Happy Flower","Snake Skull","Anchor","Philosopher\u0027s Stone","PreservedInsect","Shovel","Old Coin","Bronze Scales","Regal Pillow","Omamori","Empty Cage","Vajra","Bag of Preparation","Bottled Flame","Turnip"],"potions_floor_usage":[51],"damage_taken":[{"damage":9.0,"enemies":"Cultist","floor":1.0,"turns":5.0},{"damage":4.0,"enemies":"Small Slimes","floor":2.0,"turns":5.0},{"damage":0.0,"enemies":"2 Louse","floor":4.0,"turns":3.0},{"damage":24.0,"enemies":"Gremlin Nob","floor":6.0,"turns":4.0},{"damage":15.0,"enemies":"3 Sentries","floor":8.0,"turns":10.0},{"damage":8.0,"enemies":"Blue Slaver","floor":10.0,"turns":3.0},{"damage":0.0,"enemies":"Lagavulin","floor":13.0,"turns":6.0},{"damage":1.0,"enemies":"Red Slaver","floor":14.0,"turns":4.0},{"damage":1.0,"enemies":"Hexaghost","floor":16.0,"turns":8.0},{"damage":16.0,"enemies":"3 Byrds","floor":18.0,"turns":7.0},{"damage":7.0,"enemies":"Spheric Guardian","floor":22.0,"turns":6.0},{"damage":7.0,"enemies":"Slavers","floor":24.0,"turns":7.0},{"damage":6.0,"enemies":"Snake Plant","floor":25.0,"turns":6.0},{"damage":2.0,"enemies":"Cultist and Chosen","floor":27.0,"turns":7.0},{"damage":14.0,"enemies":"Shelled Parasite and Fungi","floor":28.0,"turns":5.0},{"damage":0.0,"enemies":"Gremlin Leader","floor":30.0,"turns":4.0},{"damage":46.0,"enemies":"Champ","floor":33.0,"turns":14.0},{"damage":5.0,"enemies":"3 Darklings","floor":35.0,"turns":5.0},{"damage":2.0,"enemies":"3 Shapes","floor":38.0,"turns":6.0},{"damage":7.0,"enemies":"Spire Growth","floor":39.0,"turns":8.0},{"damage":26.0,"enemies":"Giant Head","floor":40.0,"turns":12.0},{"damage":10.0,"enemies":"Transient","floor":44.0,"turns":6.0},{"damage":25.0,"enemies":"Reptomancer","floor":45.0,"turns":8.0},{"damage":0.0,"enemies":"3 Darklings","floor":47.0,"turns":6.0},{"damage":1.0,"enemies":"Nemesis","floor":48.0,"turns":9.0},{"damage":14.0,"enemies":"Time Eater","floor":50.0,"turns":15.0},{"damage":37,"enemies":"Awakened One","floor":51,"turns":9}],"seed_played":"-3840058696903687963","potions_obtained":[{"floor":6.0,"key":"SkillPotion"},{"floor":8.0,"key":"Energy Potion"},{"floor":13.0,"key":"Energy Potion"},{"floor":24.0,"key":"AttackPotion"},{"floor":25.0,"key":"SteroidPotion"},{"floor":27.0,"key":"Explosive Potion"},{"floor":30.0,"key":"SteroidPotion"},{"floor":40.0,"key":"FearPotion"},{"floor":44.0,"key":"Fruit Juice"}],"is_trial":false,"path_per_floor":["M","M","?","M","?","E","R","E","T","M","R","$","E","M","R","B",null,"M","$","?","?","M","R","E","M","T","M","M","R","E","$","R","B",null,"M","$","$","M","M","E","R","$","T","M","E","R","M","E","R","B","B"],"character_chosen":"THE_SILENT","items_purchased":["Noxious Fumes","PiercingWail","Poison Potion","PreservedInsect","Well Laid Plans","Footwork","Omamori","Footwork","Bag of Preparation"],"campfire_rested":4,"item_purchase_floors":[12,12,12,19,19,31,31,36,42],"current_hp_per_floor":[50,46,46,46,39,15,33,18,18,10,28,28,28,27,27,26,52,36,36,36,36,34,52,55,54,54,57,48,48,53,53,53,12,48,48,48,48,51,49,28,60,60,60,55,40,40,45,49,49,35,0],"gold":99,"neow_bonus":"RANDOM_COMMON_RELIC","is_prod":false,"is_daily":false,"chose_seed":false,"campfire_upgraded":4,"win_rate":0,"timestamp":1560474379,"path_taken":["M","M","?","M","?","E","R","E","T","M","R","$","E","M","R","BOSS","M","$","?","?","M","R","E","M","T","M","M","R","E","$","R","BOSS","M","?","$","M","M","E","R","$","T","M","E","R","?","E","R","BOSS","BOSS"],"build_version":"2019-06-12","purchased_purges":2,"victory":false,"max_hp_per_floor":[66,66,60,60,60,60,60,60,60,60,60,60,60,60,60,60,60,60,60,60,60,60,60,60,60,60,60,60,60,60,60,60,60,60,60,60,60,60,60,60,60,60,60,60,65,65,65,65,65,65,65],"card_choices":[{"not_picked":["Quick Slash","Deadly Poison"],"picked":"Skewer","floor":1.0},{"not_picked":["Backflip","Blade Dance"],"picked":"Endless Agony","floor":2.0},{"not_picked":["Backflip","Infinite Blades"],"picked":"Quick Slash","floor":4.0},{"not_picked":["Flying Knee","Slice"],"picked":"Backflip","floor":6.0},{"not_picked":["Dash","Flying Knee"],"picked":"Noxious Fumes","floor":8.0},{"not_picked":["Catalyst","Concentrate"],"picked":"Leg Sweep","floor":10.0},{"not_picked":["Accuracy","Quick Slash","Setup"],"picked":"SKIP","floor":13.0},{"not_picked":["Prepared","Predator"],"picked":"Backflip","floor":14.0},{"not_picked":["Storm of Steel","Unload"],"picked":"Malaise","floor":16.0},{"not_picked":["All Out Attack","Deadly Poison"],"picked":"Leg Sweep","floor":18.0},{"not_picked":["Slice","Bane"],"picked":"Deadly Poison","floor":22.0},{"not_picked":["Expertise","Noxious Fumes"],"picked":"Well Laid Plans","floor":24.0},{"not_picked":["Cloak And Dagger","Deadly Poison"],"picked":"Backflip","floor":25.0},{"not_picked":["Poisoned Stab","Flying Knee","Dagger Throw"],"picked":"SKIP","floor":27.0},{"not_picked":["Backstab","Flying Knee"],"picked":"Flechettes","floor":28.0},{"not_picked":["Infinite Blades","Dodge and Roll","Cloak And Dagger"],"picked":"SKIP","floor":30.0},{"not_picked":["Glass Knife","Unload"],"picked":"After Image","floor":33.0},{"not_picked":["Dagger Throw","Bouncing Flask","Prepared"],"picked":"SKIP","floor":35.0},{"not_picked":["Deadly Poison","Underhanded Strike+1","Cloak And Dagger"],"picked":"SKIP","floor":38.0},{"not_picked":["Dagger Spray","Tactician","Heel Hook+1"],"picked":"SKIP","floor":39.0},{"not_picked":["Sucker Punch","Venomology"],"picked":"Deflect","floor":40.0},{"not_picked":["Quick Slash","Outmaneuver"],"picked":"Caltrops","floor":44.0},{"not_picked":["Flying Knee","Prepared","Masterful Stab"],"picked":"SKIP","floor":45.0},{"not_picked":["Distraction","Acrobatics"],"picked":"Deadly Poison","floor":47.0},{"not_picked":["Blade Dance","Calculated Gamble"],"picked":"Night Terror","floor":48.0}],"player_experience":1666082,"relics_obtained":[{"floor":6.0,"key":"Tiny Chest"},{"floor":8.0,"key":"Happy Flower"},{"floor":9.0,"key":"Snake Skull"},{"floor":13.0,"key":"Anchor"},{"floor":24.0,"key":"Old Coin"},{"floor":26.0,"key":"Bronze Scales"},{"floor":30.0,"key":"Regal Pillow"},{"floor":40.0,"key":"Vajra"},{"floor":45.0,"key":"Bottled Flame"},{"floor":48.0,"key":"Turnip"}],"event_choices":[{"damage_healed":0.0,"max_hp_gain":0.0,"max_hp_loss":6.0,"gold_gain":0.0,"event_name":"Golden Idol","player_choice":"Lose Max HP","floor":3.0,"gold_loss":0.0,"damage_taken":0.0,"relics_obtained":["Golden Idol"]},{"cards_removed":["Strike_G"],"damage_healed":0.0,"max_hp_gain":0.0,"max_hp_loss":0.0,"gold_gain":0.0,"event_name":"Golden Wing","player_choice":"Card Removal","floor":5.0,"gold_loss":0.0,"damage_taken":7.0},{"damage_healed":0.0,"max_hp_gain":0.0,"max_hp_loss":0.0,"gold_gain":0.0,"event_name":"Forgotten Altar","player_choice":"Gave Idol","floor":20.0,"relics_lost":["Golden Idol"],"gold_loss":0.0,"damage_taken":0.0,"relics_obtained":["Bloody Idol"]},{"damage_healed":0.0,"max_hp_gain":0.0,"max_hp_loss":0.0,"gold_gain":0.0,"event_name":"WeMeetAgain","player_choice":"Gave Potion","floor":21.0,"gold_loss":0.0,"damage_taken":0.0,"relics_obtained":["Shovel"]}],"is_beta":true,"boss_relics":[{"not_picked":["Black Star","Calling Bell"],"picked":"Philosopher\u0027s Stone"},{"not_picked":["Fusion Hammer","Snecko Eye"],"picked":"Empty Cage"}],"items_purged_floors":[12,31],"is_endless":false,"potions_floor_spawned":[6,8,13,14,24,25,27,28,30,39,40,44],"killed_by":"Awakened One","ascension_level":20}