{"gold_per_floor":[110,110,123,133,133,133,166,177,177,187,187,216,229,245,245,344,344,361,387,387,399,416,416,428,438,438,470,482,594,624,654,666,780,792,814,826,857,884,324,324],"floor_reached":40,"playtime":1406,"items_purged":[],"score":654,"play_id":"98d7d05b-d7c7-46c4-911e-2b22043e7d8e","local_time":"20190625193044","is_ascension_mode":true,"campfire_choices":[{"data":"Dagger Spray","floor":6,"key":"SMITH"},{"data":"Die Die Die","floor":11,"key":"SMITH"},{"data":"Terror","floor":15,"key":"SMITH"},{"floor":23,"key":"REST"},{"floor":28,"key":"REST"},{"floor":32,"key":"REST"}],"neow_cost":"NONE","seed_source_timestamp":16228476288286,"circlet_count":0,"master_deck":["AscendersBane","Defend_G","Defend_G","Defend_G","Defend_G","Defend_G","Strike_G","Strike_G","Strike_G","Strike_G","Survivor","Neutralize+1","Dagger Spray+1","Dash","Cloak And Dagger","Die Die Die+1","Deflect","Adrenaline","Quick Slash","Terror+1","Bouncing Flask","Corpse Explosion","Cloak And Dagger+1","Bouncing Flask+1","Leg Sweep","Deadly Poison+1","Backflip+1","Catalyst","Cloak And Dagger+1","Caltrops","Die Die Die","Madness","Madness","Crippling Poison","Backflip+1","Bouncing Flask"],"relics":["Ring of the Snake","Boot","Matryoshka","Blue Candle","Fusion Hammer","Orichalcum","Oddly Smooth Stone","MutagenicStrength","MawBank","Ornamental Fan","FossilizedHelix","Mummified Hand","Busted Crown","Anchor","DollysMirror","Blood Vial"],"potions_floor_usage":[12,16,29,29,33,33,40,40],"damage_taken":[{"damage":6,"enemies":"2 Louse","floor":1,"turns":3},{"damage":0,"enemies":"Cultist","floor":3,"turns":4},{"damage":0,"enemies":"Small Slimes","floor":4,"turns":4},{"damage":21,"enemies":"Gremlin Nob","floor":7,"turns":5},{"damage":1,"enemies":"Red Slaver","floor":8,"turns":3},{"damage":3,"enemies":"Large Slime","floor":10,"turns":5},{"damage":4,"enemies":"3 Sentries","floor":12,"turns":3},{"damage":2,"enemies":"3 Louse","floor":13,"turns":2},{"damage":0,"enemies":"Looter","floor":14,"turns":2},{"damage":21,"enemies":"Hexaghost","floor":16,"turns":10},{"damage":2,"enemies":"Shell Parasite","floor":18,"turns":4},{"damage":0,"enemies":"Chosen","floor":21,"turns":4},{"damage":1,"enemies":"Snecko","floor":22,"turns":5},{"damage":5,"enemies":"Snake Plant","floor":24,"turns":3},{"damage":5,"enemies":"Centurion and Healer","floor":25,"turns":3},{"damage":5,"enemies":"Snecko","floor":27,"turns":5},{"damage":0,"enemies":"Colosseum Slavers","floor":29,"turns":2},{"damage":19,"enemies":"Colosseum Nobs","floor":29,"turns":4},{"damage":8,"enemies":"Snake Plant","floor":30,"turns":3},{"damage":10,"enemies":"Centurion and Healer","floor":31,"turns":3},{"damage":32,"enemies":"Collector","floor":33,"turns":6},{"damage":0,"enemies":"3 Darklings","floor":35,"turns":2},{"damage":0,"enemies":"Orb Walker","floor":37,"turns":4},{"damage":0,"enemies":"Writhing Mass","floor":38,"turns":6},{"damage":57,"enemies":"Reptomancer","floor":40,"turns":5}],"seed_played":"1584438977944063497","potions_obtained":[{"floor":3,"key":"GhostInAJar"},{"floor":10,"key":"SteroidPotion"},{"floor":12,"key":"FearPotion"},{"floor":16,"key":"Block Potion"},{"floor":18,"key":"Dexterity Potion"},{"floor":29,"key":"Fire Potion"},{"floor":30,"key":"SpeedPotion"},{"floor":31,"key":"Explosive Potion"},{"floor":33,"key":"GamblersBrew"},{"floor":38,"key":"Fire Potion"}],"is_trial":false,"path_per_floor":["M","?","M","M","?","R","E","M","T","M","R","E","M","M","R","B",null,"M","T","?","M","M","R","M","M","T","M","R","?","M","M","R","B",null,"M","?","M","M","$","E"],"character_chosen":"THE_SILENT","items_purchased":["Anchor","DollysMirror","Blood Vial","Bouncing Flask"],"campfire_rested":3,"item_purchase_floors":[39,39,39,39],"current_hp_per_floor":[57,57,57,57,57,57,36,35,35,32,32,28,26,26,26,5,54,52,52,52,52,51,70,65,60,60,55,70,51,43,33,54,22,58,58,49,49,49,49,0],"gold":324,"neow_bonus":"UPGRADE_CARD","is_prod":false,"is_daily":false,"chose_seed":false,"campfire_upgraded":3,"win_rate":0,"timestamp":1561462244,"path_taken":["M","?","M","?","?","R","E","M","T","M","R","E","M","M","R","BOSS","M","?","?","M","M","R","M","M","T","M","R","?","M","M","R","BOSS","M","?","M","M","$","E"],"build_version":"2019-01-23","purchased_purges":0,"victory":false,"max_hp_per_floor":[70,70,70,70,70,70,70,70,70,70,70,70,70,70,70,70,70,70,70,70,70,70,70,70,70,70,70,70,70,70,70,70,70,70,70,70,70,70,70,70],"card_choices":[{"not_picked":["Bane","Cloak And Dagger"],"picked":"Dagger Spray","floor":1},{"not_picked":["Endless Agony","Footwork"],"picked":"Dash","floor":3},{"not_picked":["Distraction","Backflip"],"picked":"Cloak And Dagger","floor":4},{"not_picked":["Crippling Poison","Sucker Punch"],"picked":"Deflect","floor":7},{"not_picked":["Backflip","Slice"],"picked":"Adrenaline","floor":8},{"not_picked":["Prepared","Setup","Acrobatics"],"picked":"SKIP","floor":10},{"not_picked":["Caltrops","Prepared"],"picked":"Quick Slash","floor":12},{"not_picked":["Well Laid Plans","Slice"],"picked":"Terror","floor":13},{"not_picked":["Underhanded Strike","Night Terror"],"picked":"Bouncing Flask","floor":14},{"not_picked":["A Thousand Cuts","Wraith Form v2"],"picked":"Corpse Explosion","floor":16},{"not_picked":["Poisoned Stab","Quick Slash+1"],"picked":"Cloak And Dagger+1","floor":18},{"not_picked":["Heel Hook","Dagger Throw"],"picked":"Bouncing Flask+1","floor":21},{"not_picked":["Outmaneuver+1","Blade Dance"],"picked":"Leg Sweep","floor":22},{"not_picked":["Infinite Blades","Flying Knee"],"picked":"Deadly Poison+1","floor":24},{"not_picked":["Quick Slash","Slice+1"],"picked":"Backflip+1","floor":25},{"not_picked":["Grand Finale","Quick Slash","Masterful Stab"],"picked":"SKIP","floor":27},{"not_picked":["Sucker Punch","Concentrate"],"picked":"Catalyst","floor":29},{"not_picked":["Noxious Fumes","Sucker Punch"],"picked":"Cloak And Dagger+1","floor":30},{"not_picked":["Setup","Deflect+1"],"picked":"Caltrops","floor":31},{"not_picked":["Phantasmal Killer","A Thousand Cuts"],"picked":"Die Die Die","floor":33},{"not_picked":["Cloak And Dagger"],"picked":"SKIP","floor":35},{"not_picked":["Dagger Throw"],"picked":"SKIP","floor":37},{"not_picked":[],"picked":"Crippling Poison","floor":38}],"player_experience":559155,"relics_obtained":[{"floor":7,"key":"Boot"},{"floor":9,"key":"Matryoshka"},{"floor":12,"key":"Blue Candle"},{"floor":19,"key":"Orichalcum"},{"floor":19,"key":"Oddly Smooth Stone"},{"floor":26,"key":"MawBank"},{"floor":26,"key":"Ornamental Fan"},{"floor":29,"key":"FossilizedHelix"},{"floor":29,"key":"Mummified Hand"}],"event_choices":[{"damage_healed":0,"gold_gain":0,"player_choice":"0 cards matched","damage_taken":0,"max_hp_gain":0,"max_hp_loss":0,"event_name":"Match and Keep!","floor":2,"gold_loss":0,"cards_obtained":[]},{"damage_healed":0,"gold_gain":0,"cards_transformed":["Strike_G"],"player_choice":"Transformed","damage_taken":0,"max_hp_gain":0,"max_hp_loss":0,"event_name":"Transmorgrifier","floor":5,"gold_loss":0,"cards_obtained":["Die Die Die"]},{"damage_healed":0,"gold_gain":0,"player_choice":"Inject Mutagens","damage_taken":0,"relics_obtained":["MutagenicStrength"],"max_hp_gain":0,"max_hp_loss":0,"event_name":"Drug Dealer","floor":20,"gold_loss":0},{"damage_healed":0,"gold_gain":0,"player_choice":"Fight","damage_taken":0,"max_hp_gain":0,"max_hp_loss":0,"event_name":"Colosseum","floor":29,"gold_loss":0},{"damage_healed":0,"gold_gain":0,"player_choice":"Fought Nobs","damage_taken":0,"max_hp_gain":0,"max_hp_loss":0,"event_name":"Colosseum","floor":29,"gold_loss":0},{"damage_healed":0,"gold_gain":0,"player_choice":"Embrace Madness","damage_taken":9,"max_hp_gain":0,"max_hp_loss":0,"event_name":"Winding Halls","floor":36,"gold_loss":0,"cards_obtained":["Madness","Madness"]}],"is_beta":false,"boss_relics":[{"not_picked":["Pandora\u0027s Box","Orrery"],"picked":"Fusion Hammer"},{"not_picked":["Empty Cage","Tiny House"],"picked":"Busted Crown"}],"items_purged_floors":[],"is_endless":false,"potions_floor_spawned":[3,10,12,14,16,18,25,29,30,31,33,38],"killed_by":"Reptomancer","ascension_level":11}