{"gold_per_floor":[110,110,127,142,162,162,192,192,192,192,208,208,86,116,116,215,215,230,130,145,161,85,85,85,85,111,121,121,132,132,148,148,246,296,316,332,1331,1331,438,438,438,453,478,478,492,49,60,74,74,74],"floor_reached":51,"playtime":2582,"items_purged":["Strike_B","Defend_B","Normality","Reprogram"],"score":674,"play_id":"d11a2c28-c4f7-447d-aeed-cb7414f900aa","local_time":"20190604002203","is_ascension_mode":false,"campfire_choices":[{"data":"1","floor":6.0,"key":"LIFT"},{"data":"2","floor":8.0,"key":"LIFT"},{"data":"3","floor":10.0,"key":"LIFT"},{"data":"Strike_B","floor":15.0,"key":"PURGE"},{"data":"Strike_B","floor":23.0,"key":"PURGE"},{"data":"Defend_B","floor":25.0,"key":"PURGE"},{"data":"Zap","floor":30.0,"key":"SMITH"},{"data":"Zap","floor":32,"key":"SMITH"},{"data":"Normality","floor":40,"key":"PURGE"},{"data":"Dualcast","floor":44,"key":"SMITH"},{"data":"Good Instincts","floor":49,"key":"SMITH"}],"neow_cost":"NONE","seed_source_timestamp":4454587945105,"circlet_count":0,"master_deck":["Defend_B+1","Zap+1","Dualcast+1","Compile Driver","Conserve Battery","Sweeping Beam","Rip and Tear","Hologram","FTL","Beam Cell","Hello World","Machine Learning","Cold Snap","Melter","Steam","Seek","Sweeping Beam","Go for the Eyes","Zap+1","Reinforced Body","Steam+1","FTL+1","Meteor Strike","Hologram","Compile Driver+1","Skim+1","Good Instincts+1","Mayhem","Discovery+1","Entrench+1","All For One","Quick Slash","Dramatic Entrance"],"special_seed":0,"relics":["Cracked Core","Anchor","Girya","Odd Mushroom","Peace Pipe","Dead Branch","Sozu","Pen Nib","Tiny House","Bag of Marbles","Strawberry","PrismaticShard","Pocketwatch","Bag of Preparation","Vajra"],"potions_floor_usage":[50,50,50],"damage_taken":[{"damage":0.0,"enemies":"Cultist","floor":1.0,"turns":3.0},{"damage":0.0,"enemies":"Small Slimes","floor":3.0,"turns":4.0},{"damage":0.0,"enemies":"2 Louse","floor":4.0,"turns":2.0},{"damage":0.0,"enemies":"Red Slaver","floor":5.0,"turns":4.0},{"damage":13.0,"enemies":"The Mushroom Lair","floor":7.0,"turns":3.0},{"damage":0.0,"enemies":"3 Louse","floor":11.0,"turns":2.0},{"damage":8.0,"enemies":"3 Sentries","floor":14.0,"turns":5.0},{"damage":17.0,"enemies":"Slime Boss","floor":16.0,"turns":6.0},{"damage":5.0,"enemies":"3 Byrds","floor":18.0,"turns":4.0},{"damage":0.0,"enemies":"Chosen","floor":20.0,"turns":3.0},{"damage":25.0,"enemies":"Snake Plant","floor":21.0,"turns":4.0},{"damage":7.0,"enemies":"Snecko","floor":27.0,"turns":4.0},{"damage":0.0,"enemies":"Shelled Parasite and Fungi","floor":29.0,"turns":3.0},{"damage":0.0,"enemies":"Snake Plant","floor":31.0,"turns":4.0},{"damage":32,"enemies":"Automaton","floor":33,"turns":7},{"damage":19,"enemies":"3 Darklings","floor":35,"turns":3},{"damage":2,"enemies":"Orb Walker","floor":36,"turns":3},{"damage":1,"enemies":"Maw","floor":42,"turns":6},{"damage":0,"enemies":"Sphere and 2 Shapes","floor":45,"turns":2},{"damage":3,"enemies":"Transient","floor":47,"turns":5},{"damage":0,"enemies":"Writhing Mass","floor":48,"turns":4},{"damage":22,"enemies":"Donu and Deca","floor":50,"turns":7}],"seed_played":"4369697590105439016","potions_obtained":[{"floor":1.0,"key":"SkillPotion"},{"floor":11.0,"key":"PowerPotion"},{"floor":14.0,"key":"FocusPotion"},{"floor":16.0,"key":"Dexterity Potion"}],"is_trial":false,"path_per_floor":["M","?","M","M","M","R","?","R","T","R","M","?","$","E","R","B",null,"M","$","M","M","$","R","?","R","T","M","?","M","R","M","R","B",null,"M","M","?","?","$","R","T","M","T","R","M","$","M","M","R","B",null],"character_chosen":"DEFECT","items_purchased":["Beam Cell","Self Repair","Bag of Marbles","Strawberry","PrismaticShard","Good Instincts","Mayhem","Vajra","All For One"],"campfire_rested":0,"item_purchase_floors":[13,22,39,39,39,39,39,46,46],"current_hp_per_floor":[75,75,75,75,75,75,62,62,62,62,62,62,62,54,54,37,75,70,70,70,45,45,45,45,45,45,45,45,45,45,52,52,27,80,68,73,73,73,80,80,80,79,79,79,79,79,76,76,76,54],"gold":74,"neow_bonus":"RANDOM_COMMON_RELIC","is_prod":false,"is_daily":false,"chose_seed":false,"campfire_upgraded":4,"win_rate":0,"timestamp":1559629323,"path_taken":["M","?","?","M","M","R","?","R","T","R","M","?","$","E","R","BOSS","M","$","M","M","?","R","?","R","T","M","?","?","R","M","R","BOSS","M","M","?","?","$","R","?","M","T","R","M","$","M","M","R","BOSS"],"build_version":"2019-01-23","purchased_purges":4,"victory":true,"max_hp_per_floor":[75,75,75,75,75,75,75,75,75,75,75,75,75,75,75,75,75,75,75,75,75,75,75,75,75,75,75,75,75,75,75,75,75,80,80,80,80,80,87,87,87,87,87,87,87,87,87,87,87,87],"card_choices":[{"not_picked":["Genetic Algorithm","Sweeping Beam"],"picked":"Compile Driver","floor":1.0},{"not_picked":["Genetic Algorithm","Sweeping Beam"],"picked":"Conserve Battery","floor":3.0},{"not_picked":["Hologram","Fusion"],"picked":"Sweeping Beam","floor":4.0},{"not_picked":["Scrape","Fusion"],"picked":"Rip and Tear","floor":5.0},{"not_picked":["Streamline","Storm"],"picked":"Hologram","floor":7.0},{"not_picked":["Core Surge","Steam"],"picked":"FTL","floor":11.0},{"not_picked":["Coolheaded","Skim"],"picked":"Hello World","floor":14.0},{"not_picked":["Fission","Multi-Cast"],"picked":"Machine Learning","floor":16.0},{"not_picked":["Scrape+1","Heatsinks"],"picked":"Cold Snap","floor":18.0},{"not_picked":["Hologram","Turbo"],"picked":"Melter","floor":20.0},{"not_picked":["Compile Driver","Echo Form"],"picked":"Steam","floor":21.0},{"not_picked":["Coolheaded","Darkness"],"picked":"Sweeping Beam","floor":27.0},{"not_picked":["Hello World","Loop"],"picked":"Steam+1","floor":29.0},{"not_picked":["Double Energy","Sweeping Beam"],"picked":"FTL+1","floor":31.0},{"not_picked":["Seek","Buffer"],"picked":"Meteor Strike","floor":33},{"not_picked":["Self Repair","Leap"],"picked":"Hologram","floor":34},{"not_picked":["Undo","Coolheaded"],"picked":"Compile Driver+1","floor":35},{"not_picked":["Turbo","Steam+1"],"picked":"Skim+1","floor":36},{"not_picked":["Dropkick+1","Poisoned Stab+1"],"picked":"Discovery+1","floor":42},{"not_picked":["True Grit","Setup"],"picked":"Entrench+1","floor":45},{"not_picked":["Dodge and Roll","Perfected Strike+1"],"picked":"Quick Slash","floor":47},{"not_picked":["Cold Snap","Fission"],"picked":"Dramatic Entrance","floor":48}],"player_experience":1478587,"relics_obtained":[{"floor":7.0,"key":"Odd Mushroom"},{"floor":9.0,"key":"Peace Pipe"},{"floor":14.0,"key":"Dead Branch"},{"floor":26.0,"key":"Pen Nib"},{"floor":41,"key":"Pocketwatch"},{"floor":43,"key":"Bag of Preparation"}],"event_choices":[{"damage_healed":0.0,"max_hp_gain":0.0,"max_hp_loss":0.0,"gold_gain":0.0,"event_name":"WeMeetAgain","player_choice":"Gave Potion","floor":2.0,"gold_loss":0.0,"damage_taken":0.0,"relics_obtained":["Girya"]},{"damage_healed":0.0,"max_hp_gain":0.0,"max_hp_loss":0.0,"gold_gain":0.0,"event_name":"Mushrooms","player_choice":"Fought Mushrooms","floor":7.0,"gold_loss":0.0,"damage_taken":0.0},{"damage_healed":0.0,"max_hp_gain":0.0,"max_hp_loss":0.0,"gold_gain":0.0,"event_name":"The Woman in Blue","player_choice":"Bought 0 Potions","floor":12.0,"gold_loss":0.0,"damage_taken":0.0},{"damage_healed":0.0,"max_hp_gain":0.0,"max_hp_loss":0.0,"gold_gain":0.0,"cards_transformed":["Defend_B","Strike_B"],"event_name":"Drug Dealer","player_choice":"Became Test Subject","floor":24.0,"gold_loss":0.0,"damage_taken":0.0,"cards_obtained":["Seek","Reprogram"]},{"damage_healed":0.0,"max_hp_gain":0.0,"max_hp_loss":0.0,"gold_gain":0.0,"event_name":"Match and Keep!","player_choice":"3 cards matched","floor":28.0,"gold_loss":0.0,"damage_taken":0.0,"cards_obtained":["Go for the Eyes","Zap","Reinforced Body"]},{"damage_healed":0,"gold_gain":999,"player_choice":"Gold","damage_taken":0,"max_hp_gain":0,"max_hp_loss":0,"event_name":"MindBloom","floor":37,"gold_loss":0,"cards_obtained":["Normality","Normality"]},{"cards_removed":["Self Repair"],"damage_healed":0,"gold_gain":0,"player_choice":"Removed Power","damage_taken":0,"max_hp_gain":0,"max_hp_loss":0,"event_name":"Falling","floor":38,"gold_loss":0}],"is_beta":false,"boss_relics":[{"not_picked":["Astrolabe","FrozenCore"],"picked":"Sozu"},{"not_picked":["Velvet Choker","Lizard Tail"],"picked":"Tiny House"}],"items_purged_floors":[13,19,39,46],"is_endless":false,"potions_floor_spawned":[1,11,14,16,18,21,29,36,48],"ascension_level":0}