{"gold_per_floor":[110,110,120,133,143,143,156,172,172,133,133,133,157,332,332,460,460,473,473,572,595,595,595,27,51,122,166,166,204,30,30,30,160,160,178,199,199,199,222,222,222,58,58,333,348,72,72,86,86,86],"floor_reached":51,"playtime":1301,"items_purged":["Strike_B"],"score":900,"play_id":"a19710e4-3595-463a-907b-3cf949dadda3","local_time":"20190625130030","is_ascension_mode":false,"campfire_choices":[{"data":"Defragment","floor":6,"key":"SMITH"},{"data":"Hologram","floor":15,"key":"SMITH"},{"floor":28,"key":"REST"},{"floor":32,"key":"REST"},{"data":"Dualcast","floor":40,"key":"SMITH"},{"data":"Zap","floor":49,"key":"SMITH"}],"neow_cost":"CURSE","seed_source_timestamp":24814883215308,"circlet_count":0,"master_deck":["Defend_B","Defend_B","Defend_B","Zap+1","Dualcast+1","Parasite","Cold Snap","Reprogram","Defragment+1","Rebound","Beam Cell","Beam Cell","Hologram+1","Storm+1","Injury","Regret","Compile Driver","Doubt","Machine Learning+1","Tempest","Hello World+1","Shame","Creative AI+1","Double Energy","Storm+1","Skim","Barrage+1","Buffer+1","Heatsinks+1","Compile Driver+1","Dramatic Entrance+1","Thunder Strike+1","Compile Driver+1","Writhe","Go for the Eyes+1","Doubt","Cold Snap+1","Sunder+1","Regret","Barrage+1","Barrage+1","Compile Driver+1","Heatsinks+1"],"relics":["Cracked Core","Du-Vu Doll","Frozen Egg 2","Golden Idol","FossilizedHelix","Nuclear Battery","Nilry\u0027s Codex","Molten Egg 2","Ginger","ClockworkSouvenir","Mummified Hand","Singing Bowl","Kunai","Ancient Tea Set","Runic Dome","Pantograph","DataDisk"],"potions_floor_usage":[5,16,16,33,39,50,50],"damage_taken":[{"damage":11,"enemies":"Jaw Worm","floor":1,"turns":3},{"damage":1,"enemies":"Cultist","floor":3,"turns":4},{"damage":5,"enemies":"Small Slimes","floor":4,"turns":3},{"damage":0,"enemies":"3 Louse","floor":5,"turns":1},{"damage":12,"enemies":"Large Slime","floor":7,"turns":5},{"damage":5,"enemies":"2 Fungi Beasts","floor":8,"turns":2},{"damage":0,"enemies":"Looter","floor":13,"turns":2},{"damage":29,"enemies":"Hexaghost","floor":16,"turns":6},{"damage":0,"enemies":"Spheric Guardian","floor":18,"turns":2},{"damage":10,"enemies":"2 Thieves","floor":21,"turns":2},{"damage":0,"enemies":"Snake Plant","floor":25,"turns":2},{"damage":28,"enemies":"Book of Stabbing","floor":27,"turns":4},{"damage":0,"enemies":"Gremlin Leader","floor":29,"turns":5},{"damage":13,"enemies":"Champ","floor":33,"turns":8},{"damage":0,"enemies":"Orb Walker","floor":35,"turns":2},{"damage":15,"enemies":"3 Darklings","floor":36,"turns":2},{"damage":0,"enemies":"Jaw Worm Horde","floor":39,"turns":2},{"damage":5,"enemies":"Transient","floor":45,"turns":5},{"damage":18,"enemies":"4 Shapes","floor":48,"turns":3},{"damage":32,"enemies":"Donu and Deca","floor":50,"turns":3}],"seed_played":"6373219015074873769","potions_obtained":[{"floor":4,"key":"Explosive Potion"},{"floor":7,"key":"FearPotion"},{"floor":8,"key":"Regen Potion"},{"floor":21,"key":"SpeedPotion"},{"floor":25,"key":"Ancient Potion"},{"floor":27,"key":"Fire Potion"},{"floor":33,"key":"Weak Potion"},{"floor":45,"key":"Energy Potion"},{"floor":47,"key":"FairyPotion"},{"floor":47,"key":"Swift Potion"}],"is_trial":false,"path_per_floor":["M","?","M","M","M","R","M","M","T","$","?","?","M","?","R","B",null,"M","?","?","M","?","?","$","M","T","E","R","E","$","T","R","B",null,"M","M","?","?","M","R","?","$","T","?","M","$","?","M","R","B",null],"character_chosen":"DEFECT","items_purchased":["Storm+1","Storm+1","Ginger","ClockworkSouvenir","Heatsinks+1","Compile Driver+1","Dramatic Entrance+1","Cold Snap+1","Sunder+1","Strength Potion","DataDisk","Barrage+1","Compile Driver+1"],"campfire_rested":2,"item_purchase_floors":[10,24,24,24,30,30,30,42,42,46,46,46,46],"current_hp_per_floor":[64,64,63,58,58,58,46,41,41,41,41,41,41,41,41,21,75,75,59,59,49,49,49,49,49,49,21,43,43,43,43,65,52,75,77,62,77,77,77,77,77,77,77,77,72,72,72,54,54,45],"gold":86,"neow_bonus":"ONE_RARE_RELIC","is_prod":false,"is_daily":false,"chose_seed":false,"campfire_upgraded":4,"win_rate":0,"timestamp":1561489230,"path_taken":["M","?","M","M","?","R","M","M","T","$","?","?","M","?","R","BOSS","M","?","?","M","?","?","$","M","T","E","R","E","$","?","R","BOSS","M","M","?","?","M","R","?","$","T","?","?","?","?","?","R","BOSS"],"build_version":"2019-01-23","purchased_purges":1,"victory":true,"max_hp_per_floor":[75,75,75,75,75,75,75,75,75,75,75,75,75,75,75,75,75,75,75,75,75,75,75,75,75,75,75,75,75,75,75,75,75,75,77,77,77,77,77,77,77,77,77,77,77,77,77,77,77,77],"card_choices":[{"not_picked":["Reprogram","Hologram"],"picked":"Cold Snap","floor":1},{"not_picked":["Compile Driver","Go for the Eyes"],"picked":"Defragment","floor":3},{"not_picked":["Machine Learning","Cold Snap"],"picked":"Rebound","floor":4},{"not_picked":["Coolheaded","BootSequence"],"picked":"Beam Cell","floor":5},{"not_picked":["Lockon","Gash"],"picked":"Beam Cell","floor":7},{"not_picked":["Leap","Darkness"],"picked":"Hologram","floor":8},{"not_picked":["Gash","Sweeping Beam"],"picked":"Compile Driver","floor":13},{"not_picked":["Amplify","Rainbow"],"picked":"Machine Learning+1","floor":16},{"not_picked":["Hologram","White Noise"],"picked":"Tempest","floor":18},{"not_picked":["Capacitor+1","Redo"],"picked":"Hello World+1","floor":21},{"not_picked":["Conserve Battery","Loop+1"],"picked":"Skim","floor":25},{"not_picked":["Turbo","White Noise"],"picked":"Barrage+1","floor":27},{"not_picked":["Go for the Eyes+1","Tempest"],"picked":"Buffer+1","floor":29},{"not_picked":["Hyperbeam+1","Fission"],"picked":"Thunder Strike+1","floor":33},{"not_picked":["Darkness+1","Hologram","Turbo"],"picked":"Singing Bowl","floor":35},{"not_picked":["Gash+1","Go for the Eyes+1"],"picked":"Compile Driver+1","floor":36},{"not_picked":["Glacier","Beam Cell+1"],"picked":"Go for the Eyes+1","floor":39},{"not_picked":["Aggregate+1","Rebound+1"],"picked":"Barrage+1","floor":45},{"not_picked":["Redo","Beam Cell+1"],"picked":"Heatsinks+1","floor":48}],"player_experience":1501735,"relics_obtained":[{"floor":9,"key":"Frozen Egg 2"},{"floor":19,"key":"Nilry\u0027s Codex"},{"floor":26,"key":"Mummified Hand"},{"floor":27,"key":"Singing Bowl"},{"floor":29,"key":"Kunai"},{"floor":31,"key":"Ancient Tea Set"},{"floor":43,"key":"Pantograph"}],"event_choices":[{"damage_healed":0,"gold_gain":0,"cards_transformed":["Strike_B"],"player_choice":"Transformed","damage_taken":0,"max_hp_gain":0,"max_hp_loss":0,"event_name":"Transmorgrifier","floor":2,"gold_loss":0,"cards_obtained":["Reprogram"]},{"damage_healed":0,"gold_gain":0,"player_choice":"Take Wound","damage_taken":0,"relics_obtained":["Golden Idol"],"max_hp_gain":0,"max_hp_loss":0,"event_name":"Golden Idol","floor":11,"gold_loss":0,"cards_obtained":["Injury"]},{"damage_healed":0,"gold_gain":0,"player_choice":"Box","damage_taken":0,"relics_obtained":["FossilizedHelix"],"max_hp_gain":0,"max_hp_loss":0,"event_name":"Big Fish","floor":12,"gold_loss":0,"cards_obtained":["Regret"]},{"damage_healed":0,"gold_gain":175,"player_choice":"AGREE","damage_taken":0,"max_hp_gain":0,"max_hp_loss":0,"event_name":"Liars Game","floor":14,"gold_loss":0,"cards_obtained":["Doubt"]},{"damage_healed":0,"gold_gain":0,"player_choice":"Obtained Book","damage_taken":16,"max_hp_gain":0,"max_hp_loss":0,"event_name":"Cursed Tome","floor":19,"gold_loss":0},{"damage_healed":0,"gold_gain":99,"player_choice":"Stole From Cult","damage_taken":0,"max_hp_gain":0,"max_hp_loss":0,"event_name":"Nest","floor":20,"gold_loss":0},{"damage_healed":0,"gold_gain":0,"player_choice":"Stole Relic","damage_taken":0,"relics_obtained":["Molten Egg 2"],"max_hp_gain":0,"max_hp_loss":0,"event_name":"Addict","floor":22,"gold_loss":0,"cards_obtained":["Shame"]},{"damage_healed":0,"gold_gain":0,"cards_transformed":["Strike_B","Strike_B"],"player_choice":"Became Test Subject","damage_taken":0,"max_hp_gain":0,"max_hp_loss":0,"event_name":"Drug Dealer","floor":23,"gold_loss":0,"cards_obtained":["Creative AI","Double Energy"]},{"damage_healed":19,"gold_gain":0,"player_choice":"Writhe","damage_taken":0,"max_hp_gain":0,"max_hp_loss":0,"event_name":"Winding Halls","floor":37,"gold_loss":0,"cards_obtained":["Writhe"]},{"cards_removed":["Defend_B"],"damage_healed":0,"gold_gain":0,"player_choice":"Removed Skill","damage_taken":0,"max_hp_gain":0,"max_hp_loss":0,"event_name":"Falling","floor":38,"gold_loss":0},{"damage_healed":0,"gold_gain":0,"player_choice":"Heal","damage_taken":0,"max_hp_gain":0,"max_hp_loss":0,"event_name":"MindBloom","floor":41,"gold_loss":0,"cards_obtained":["Doubt"]},{"damage_healed":0,"gold_gain":275,"player_choice":"Desecrate","damage_taken":0,"max_hp_gain":0,"max_hp_loss":0,"event_name":"Golden Shrine","floor":44,"gold_loss":0,"cards_obtained":["Regret"]},{"damage_healed":0,"gold_gain":0,"player_choice":"Got Potions","damage_taken":0,"max_hp_gain":0,"max_hp_loss":0,"event_name":"Lab","floor":47,"gold_loss":0}],"is_beta":false,"boss_relics":[{"not_picked":["Eternal Feather","FrozenCore"],"picked":"Nuclear Battery"},{"not_picked":["White Beast Statue","Tiny House"],"picked":"Runic Dome"}],"items_purged_floors":[42],"is_endless":false,"potions_floor_spawned":[4,7,8,21,25,27,33,36,45],"ascension_level":0}