{"gold_per_floor":[114,127,137,149,15,45,45,65,65,65,81,93,104,136,136,136],"floor_reached":16,"playtime":1115,"items_purged":[],"score":220,"play_id":"385486d5-9b49-4ea1-b64e-2152afc002c2","local_time":"20190616102011","is_ascension_mode":true,"campfire_choices":[{"floor":7,"key":"REST"},{"data":"Anger","floor":10,"key":"SMITH"},{"floor":15,"key":"REST"}],"neow_cost":"PERCENT_DAMAGE","seed_source_timestamp":87506838584184,"circlet_count":0,"master_deck":["AscendersBane","Strike_R","Strike_R","Strike_R","Strike_R","Strike_R","Defend_R","Defend_R","Defend_R","Defend_R","Bash","Offering","Shrug It Off","Corruption","Shrug It Off","Sentinel","Anger+1","Bandage Up","Seeing Red","True Grit","Headbutt","Armaments","Battle Trance","Clothesline"],"relics":["Burning Blood","Thread and Needle","Du-Vu Doll","Paper Frog"],"potions_floor_usage":[6,14,16],"damage_taken":[{"damage":2,"enemies":"2 Louse","floor":1,"turns":4},{"damage":8,"enemies":"Jaw Worm","floor":2,"turns":4},{"damage":1,"enemies":"Cultist","floor":3,"turns":4},{"damage":16,"enemies":"3 Louse","floor":4,"turns":5},{"damage":33,"enemies":"Lagavulin","floor":6,"turns":8},{"damage":15,"enemies":"Large Slime","floor":8,"turns":8},{"damage":20,"enemies":"Gremlin Gang","floor":11,"turns":7},{"damage":16,"enemies":"Exordium Thugs","floor":12,"turns":6},{"damage":6,"enemies":"3 Louse","floor":13,"turns":4},{"damage":12,"enemies":"3 Sentries","floor":14,"turns":8},{"damage":60,"enemies":"Slime Boss","floor":16,"turns":9}],"seed_played":"2653892143811212241","potions_obtained":[{"floor":2,"key":"Poison Potion"},{"floor":8,"key":"Ancient Potion"},{"floor":12,"key":"Dexterity Potion"},{"floor":13,"key":"SteroidPotion"}],"is_trial":false,"path_per_floor":["M","M","M","M","$","E","R","M","T","R","M","M","M","E","R","B"],"character_chosen":"IRONCLAD","items_purchased":["Anger","Bandage Up"],"campfire_rested":2,"item_purchase_floors":[5,5],"current_hp_per_floor":[54,52,57,47,47,24,46,41,41,41,31,25,29,27,49,0],"gold":136,"neow_bonus":"THREE_RARE_CARDS","is_prod":false,"is_daily":false,"chose_seed":false,"campfire_upgraded":1,"win_rate":0,"timestamp":1560705611,"path_taken":["M","M","M","M","$","E","R","M","T","R","M","M","M","E","R","BOSS"],"build_version":"2019-01-23","purchased_purges":0,"victory":false,"max_hp_per_floor":[75,75,75,75,75,75,75,75,75,75,75,75,75,75,75,75],"card_choices":[{"not_picked":["Limit Break","Dark Embrace"],"picked":"Offering","floor":0},{"not_picked":["Perfected Strike","Evolve"],"picked":"Shrug It Off","floor":1},{"not_picked":["Thunderclap","Headbutt"],"picked":"Corruption","floor":2},{"not_picked":["Flex","Body Slam"],"picked":"Shrug It Off","floor":3},{"not_picked":["Armaments","Body Slam"],"picked":"Sentinel","floor":4},{"not_picked":["Cleave","Perfected Strike"],"picked":"Seeing Red","floor":6},{"not_picked":["Clash","Anger"],"picked":"True Grit","floor":8},{"not_picked":["Heavy Blade","Evolve"],"picked":"Headbutt","floor":11},{"not_picked":["Clash","Iron Wave"],"picked":"Armaments","floor":12},{"not_picked":["Twin Strike","Fire Breathing"],"picked":"Battle Trance","floor":13},{"not_picked":["Anger","Power Through"],"picked":"Clothesline","floor":14}],"player_experience":537006,"relics_obtained":[{"floor":6,"key":"Thread and Needle"},{"floor":9,"key":"Du-Vu Doll"},{"floor":14,"key":"Paper Frog"}],"event_choices":[],"is_beta":false,"boss_relics":[],"items_purged_floors":[],"is_endless":false,"potions_floor_spawned":[2,8,12,13],"killed_by":"Slime Boss","ascension_level":18}