{"gold_per_floor":[113,188,188,200,216,216,230,247,294,294,294,314,314,345,345,474,474,490,503,347,347,224,224,245,261,261,301,301,81,81,95,95,223,223,243,264,108,108,124,124,157,157,157,157],"floor_reached":44,"playtime":3312,"items_purged":["Strike_B","Strike_B","Strike_B"],"score":523,"play_id":"f16afdf7-89ab-4a93-8af9-db54bb78eaeb","local_time":"20190523065748","is_ascension_mode":false,"campfire_choices":[{"data":"Zap","floor":6.0,"key":"SMITH"},{"data":"Consume","floor":11.0,"key":"SMITH"},{"data":"Chaos","floor":13.0,"key":"SMITH"},{"data":"Coolheaded","floor":15.0,"key":"SMITH"},{"data":"Dualcast","floor":23.0,"key":"SMITH"},{"data":"Rainbow","floor":28.0,"key":"SMITH"},{"data":"Hello World","floor":30.0,"key":"SMITH"},{"data":"Coolheaded","floor":32.0,"key":"SMITH"},{"data":"Defragment","floor":40.0,"key":"SMITH"},{"data":"Self Repair","floor":42,"key":"SMITH"}],"neow_cost":"NONE","seed_source_timestamp":0,"circlet_count":0,"master_deck":["Strike_B","Defend_B","Defend_B","Defend_B","Defend_B","Zap+1","Dualcast+1","Barrage","Reinforced Body","Consume+1","Coolheaded+1","Chaos+1","Self Repair+1","Meteor Strike","Conserve Battery","Cold Snap+1","Hello World+1","Coolheaded+1","Cold Snap","Darkness+1","Rainbow+1","Coolheaded","Blizzard","Buffer","Rebound+1","Hello World","Defragment+1","Glacier","Coolheaded+1","Conserve Battery+1"],"special_seed":0,"relics":["Inserter","Orichalcum","Golden Idol","Odd Mushroom","Sozu","Nloth\u0027s Gift","Bottled Flame","Omamori","Coffee Dripper","Smiling Mask","Happy Flower"],"potions_floor_usage":[],"damage_taken":[{"damage":1.0,"enemies":"Cultist","floor":1.0,"turns":4.0},{"damage":1.0,"enemies":"Jaw Worm","floor":4.0,"turns":4.0},{"damage":0.0,"enemies":"Small Slimes","floor":5.0,"turns":2.0},{"damage":0.0,"enemies":"3 Louse","floor":7.0,"turns":2.0},{"damage":3.0,"enemies":"2 Fungi Beasts","floor":8.0,"turns":4.0},{"damage":1.0,"enemies":"Exordium Thugs","floor":12.0,"turns":4.0},{"damage":16.0,"enemies":"The Mushroom Lair","floor":14.0,"turns":5.0},{"damage":0.0,"enemies":"Hexaghost","floor":16.0,"turns":13.0},{"damage":4.0,"enemies":"Shell Parasite","floor":18.0,"turns":5.0},{"damage":16.0,"enemies":"3 Byrds","floor":19.0,"turns":7.0},{"damage":3.0,"enemies":"Snecko","floor":24.0,"turns":5.0},{"damage":0.0,"enemies":"3 Cultists","floor":25.0,"turns":41.0},{"damage":19.0,"enemies":"Slavers","floor":27.0,"turns":7.0},{"damage":10.0,"enemies":"Centurion and Healer","floor":31.0,"turns":7.0},{"damage":9.0,"enemies":"Collector","floor":33.0,"turns":13.0},{"damage":0.0,"enemies":"Orb Walker","floor":35.0,"turns":5.0},{"damage":0.0,"enemies":"3 Shapes","floor":36.0,"turns":7.0},{"damage":1.0,"enemies":"3 Darklings","floor":39.0,"turns":6.0},{"damage":54,"enemies":"Reptomancer","floor":41,"turns":7},{"damage":31,"enemies":"Nemesis","floor":44,"turns":3}],"seed_played":"8156503008683260654","potions_obtained":[{"floor":4.0,"key":"Explosive Potion"},{"floor":5.0,"key":"SkillPotion"},{"floor":16.0,"key":"Energy Potion"}],"is_trial":false,"path_per_floor":["M","?","T","M","M","R","M","M","T","?","R","M","R","?","R","B",null,"M","M","$","?","$","R","M","M","T","E","R","$","R","M","R","B",null,"M","M","$","?","M","R","E","R","T","E"],"character_chosen":"DEFECT","items_purchased":["Hello World","Coolheaded","Coolheaded","Blizzard","Defragment","Glacier"],"campfire_rested":0,"item_purchase_floors":[20,22,29,29,37,37],"current_hp_per_floor":[74,63,63,62,62,62,62,59,59,59,59,58,58,42,42,49,69,69,60,60,60,60,60,64,69,69,57,57,57,57,54,54,52,69,69,69,69,69,69,69,22,22,22,0],"gold":157,"neow_bonus":"BOSS_RELIC","is_prod":false,"is_daily":false,"chose_seed":false,"campfire_upgraded":10,"win_rate":0,"timestamp":1558616268,"path_taken":["M","?","?","M","M","R","M","M","T","?","R","M","R","?","R","BOSS","M","M","$","?","$","R","M","M","T","E","R","?","R","M","R","BOSS","M","M","$","?","M","R","E","R","T","E"],"build_version":"2019-01-23","purchased_purges":3,"victory":false,"max_hp_per_floor":[75,75,75,75,75,75,75,75,75,69,69,69,69,69,69,69,69,69,69,69,69,69,69,69,69,69,69,69,69,69,69,69,69,69,69,69,69,69,69,69,69,69,69,69],"card_choices":[{"not_picked":["Stack","Blizzard"],"picked":"Barrage","floor":1.0},{"not_picked":["Streamline","Undo","Gash"],"picked":"SKIP","floor":4.0},{"not_picked":["Stack","Conserve Battery"],"picked":"Reinforced Body","floor":5.0},{"not_picked":["Reprogram","Coolheaded"],"picked":"Consume","floor":7.0},{"not_picked":["Darkness","Steam Power"],"picked":"Coolheaded","floor":8.0},{"not_picked":["Leap","Ball Lightning"],"picked":"Chaos","floor":12.0},{"not_picked":["Recycle","Leap"],"picked":"Self Repair","floor":14.0},{"not_picked":["Core Surge","Buffer"],"picked":"Meteor Strike","floor":16.0},{"not_picked":["Beam Cell","Chill"],"picked":"Conserve Battery","floor":18.0},{"not_picked":["Rebound+1","Hologram"],"picked":"Cold Snap+1","floor":19.0},{"not_picked":["Turbo","Static Discharge+1"],"picked":"Cold Snap","floor":24.0},{"not_picked":["Compile Driver+1","Steam"],"picked":"Darkness+1","floor":25.0},{"not_picked":["All For One","Turbo+1"],"picked":"Rainbow","floor":27.0},{"not_picked":["FTL","Gash","Beam Cell+1"],"picked":"SKIP","floor":31.0},{"not_picked":["Machine Learning","Multi-Cast"],"picked":"Buffer","floor":33.0},{"not_picked":["Sweeping Beam+1","Beam Cell"],"picked":"Rebound+1","floor":35.0},{"not_picked":["Heatsinks+1","Hello World","Redo"],"picked":"SKIP","floor":36.0},{"not_picked":["Heatsinks+1","Redo"],"picked":"Hello World","floor":36.0},{"not_picked":["Reboot","Steam+1"],"picked":"Coolheaded+1","floor":39.0},{"not_picked":["Thunder Strike","Reboot"],"picked":"Conserve Battery+1","floor":41}],"player_experience":1467568,"relics_obtained":[{"floor":3.0,"key":"Bag of Marbles"},{"floor":9.0,"key":"Orichalcum"},{"floor":14.0,"key":"Odd Mushroom"},{"floor":26.0,"key":"Bottled Flame"},{"floor":27.0,"key":"Omamori"},{"floor":41,"key":"Smiling Mask"},{"floor":43,"key":"Happy Flower"}],"event_choices":[{"damage_healed":0.0,"max_hp_gain":0.0,"max_hp_loss":0.0,"gold_gain":75.0,"event_name":"World of Goop","player_choice":"Gather Gold","floor":2.0,"gold_loss":0.0,"damage_taken":11.0},{"damage_healed":0.0,"max_hp_gain":0.0,"max_hp_loss":6.0,"gold_gain":0.0,"event_name":"Golden Idol","player_choice":"Lose Max HP","floor":10.0,"gold_loss":0.0,"damage_taken":0.0,"relics_obtained":["Golden Idol"]},{"damage_healed":0.0,"max_hp_gain":0.0,"max_hp_loss":0.0,"gold_gain":0.0,"event_name":"Mushrooms","player_choice":"Fought Mushrooms","floor":14.0,"gold_loss":0.0,"damage_taken":0.0},{"damage_healed":0.0,"max_hp_gain":0.0,"max_hp_loss":0.0,"gold_gain":0.0,"event_name":"N\u0027loth","player_choice":"Traded Relic","floor":21.0,"relics_lost":["Bag of Marbles"],"gold_loss":0.0,"damage_taken":0.0,"relics_obtained":["Nloth\u0027s Gift"]},{"damage_healed":0.0,"max_hp_gain":0.0,"max_hp_loss":0.0,"gold_gain":0.0,"event_name":"Tomb of Lord Red Mask","player_choice":"Ignored","floor":38.0,"gold_loss":0.0,"damage_taken":0.0}],"is_beta":false,"boss_relics":[{"not_picked":["Busted Crown","Empty Cage"],"picked":"Sozu"},{"not_picked":["Runic Dome","Black Star"],"picked":"Coffee Dripper"}],"items_purged_floors":[20,22,29],"is_endless":false,"potions_floor_spawned":[4,5,16,19,25,31,36,39],"killed_by":"Nemesis","ascension_level":0}