{"gold_per_floor":[113,128,78,78,253,253,263,273,273,305,119,119,138,64,64,159,159,169,169,180,12,37,37,57,76,132,151,151,151],"floor_reached":29,"playtime":1319,"items_purged":["Doubt","Strike_B"],"score":275,"play_id":"a3257109-d862-449a-a944-a7de3169a8eb","local_time":"20190604011848","is_ascension_mode":false,"campfire_choices":[{"data":"Zap","floor":6,"key":"SMITH"},{"data":"Defragment","floor":12,"key":"SMITH"},{"data":"Rainbow","floor":15,"key":"SMITH"},{"data":"Defragment","floor":23,"key":"SMITH"},{"data":"Dualcast","floor":28,"key":"SMITH"}],"neow_cost":"NONE","seed_source_timestamp":9203389141120,"circlet_count":0,"master_deck":["Strike_B","Strike_B","Defend_B","Defend_B","Defend_B","Defend_B","Zap+1","Dualcast+1","Coolheaded","Ball Lightning","Cold Snap","Conserve Battery","Defragment+1","Reinforced Body","Rebound","Rainbow+1","Thunder Strike","Conserve Battery","White Noise+1","Defragment+1","Rebound+1","Cold Snap+1","Ball Lightning"],"relics":["Cracked Core","Pen Nib","Vajra","Pantograph","Meat on the Bone","Coffee Dripper","Red Mask","Tiny Chest"],"potions_floor_usage":[18,22,22,22,22,25,29],"damage_taken":[{"damage":5,"enemies":"Small Slimes","floor":1,"turns":3},{"damage":0,"enemies":"Jaw Worm","floor":2,"turns":4},{"damage":0,"enemies":"2 Louse","floor":7,"turns":2},{"damage":0,"enemies":"Looter","floor":8,"turns":3},{"damage":10,"enemies":"3 Sentries","floor":10,"turns":7},{"damage":7,"enemies":"Blue Slaver","floor":13,"turns":3},{"damage":0,"enemies":"The Guardian","floor":16,"turns":9},{"damage":10,"enemies":"2 Thieves","floor":18,"turns":4},{"damage":0,"enemies":"Chosen","floor":20,"turns":3},{"damage":17,"enemies":"Masked Bandits","floor":22,"turns":4},{"damage":10,"enemies":"Snecko","floor":24,"turns":4},{"damage":7,"enemies":"Shelled Parasite and Fungi","floor":25,"turns":4},{"damage":10,"enemies":"Snake Plant","floor":27,"turns":5},{"damage":44,"enemies":"Slavers","floor":29,"turns":3}],"seed_played":"6688931614432924846","potions_obtained":[{"floor":2,"key":"Poison Potion"},{"floor":10,"key":"EntropicBrew"},{"floor":22,"key":"SkillPotion"},{"floor":27,"key":"LiquidBronze"}],"is_trial":false,"path_per_floor":["M","M","?","T","?","R","M","M","T","E","$","R","M","$","R","B",null,"M","?","M","$","?","R","M","M","T","M","R","E"],"character_chosen":"DEFECT","items_purchased":["Defragment","Reinforced Body","Rainbow","Defragment"],"campfire_rested":0,"item_purchase_floors":[11,11,14,21],"current_hp_per_floor":[70,70,70,70,70,70,70,70,70,60,60,60,53,53,53,75,75,65,51,51,51,46,46,48,41,41,43,43,0],"gold":151,"neow_bonus":"RANDOM_COMMON_RELIC","is_prod":false,"is_daily":false,"chose_seed":false,"campfire_upgraded":5,"win_rate":0,"timestamp":1559632728,"path_taken":["M","M","?","?","?","R","M","M","T","E","?","R","?","?","R","BOSS","M","?","M","$","?","R","M","M","T","M","R","E"],"build_version":"2019-01-23","purchased_purges":2,"victory":false,"max_hp_per_floor":[75,75,75,75,75,75,75,75,75,75,75,75,75,75,75,75,75,75,80,80,80,80,80,80,80,80,80,80,80],"card_choices":[{"not_picked":["Auto Shields","Conserve Battery"],"picked":"Coolheaded","floor":1},{"not_picked":["Redo","Stack"],"picked":"Ball Lightning","floor":2},{"not_picked":["Beam Cell","Aggregate","Reprogram"],"picked":"SKIP","floor":7},{"not_picked":["Beam Cell","Hello World"],"picked":"Cold Snap","floor":8},{"not_picked":["Leap","Reinforced Body"],"picked":"Conserve Battery","floor":10},{"not_picked":["Conserve Battery","Gash"],"picked":"Rebound","floor":13},{"not_picked":["Echo Form","All For One"],"picked":"Thunder Strike","floor":16},{"not_picked":["Darkness","Gash"],"picked":"Conserve Battery","floor":18},{"not_picked":["Sweeping Beam","Streamline"],"picked":"White Noise+1","floor":20},{"not_picked":["Redo","Melter"],"picked":"Rebound+1","floor":24},{"not_picked":["Sweeping Beam+1","Gash"],"picked":"Cold Snap+1","floor":25},{"not_picked":["Skim+1","Streamline"],"picked":"Ball Lightning","floor":27}],"player_experience":1482222,"relics_obtained":[{"floor":4,"key":"Vajra"},{"floor":9,"key":"Pantograph"},{"floor":10,"key":"Meat on the Bone"},{"floor":22,"key":"Red Mask"},{"floor":26,"key":"Tiny Chest"}],"event_choices":[{"cards_removed":["Strike_B"],"damage_healed":0,"gold_gain":0,"player_choice":"Card Removal","damage_taken":0,"max_hp_gain":0,"max_hp_loss":0,"event_name":"The Cleric","floor":3,"gold_loss":50},{"damage_healed":0,"gold_gain":175,"player_choice":"AGREE","damage_taken":0,"max_hp_gain":0,"max_hp_loss":0,"event_name":"Liars Game","floor":5,"gold_loss":0,"cards_obtained":["Doubt"]},{"damage_healed":0,"gold_gain":0,"player_choice":"Shed Blood","damage_taken":19,"max_hp_gain":5,"max_hp_loss":0,"event_name":"Forgotten Altar","floor":19,"gold_loss":0},{"damage_healed":0,"gold_gain":0,"player_choice":"Fought Bandits","damage_taken":0,"max_hp_gain":0,"max_hp_loss":0,"event_name":"Masked Bandits","floor":22,"gold_loss":0}],"is_beta":false,"boss_relics":[{"not_picked":["FrozenCore","Inserter"],"picked":"Coffee Dripper"}],"items_purged_floors":[11,21],"is_endless":false,"potions_floor_spawned":[2,10,22,27],"killed_by":"Slavers","ascension_level":0}