{"gold_per_floor":[109,83,97,17,31,59,59,5,30,30,47,47,72,127,127,225,225,243,243,243,0,20,20,47,47,121,121,121,46,80,80,80,80],"floor_reached":33,"playtime":904,"items_purged":["Strike_G"],"score":484,"play_id":"9269e00d-10c4-4546-82eb-d43f98513c26","local_time":"20190625184423","is_ascension_mode":true,"campfire_choices":[{"data":"Deadly Poison","floor":7,"key":"SMITH"},{"data":"Neutralize","floor":10,"key":"SMITH"},{"data":"Noxious Fumes","floor":15,"key":"SMITH"},{"floor":23,"key":"REST"},{"floor":32,"key":"REST"}],"neow_cost":"TEN_PERCENT_HP_LOSS","seed_source_timestamp":13950903926483,"circlet_count":0,"master_deck":["AscendersBane","Defend_G","Defend_G","Defend_G","Defend_G","Defend_G","Strike_G","Strike_G","Strike_G","Strike_G","Survivor","Neutralize+1","Backflip","Deadly Poison+1","Noxious Fumes+1","Sucker Punch","Deadly Poison","Burst","Deadly Poison+1","Crippling Poison","Bane","Crippling Poison+1","Escape Plan","Noxious Fumes+1","Catalyst+1"],"relics":["Ring of the Serpent","Pocketwatch","Juzu Bracelet","Dream Catcher","Peace Pipe","Blood Vial","Boot","Gremlin Horn","Pear","Oddly Smooth Stone"],"potions_floor_usage":[13,13,18,24,30,30,33],"damage_taken":[{"damage":3,"enemies":"Jaw Worm","floor":1,"turns":5},{"damage":3,"enemies":"Small Slimes","floor":3,"turns":4},{"damage":0,"enemies":"Cultist","floor":5,"turns":4},{"damage":18,"enemies":"3 Sentries","floor":6,"turns":7},{"damage":0,"enemies":"3 Louse","floor":11,"turns":5},{"damage":3,"enemies":"Lagavulin","floor":13,"turns":7},{"damage":19,"enemies":"The Guardian","floor":16,"turns":8},{"damage":41,"enemies":"2 Thieves","floor":18,"turns":5},{"damage":13,"enemies":"Chosen","floor":22,"turns":5},{"damage":3,"enemies":"Gremlin Leader","floor":24,"turns":6},{"damage":34,"enemies":"Book of Stabbing","floor":30,"turns":7},{"damage":41,"enemies":"Collector","floor":33,"turns":3}],"seed_played":"-6218885263191174971","potions_obtained":[{"floor":3,"key":"SpeedPotion"},{"floor":6,"key":"EssenceOfSteel"},{"floor":16,"key":"Regen Potion"},{"floor":22,"key":"GhostInAJar"},{"floor":27,"key":"Dexterity Potion"},{"floor":27,"key":"Swift Potion"},{"floor":30,"key":"EssenceOfSteel"}],"is_trial":false,"path_per_floor":["M","?","M","$","M","E","R","$","T","R","M","?","E","T","R","B",null,"M","?","?","?","M","R","E","T","T","?","$","$","E","?","R","B"],"character_chosen":"THE_SILENT","items_purchased":["Noxious Fumes","Deadly Poison"],"campfire_rested":2,"item_purchase_floors":[4,8],"current_hp_per_floor":[60,60,57,57,57,39,39,39,39,39,39,39,36,36,36,19,52,28,28,28,28,17,35,34,34,44,44,44,44,12,12,33,0],"gold":80,"neow_bonus":"ONE_RARE_RELIC","is_prod":false,"is_daily":false,"chose_seed":false,"campfire_upgraded":3,"win_rate":0,"timestamp":1561459463,"path_taken":["M","?","M","$","M","E","R","$","T","R","M","?","E","?","R","BOSS","M","?","?","?","M","R","E","?","T","?","?","$","E","?","R","BOSS"],"build_version":"2019-01-23","purchased_purges":1,"victory":false,"max_hp_per_floor":[63,63,63,63,63,63,63,63,63,63,63,63,63,63,63,63,63,63,63,63,63,63,63,63,63,73,73,73,73,73,73,73,73],"card_choices":[{"not_picked":["Concentrate","Eviscerate"],"picked":"Backflip","floor":1},{"not_picked":["Dodge and Roll","Setup"],"picked":"Deadly Poison","floor":3},{"not_picked":["Deflect","Flechettes"],"picked":"Sucker Punch","floor":5},{"not_picked":["PiercingWail","Sucker Punch","Deflect"],"picked":"SKIP","floor":6},{"not_picked":["Dagger Throw","Blade Dance","Sucker Punch"],"picked":"SKIP","floor":11},{"not_picked":["Wraith Form v2","Infinite Blades","Cloak And Dagger"],"picked":"SKIP","floor":13},{"not_picked":["Bullet Time","Adrenaline"],"picked":"Burst","floor":16},{"not_picked":["Dash+1","Prepared+1"],"picked":"Deadly Poison+1","floor":18},{"not_picked":["Sucker Punch","Tactician+1"],"picked":"Bane","floor":22},{"not_picked":["Blade Dance+1","Flying Knee"],"picked":"Crippling Poison+1","floor":23},{"not_picked":["Unload","Cloak And Dagger"],"picked":"Escape Plan","floor":24},{"not_picked":["Flying Knee","Outmaneuver","PiercingWail"],"picked":"SKIP","floor":30},{"not_picked":["Underhanded Strike+1","Cloak And Dagger+1"],"picked":"Catalyst+1","floor":32}],"player_experience":557818,"relics_obtained":[{"floor":6,"key":"Juzu Bracelet"},{"floor":9,"key":"Dream Catcher"},{"floor":13,"key":"Peace Pipe"},{"floor":14,"key":"Blood Vial"},{"floor":24,"key":"Boot"},{"floor":25,"key":"Gremlin Horn"},{"floor":26,"key":"Pear"},{"floor":30,"key":"Oddly Smooth Stone"}],"event_choices":[{"damage_healed":0,"gold_gain":0,"player_choice":"Left Gold","damage_taken":0,"max_hp_gain":0,"max_hp_loss":0,"event_name":"World of Goop","floor":2,"gold_loss":26},{"damage_healed":0,"gold_gain":0,"player_choice":"Ignored","damage_taken":0,"max_hp_gain":0,"max_hp_loss":0,"event_name":"Liars Game","floor":12,"gold_loss":0},{"damage_healed":0,"gold_gain":0,"player_choice":"Ignored","damage_taken":0,"max_hp_gain":0,"max_hp_loss":0,"event_name":"Cursed Tome","floor":19,"gold_loss":0},{"damage_healed":0,"gold_gain":0,"player_choice":"Read","damage_taken":0,"max_hp_gain":0,"max_hp_loss":0,"event_name":"The Library","floor":20,"gold_loss":0,"cards_obtained":["Crippling Poison"]},{"damage_healed":0,"gold_gain":0,"player_choice":"Paid Fearfully","damage_taken":0,"max_hp_gain":0,"max_hp_loss":0,"event_name":"Masked Bandits","floor":21,"gold_loss":243},{"damage_healed":0,"gold_gain":0,"player_choice":"Got Potions","damage_taken":0,"max_hp_gain":0,"max_hp_loss":0,"event_name":"Lab","floor":27,"gold_loss":0},{"damage_healed":0,"gold_gain":0,"player_choice":"Copied","damage_taken":0,"max_hp_gain":0,"max_hp_loss":0,"event_name":"Duplicator","floor":31,"gold_loss":0,"cards_obtained":["Noxious Fumes"]}],"is_beta":false,"boss_relics":[{"not_picked":["Coffee Dripper","Snecko Eye"],"picked":"Ring of the Serpent"}],"items_purged_floors":[29],"is_endless":false,"potions_floor_spawned":[3,6,16,22,30],"killed_by":"Collector","ascension_level":11}