{"gold_per_floor":[117,133,83,83,98,133,210,210,210,253,271,1,1,16,16,16],"floor_reached":16,"playtime":723,"items_purged":["Strike_G"],"score":116,"play_id":"faa418ab-2622-4652-869c-15868db390bd","local_time":"20190505034442","is_ascension_mode":true,"campfire_choices":[{"floor":8.0,"key":"REST"},{"data":"1","floor":13.0,"key":"LIFT"},{"data":"2","floor":15.0,"key":"LIFT"}],"neow_cost":"NONE","seed_source_timestamp":50262723627806,"circlet_count":0,"master_deck":["Defend_G","Defend_G","Defend_G","Defend_G","Defend_G","Strike_G+1","Strike_G","Strike_G","Survivor","Neutralize+1","Accuracy","Blade Dance","Backflip","PiercingWail","Die Die Die","Acrobatics","Acrobatics","Leg Sweep"],"special_seed":0,"relics":["Ring of the Snake","NeowsBlessing","Golden Idol","Whetstone","Ninja Scroll","Lantern","Girya","Blood Vial"],"potions_floor_usage":[16],"damage_taken":[{"damage":0.0,"enemies":"2 Louse","floor":1.0,"turns":1.0},{"damage":0.0,"enemies":"Small Slimes","floor":2.0,"turns":1.0},{"damage":0.0,"enemies":"Jaw Worm","floor":5.0,"turns":1.0},{"damage":43.0,"enemies":"Lagavulin","floor":6.0,"turns":10.0},{"damage":1.0,"enemies":"Gremlin Nob","floor":10.0,"turns":3.0},{"damage":0.0,"enemies":"Exordium Wildlife","floor":11.0,"turns":5.0},{"damage":0.0,"enemies":"Exordium Thugs","floor":14.0,"turns":3.0},{"damage":34,"enemies":"Slime Boss","floor":16,"turns":8}],"seed_played":"-8417018871055738228","potions_obtained":[{"floor":1.0,"key":"Fire Potion"},{"floor":5.0,"key":"Ancient Potion"},{"floor":11.0,"key":"Dexterity Potion"}],"is_trial":false,"path_per_floor":["M","M","?","?","M","E","T","R","T","E","M","$","R","M","R","B"],"character_chosen":"THE_SILENT","items_purchased":["Acrobatics","Blood Vial"],"campfire_rested":1,"item_purchase_floors":[12,12],"current_hp_per_floor":[70,70,70,53,53,10,10,31,31,30,30,30,30,32,32,0],"gold":16,"neow_bonus":"THREE_ENEMY_KILL","is_prod":false,"is_daily":false,"chose_seed":false,"campfire_upgraded":0,"win_rate":0,"timestamp":1557042282,"path_taken":["M","M","?","?","?","E","?","R","T","E","M","?","R","M","R","BOSS"],"build_version":"2019-01-23","purchased_purges":1,"victory":false,"max_hp_per_floor":[70,70,70,70,70,70,70,70,70,70,70,70,70,70,70,70],"card_choices":[{"not_picked":["Dagger Spray","Outmaneuver"],"picked":"Accuracy","floor":1.0},{"not_picked":["Expertise","Flying Knee"],"picked":"Blade Dance","floor":2.0},{"not_picked":["Flying Knee","Dash"],"picked":"Backflip","floor":5.0},{"not_picked":["Poisoned Stab","Skewer"],"picked":"PiercingWail","floor":6.0},{"not_picked":["Deflect","Flying Knee"],"picked":"Die Die Die","floor":10.0},{"not_picked":["Bouncing Flask","Quick Slash"],"picked":"Acrobatics","floor":11.0},{"not_picked":["Blur","Predator"],"picked":"Leg Sweep","floor":14.0}],"player_experience":221843,"relics_obtained":[{"floor":6.0,"key":"Whetstone"},{"floor":7.0,"key":"Ninja Scroll"},{"floor":9.0,"key":"Lantern"},{"floor":10.0,"key":"Girya"}],"event_choices":[{"cards_removed":["Strike_G"],"damage_healed":0.0,"max_hp_gain":0.0,"max_hp_loss":0.0,"gold_gain":0.0,"event_name":"The Cleric","player_choice":"Card Removal","floor":3.0,"gold_loss":50.0,"damage_taken":0.0},{"damage_healed":0.0,"max_hp_gain":0.0,"max_hp_loss":0.0,"gold_gain":0.0,"event_name":"Golden Idol","player_choice":"Take Damage","floor":4.0,"gold_loss":0.0,"damage_taken":17.0,"relics_obtained":["Golden Idol"]}],"is_beta":false,"boss_relics":[],"items_purged_floors":[12],"is_endless":false,"potions_floor_spawned":[1,5,11],"killed_by":"Slime Boss","ascension_level":1}