{"gold_per_floor":[18,18,31,49,16,16,44,44,69,95,95,115,140,150,150,150],"floor_reached":16,"playtime":611,"items_purged":[],"score":187,"play_id":"9541a062-c41c-4d6d-be38-ac786a6defdd","local_time":"20190624031918","is_ascension_mode":true,"campfire_choices":[{"data":"Body Slam","floor":6,"key":"SMITH"},{"data":"True Grit","floor":15,"key":"SMITH"}],"neow_cost":"NO_GOLD","seed_source_timestamp":169189668128002,"circlet_count":0,"master_deck":["AscendersBane","Strike_R","Strike_R","Strike_R","Strike_R","Strike_R","Defend_R","Defend_R","Defend_R","Defend_R","Bash","Body Slam+1","Reckless Charge","True Grit+1","Cleave","Cleave"],"relics":["Burning Blood","GremlinMask","Omamori","Juzu Bracelet","Odd Mushroom","PreservedInsect"],"potions_floor_usage":[10,10,12,16],"damage_taken":[{"damage":6,"enemies":"Cultist","floor":1,"turns":3},{"damage":5,"enemies":"Small Slimes","floor":3,"turns":6},{"damage":3,"enemies":"2 Louse","floor":4,"turns":3},{"damage":39,"enemies":"Lagavulin","floor":7,"turns":7},{"damage":53,"enemies":"The Mushroom Lair","floor":10,"turns":8},{"damage":5,"enemies":"Exordium Wildlife","floor":12,"turns":4},{"damage":40,"enemies":"Gremlin Nob","floor":13,"turns":5},{"damage":12,"enemies":"Blue Slaver","floor":14,"turns":4},{"damage":31,"enemies":"Hexaghost","floor":16,"turns":8}],"seed_played":"6919939736842755421","potions_obtained":[{"floor":1,"key":"Regen Potion"},{"floor":4,"key":"Regen Potion"},{"floor":10,"key":"SkillPotion"},{"floor":13,"key":"BloodPotion"}],"is_trial":false,"path_per_floor":["M","?","M","M","?","R","E","?","T","?","?","M","E","M","R","B"],"character_chosen":"IRONCLAD","items_purchased":[],"campfire_rested":0,"item_purchase_floors":[],"current_hp_per_floor":[82,82,83,86,86,86,53,53,53,33,62,63,29,23,23,0],"gold":150,"neow_bonus":"TWENTY_PERCENT_HP_BONUS","is_prod":false,"is_daily":false,"chose_seed":false,"campfire_upgraded":2,"win_rate":0,"timestamp":1561317558,"path_taken":["M","?","M","?","?","R","E","?","T","?","?","M","E","M","R","BOSS"],"build_version":"2019-01-23","purchased_purges":0,"victory":false,"max_hp_per_floor":[89,89,89,89,89,89,89,89,89,89,89,89,89,89,89,89],"card_choices":[{"not_picked":["Reckless Charge","Dual Wield"],"picked":"Body Slam","floor":1},{"not_picked":["Bloodletting","Intimidate"],"picked":"Reckless Charge","floor":3},{"not_picked":["Anger","Iron Wave"],"picked":"True Grit","floor":4},{"not_picked":["Spot Weakness","Armaments","Anger"],"picked":"SKIP","floor":7},{"not_picked":["Inflame","Iron Wave"],"picked":"Cleave","floor":10},{"not_picked":["Juggernaut","Burning Pact","Perfected Strike"],"picked":"SKIP","floor":12},{"not_picked":["Wild Strike","Entrench"],"picked":"Cleave","floor":13},{"not_picked":["Headbutt","Thunderclap","Iron Wave"],"picked":"SKIP","floor":14}],"player_experience":548943,"relics_obtained":[{"floor":7,"key":"Omamori"},{"floor":9,"key":"Juzu Bracelet"},{"floor":10,"key":"Odd Mushroom"},{"floor":13,"key":"PreservedInsect"}],"event_choices":[{"damage_healed":0,"gold_gain":0,"player_choice":"Trade","damage_taken":0,"relics_obtained":["GremlinMask"],"max_hp_gain":0,"max_hp_loss":0,"event_name":"FaceTrader","floor":2,"gold_loss":0},{"damage_healed":0,"gold_gain":0,"player_choice":"Left Gold","damage_taken":0,"max_hp_gain":0,"max_hp_loss":0,"event_name":"World of Goop","floor":5,"gold_loss":33},{"damage_healed":0,"gold_gain":0,"player_choice":"Leave","damage_taken":0,"max_hp_gain":0,"max_hp_loss":0,"event_name":"The Cleric","floor":8,"gold_loss":0},{"damage_healed":0,"gold_gain":0,"player_choice":"Fought Mushrooms","damage_taken":0,"max_hp_gain":0,"max_hp_loss":0,"event_name":"Mushrooms","floor":10,"gold_loss":0},{"damage_healed":29,"gold_gain":0,"player_choice":"Banana","damage_taken":0,"max_hp_gain":0,"max_hp_loss":0,"event_name":"Big Fish","floor":11,"gold_loss":0}],"is_beta":false,"boss_relics":[],"items_purged_floors":[],"is_endless":false,"potions_floor_spawned":[1,4,10,13],"killed_by":"Hexaghost","ascension_level":14}