{"gold_per_floor":[110,110,121,135,85,85,119,119,119,194,207,31,62,74,74,173,173,173,173,173,173,173,173,173],"floor_reached":24,"playtime":1389,"items_purged":[],"score":330,"play_id":"ddafe87f-0406-4db9-9285-5b8f08427ccd","local_time":"20190326224323","is_ascension_mode":true,"campfire_choices":[{"data":"Zap","floor":6,"key":"SMITH"},{"data":"Defragment","floor":8,"key":"SMITH"},{"floor":15,"key":"REST"},{"floor":23,"key":"REST"}],"neow_cost":"NONE","seed_source_timestamp":1105459560974936,"circlet_count":0,"master_deck":["AscendersBane","Strike_B","Strike_B","Defend_B","Defend_B","Defend_B","Defend_B","Zap+1","Dualcast","Defragment+1","Rebound","Capacitor","Chill","Go for the Eyes","Tempest","Stack","Electrodynamics","Defragment","Writhe","Cold Snap","Cold Snap"],"relics":["Cracked Core","Bag of Marbles","Symbiotic Virus","Sundial","Ectoplasm","Vajra","MutagenicStrength"],"potions_floor_usage":[7,13,13,22,24],"damage_taken":[{"damage":2,"enemies":"Jaw Worm","floor":1,"turns":3},{"damage":1,"enemies":"Cultist","floor":3,"turns":3},{"damage":10,"enemies":"Small Slimes","floor":4,"turns":4},{"damage":18,"enemies":"Lagavulin","floor":7,"turns":6},{"damage":1,"enemies":"3 Louse","floor":11,"turns":2},{"damage":8,"enemies":"Gremlin Nob","floor":13,"turns":3},{"damage":11,"enemies":"Looter","floor":14,"turns":2},{"damage":23,"enemies":"The Guardian","floor":16,"turns":9},{"damage":18,"enemies":"Spheric Guardian","floor":18,"turns":4},{"damage":13,"enemies":"Chosen","floor":20,"turns":6},{"damage":23,"enemies":"Snake Plant","floor":22,"turns":3},{"damage":26,"enemies":"Shelled Parasite and Fungi","floor":24,"turns":2}],"seed_played":"7031682057393681971","potions_obtained":[{"floor":1,"key":"Block Potion"},{"floor":4,"key":"Block Potion"},{"floor":7,"key":"GamblersBrew"},{"floor":14,"key":"SneckoOil"},{"floor":20,"key":"PowerPotion"}],"is_trial":false,"path_per_floor":["M","?","M","M","?","R","E","R","T","?","M","$","E","M","R","B",null,"M","?","M","?","M","R","M"],"character_chosen":"DEFECT","items_purchased":["Capacitor","Chill","Go for the Eyes"],"campfire_rested":2,"item_purchase_floors":[12,12,12],"current_hp_per_floor":[66,66,65,55,55,55,37,37,37,26,25,25,17,6,28,5,58,40,40,27,27,4,26,0],"gold":173,"neow_bonus":"RANDOM_COMMON_RELIC","is_prod":false,"is_daily":false,"chose_seed":false,"campfire_upgraded":2,"win_rate":0,"timestamp":1553654603,"path_taken":["M","?","M","?","?","R","E","R","T","?","M","$","E","M","R","BOSS","M","?","M","?","M","R","M"],"build_version":"2019-01-23","purchased_purges":0,"victory":false,"max_hp_per_floor":[75,75,75,75,75,75,75,75,75,75,75,75,75,75,75,75,75,75,75,75,75,75,75,75],"card_choices":[{"not_picked":["Lockon","Rebound"],"picked":"Defragment","floor":1},{"not_picked":["Leap","BootSequence","Beam Cell"],"picked":"SKIP","floor":3},{"not_picked":["Turbo","Conserve Battery"],"picked":"Rebound","floor":4},{"not_picked":["Double Energy","Turbo","Blizzard"],"picked":"SKIP","floor":7},{"not_picked":["Sunder","Redo","Stack"],"picked":"SKIP","floor":11},{"not_picked":["Reprogram","Go for the Eyes"],"picked":"Tempest","floor":13},{"not_picked":["Rebound","Reboot"],"picked":"Stack","floor":14},{"not_picked":["Echo Form","Machine Learning"],"picked":"Electrodynamics","floor":16},{"not_picked":["Static Discharge","Blizzard"],"picked":"Defragment","floor":18},{"not_picked":["Gash","Hologram"],"picked":"Cold Snap","floor":20},{"not_picked":["Redo","Melter"],"picked":"Cold Snap","floor":22}],"player_experience":2016151,"relics_obtained":[{"floor":7,"key":"Symbiotic Virus"},{"floor":13,"key":"Sundial"}],"event_choices":[{"cards_removed":["Strike_B"],"damage_healed":0,"gold_gain":0,"player_choice":"Offered Basic","damage_taken":0,"max_hp_gain":0,"max_hp_loss":0,"event_name":"Bonfire Elementals","floor":2,"gold_loss":0},{"cards_removed":["Strike_B"],"damage_healed":0,"gold_gain":0,"player_choice":"Card Removal","damage_taken":0,"max_hp_gain":0,"max_hp_loss":0,"event_name":"The Cleric","floor":5,"gold_loss":50},{"damage_healed":0,"gold_gain":75,"player_choice":"Gather Gold","damage_taken":11,"max_hp_gain":0,"max_hp_loss":0,"event_name":"World of Goop","floor":10,"gold_loss":0},{"damage_healed":0,"gold_gain":0,"player_choice":"Opened","damage_taken":0,"relics_obtained":["Vajra"],"max_hp_gain":0,"max_hp_loss":0,"event_name":"The Mausoleum","floor":19,"gold_loss":0,"cards_obtained":["Writhe"]},{"damage_healed":0,"gold_gain":0,"player_choice":"Inject Mutagens","damage_taken":0,"relics_obtained":["MutagenicStrength"],"max_hp_gain":0,"max_hp_loss":0,"event_name":"Drug Dealer","floor":21,"gold_loss":0}],"is_beta":false,"boss_relics":[{"not_picked":["FrozenCore","Black Star"],"picked":"Ectoplasm"}],"items_purged_floors":[],"is_endless":false,"potions_floor_spawned":[1,4,7,14,20],"killed_by":"Shelled Parasite and Fungi","ascension_level":12}