{"gold_per_floor":[212,143,143,156,106,106,149,10,10,45,45,145,145,166,166,289,289,314,338,356,19,19,53,69,69,93,93,44,44,60,60,60,179,179,202,11,344,344,356,388,400,400,400,400,400,49,67,94,94,94,94,94,94,121,121],"floor_reached":56,"playtime":4141,"items_purged":["Strike_G","Doubt"],"score":1580,"play_id":"3fa97c6f-357d-4b19-be5b-3fa3dde3d612","local_time":"20190213004309","is_ascension_mode":true,"campfire_choices":[{"data":"Crippling Poison","floor":6,"key":"SMITH"},{"floor":11,"key":"REST"},{"data":"Crippling Poison","floor":13,"key":"SMITH"},{"data":"Catalyst","floor":15,"key":"SMITH"},{"data":"Burst","floor":25,"key":"SMITH"},{"data":"Footwork","floor":27,"key":"SMITH"},{"floor":29,"key":"REST"},{"data":"Well Laid Plans","floor":32,"key":"SMITH"},{"data":"Deadly Poison","floor":42,"key":"SMITH"},{"floor":44,"key":"REST"},{"floor":49,"key":"RECALL"},{"data":"Caltrops","floor":52,"key":"SMITH"}],"neow_cost":"NONE","seed_source_timestamp":1799458309235183,"circlet_count":0,"master_deck":["Defend_G","Defend_G","Defend_G","Defend_G","Defend_G","Strike_G","Strike_G","Strike_G","Survivor","Neutralize","Deadly Poison+1","Crippling Poison+1","Quick Slash","Backflip","Well Laid Plans+1","Crippling Poison+1","Catalyst+1","Burst+1","Footwork+1","Deadly Poison+1","Acrobatics","After Image+1","Escape Plan","Backflip","Catalyst+1","Backflip+1","Acrobatics+1","Caltrops+1","Prepared+1","Dodge and Roll","Dodge and Roll+1"],"relics":["Ring of the Snake","Centennial Puzzle","Kunai","Pen Nib","HoveringKite","Bag of Marbles","Philosopher\u0027s Stone","OrangePellets","Du-Vu Doll","Bird Faced Urn","TwistedFunnel","Sundial","Pear"],"potions_floor_usage":[16,55,55,55],"damage_taken":[{"damage":1,"enemies":"Cultist","floor":1,"turns":5},{"damage":1,"enemies":"Small Slimes","floor":4,"turns":3},{"damage":14,"enemies":"Gremlin Nob","floor":7,"turns":4},{"damage":15,"enemies":"3 Sentries","floor":10,"turns":9},{"damage":4,"enemies":"2 Louse","floor":14,"turns":2},{"damage":16,"enemies":"The Guardian","floor":16,"turns":6},{"damage":9,"enemies":"Shell Parasite","floor":18,"turns":4},{"damage":0,"enemies":"Chosen","floor":19,"turns":3},{"damage":9,"enemies":"Snake Plant","floor":20,"turns":3},{"damage":15,"enemies":"Gremlin Leader","floor":23,"turns":4},{"damage":0,"enemies":"Chosen and Byrds","floor":24,"turns":3},{"damage":10,"enemies":"3 Cultists","floor":30,"turns":5},{"damage":0,"enemies":"Automaton","floor":33,"turns":6},{"damage":18,"enemies":"3 Darklings","floor":35,"turns":4},{"damage":0,"enemies":"Orb Walker","floor":39,"turns":3},{"damage":6,"enemies":"Reptomancer","floor":40,"turns":2},{"damage":1,"enemies":"Jaw Worm Horde","floor":41,"turns":4},{"damage":8,"enemies":"Sphere and 2 Shapes","floor":47,"turns":5},{"damage":0,"enemies":"Giant Head","floor":48,"turns":3},{"damage":13,"enemies":"Donu and Deca","floor":50,"turns":7},{"damage":3,"enemies":"Shield and Spear","floor":54,"turns":6},{"damage":71,"enemies":"The Heart","floor":55,"turns":8}],"seed_played":"6572128332848241876","potions_obtained":[{"floor":7,"key":"PowerPotion"},{"floor":16,"key":"LiquidBronze"},{"floor":20,"key":"SpeedPotion"},{"floor":33,"key":"SpeedPotion"}],"is_trial":false,"path_per_floor":["M","$","?","M","?","R","E","$","T","E","R","?","R","M","R","B",null,"M","M","M","$","?","E","M","R","T","R","$","R","M","$","R","B",null,"M","$","?","?","M","E","M","R","T","R","?","$","M","E","R","B",null,"R","$","E","B",null],"character_chosen":"THE_SILENT","items_purchased":["Crippling Poison","Well Laid Plans","Crippling Poison","After Image","Escape Plan","Backflip","Weak Potion","OrangePellets","Dodge and Roll","TwistedFunnel"],"campfire_rested":3,"item_purchase_floors":[2,8,8,21,21,21,28,36,46,46],"current_hp_per_floor":[62,62,45,44,44,44,30,30,30,15,36,36,36,32,32,16,57,48,48,39,39,39,24,24,24,24,24,24,45,35,35,35,35,61,43,43,43,43,43,37,36,36,36,57,70,70,68,70,70,59,67,67,67,79,12],"gold":121,"neow_bonus":"HUNDRED_GOLD","is_prod":false,"is_daily":false,"chose_seed":false,"campfire_upgraded":8,"win_rate":0,"timestamp":1550036589,"path_taken":["M","$","?","M","?","R","E","$","T","E","R","?","R","M","R","BOSS","M","M","M","$","?","E","M","R","T","R","?","R","M","$","R","BOSS","M","$","?","?","?","E","?","R","T","R","?","?","M","E","R","BOSS","R","$","E","BOSS"],"build_version":"2019-01-23","purchased_purges":2,"victory":true,"max_hp_per_floor":[70,70,70,70,70,70,70,70,70,70,70,70,70,70,70,70,70,70,70,70,70,70,70,70,70,70,70,70,70,70,70,70,70,70,70,70,70,70,70,70,70,70,70,70,70,70,70,70,70,70,70,70,70,80,80],"card_choices":[{"not_picked":["Dagger Spray","Poisoned Stab"],"picked":"Deadly Poison","floor":1},{"not_picked":["Tactician","Concentrate"],"picked":"Quick Slash","floor":4},{"not_picked":["Concentrate","Cloak And Dagger"],"picked":"Backflip","floor":7},{"not_picked":["Crippling Poison","Acrobatics"],"picked":"Catalyst","floor":10},{"not_picked":["Doppelganger","Sucker Punch","Blade Dance"],"picked":"SKIP","floor":14},{"not_picked":["Bullet Time","Glass Knife"],"picked":"Burst","floor":16},{"not_picked":["Outmaneuver","Underhanded Strike+1"],"picked":"Footwork","floor":18},{"not_picked":["Choke","Eviscerate"],"picked":"Deadly Poison+1","floor":19},{"not_picked":["Sucker Punch","Blade Dance+1"],"picked":"Acrobatics","floor":20},{"not_picked":["Outmaneuver","Slice"],"picked":"Backflip+1","floor":23},{"not_picked":["Prepared+1","PiercingWail","Dagger Throw"],"picked":"SKIP","floor":24},{"not_picked":["Heel Hook","Doppelganger"],"picked":"Acrobatics+1","floor":30},{"not_picked":["Flying Knee","Blade Dance+1","Concentrate+1"],"picked":"SKIP","floor":35},{"not_picked":["Dodge and Roll","Poisoned Stab"],"picked":"Caltrops","floor":39},{"not_picked":["Dagger Spray","Cloak And Dagger","Well Laid Plans"],"picked":"SKIP","floor":40},{"not_picked":["Skewer+1","Finisher"],"picked":"Prepared+1","floor":41},{"not_picked":["Sucker Punch+1","Bane+1"],"picked":"Dodge and Roll+1","floor":47},{"not_picked":["Concentrate","Riddle With Holes","Slice"],"picked":"SKIP","floor":48},{"not_picked":["Underhanded Strike","Cloak And Dagger+1","Masterful Stab+1"],"picked":"SKIP","floor":54}],"player_experience":1551851,"relics_obtained":[{"floor":7,"key":"Centennial Puzzle"},{"floor":9,"key":"Kunai"},{"floor":10,"key":"Pen Nib"},{"floor":23,"key":"Bag of Marbles"},{"floor":40,"key":"Du-Vu Doll"},{"floor":43,"key":"Bird Faced Urn"},{"floor":48,"key":"Sundial"},{"floor":54,"key":"Pear"}],"event_choices":[{"damage_healed":0,"gold_gain":0,"player_choice":"Take Damage","damage_taken":17,"relics_obtained":["Golden Idol"],"max_hp_gain":0,"max_hp_loss":0,"event_name":"Golden Idol","floor":3,"gold_loss":0},{"cards_removed":["Strike_G"],"damage_healed":0,"gold_gain":0,"player_choice":"Card Removal","damage_taken":0,"max_hp_gain":0,"max_hp_loss":0,"event_name":"The Cleric","floor":5,"gold_loss":50},{"damage_healed":0,"gold_gain":100,"player_choice":"Gold","damage_taken":0,"max_hp_gain":0,"max_hp_loss":0,"event_name":"Wheel of Change","floor":12,"gold_loss":0},{"damage_healed":0,"gold_gain":0,"player_choice":"Copied","damage_taken":0,"max_hp_gain":0,"max_hp_loss":0,"event_name":"Duplicator","floor":22,"gold_loss":0,"cards_obtained":["Catalyst"]},{"damage_healed":0,"gold_gain":333,"player_choice":"Gave Idol","damage_taken":0,"max_hp_gain":0,"max_hp_loss":0,"event_name":"The Moai Head","floor":37,"relics_lost":["Golden Idol"],"gold_loss":0},{"damage_healed":0,"gold_gain":0,"player_choice":"Forge","damage_taken":0,"max_hp_gain":0,"max_hp_loss":0,"event_name":"Accursed Blacksmith","floor":38,"gold_loss":0,"cards_upgraded":["After Image"]},{"damage_healed":13,"gold_gain":0,"player_choice":"Heal","damage_taken":0,"max_hp_gain":0,"max_hp_loss":0,"event_name":"MindBloom","floor":45,"gold_loss":0,"cards_obtained":["Doubt"]}],"is_beta":false,"boss_relics":[{"not_picked":["WristBlade","Ring of the Serpent"],"picked":"HoveringKite"},{"not_picked":["Calling Bell","Lizard Tail"],"picked":"Philosopher\u0027s Stone"}],"items_purged_floors":[21,46],"is_endless":false,"potions_floor_spawned":[7,16,20,30,33,47,54],"ascension_level":6}