{"gold_per_floor":[114,133,133,15,31,62,62,91,145,145,157,157,183,196,196,301,301,311,325,336,38,38,38,64,13,13,31,31,65,65,99,99,195,195,215,115,131,131,6,39,52,86,110,125,39,70,81,100,100,100],"floor_reached":51,"playtime":3263,"items_purged":["Strike_G","Decay","Pain","Grand Finale"],"score":982,"play_id":"ad747ac2-c88e-40d3-8e8e-267c7cf9260a","local_time":"20190505045247","is_ascension_mode":true,"campfire_choices":[{"data":"Noxious Fumes","floor":7.0,"key":"SMITH"},{"floor":12.0,"key":"REST"},{"floor":15.0,"key":"REST"},{"data":"Noxious Fumes","floor":23.0,"key":"SMITH"},{"floor":30.0,"key":"REST"},{"data":"Ghostly","floor":32.0,"key":"SMITH"},{"floor":49.0,"key":"REST"}],"neow_cost":"NONE","seed_source_timestamp":51868102876245,"circlet_count":0,"master_deck":["Defend_G+1","Defend_G","Defend_G","Defend_G","Defend_G","Strike_G","Strike_G","Strike_G","Strike_G","Survivor","Neutralize","Quick Slash+1","Noxious Fumes+1","Bouncing Flask","Backflip","Acrobatics","Deflect","Wraith Form v2","Deflect","Deflect","Deadly Poison","Deflect","Deadly Poison","Dodge and Roll+1","Dodge and Roll","Noxious Fumes+1","Acrobatics+1","PiercingWail","PiercingWail","Ghostly+1","Ghostly","Ghostly","Ghostly","Ghostly","Deflect+1","Malaise","Catalyst","Skewer+1","Blur","PiercingWail","Noxious Fumes","Deflect+1","Parasite","Crippling Poison+1"],"special_seed":0,"relics":["Ring of the Snake","NeowsBlessing","Bottled Tornado","Oddly Smooth Stone","Bag of Marbles","The Specimen","Meat on the Bone","Orrery","Lantern","Bag of Preparation","Bottled Lightning","Letter Opener","Strawberry","Philosopher\u0027s Stone","WarpedTongs","Pen Nib","PreservedInsect","Smiling Mask","Regal Pillow"],"potions_floor_usage":[50,50],"damage_taken":[{"damage":0.0,"enemies":"Cultist","floor":1.0,"turns":1.0},{"damage":0.0,"enemies":"2 Louse","floor":2.0,"turns":1.0},{"damage":0.0,"enemies":"Jaw Worm","floor":5.0,"turns":1.0},{"damage":18.0,"enemies":"3 Sentries","floor":6.0,"turns":8.0},{"damage":7.0,"enemies":"Gremlin Nob","floor":8.0,"turns":4.0},{"damage":5.0,"enemies":"Lots of Slimes","floor":11.0,"turns":4.0},{"damage":9.0,"enemies":"Lagavulin","floor":13.0,"turns":6.0},{"damage":0.0,"enemies":"Large Slime","floor":14.0,"turns":6.0},{"damage":13.0,"enemies":"The Guardian","floor":16.0,"turns":8.0},{"damage":0.0,"enemies":"Chosen","floor":18.0,"turns":5.0},{"damage":31.0,"enemies":"3 Byrds","floor":19.0,"turns":5.0},{"damage":5.0,"enemies":"3 Cultists","floor":20.0,"turns":6.0},{"damage":35.0,"enemies":"Slavers","floor":24.0,"turns":6.0},{"damage":9.0,"enemies":"Shelled Parasite and Fungi","floor":27.0,"turns":7.0},{"damage":17.0,"enemies":"Gremlin Leader","floor":29.0,"turns":6.0},{"damage":1.0,"enemies":"Slavers","floor":31.0,"turns":5.0},{"damage":0.0,"enemies":"Collector","floor":33.0,"turns":7.0},{"damage":4.0,"enemies":"3 Darklings","floor":35.0,"turns":5.0},{"damage":2.0,"enemies":"Orb Walker","floor":37.0,"turns":4.0},{"damage":3.0,"enemies":"Reptomancer","floor":40.0,"turns":6.0},{"damage":1.0,"enemies":"4 Shapes","floor":41.0,"turns":4.0},{"damage":1.0,"enemies":"Nemesis","floor":42.0,"turns":7.0},{"damage":2.0,"enemies":"Maw","floor":44.0,"turns":6.0},{"damage":15.0,"enemies":"Reptomancer","floor":46.0,"turns":4.0},{"damage":0.0,"enemies":"Writhing Mass","floor":47.0,"turns":6.0},{"damage":0.0,"enemies":"Spire Growth","floor":48.0,"turns":5.0},{"damage":26,"enemies":"Time Eater","floor":50,"turns":11}],"seed_played":"-2009207835362774239","potions_obtained":[{"floor":5.0,"key":"Ancient Potion"},{"floor":6.0,"key":"EssenceOfSteel"},{"floor":8.0,"key":"Poison Potion"},{"floor":13.0,"key":"Weak Potion"},{"floor":20.0,"key":"SteroidPotion"},{"floor":24.0,"key":"Regen Potion"},{"floor":29.0,"key":"Swift Potion"},{"floor":40.0,"key":"Poison Potion"},{"floor":41.0,"key":"Ancient Potion"},{"floor":42.0,"key":"Energy Potion"},{"floor":46.0,"key":"GhostInAJar"},{"floor":48.0,"key":"PowerPotion"}],"is_trial":false,"path_per_floor":["M","M","?","$","M","E","R","E","T","?","M","R","E","M","R","B",null,"M","M","M","$","?","R","E","$","T","M","?","E","R","E","R","B",null,"M","$","M","?","$","E","M","E","T","M","$","E","M","M","R","B",null],"character_chosen":"THE_SILENT","items_purchased":["Bouncing Flask","Block Potion","Lantern","Noxious Fumes","PiercingWail","Noxious Fumes"],"campfire_rested":4,"item_purchase_floors":[4,4,21,21,25,45],"current_hp_per_floor":[70,70,56,56,56,38,38,31,31,31,26,47,38,38,59,46,70,70,39,46,46,46,46,23,23,23,41,35,18,28,34,34,34,42,38,38,36,36,36,33,32,31,31,29,29,26,26,26,42,28],"gold":100,"neow_bonus":"THREE_ENEMY_KILL","is_prod":false,"is_daily":false,"chose_seed":false,"campfire_upgraded":3,"win_rate":0,"timestamp":1557046367,"path_taken":["M","?","?","$","M","E","R","E","T","?","M","R","E","M","R","BOSS","M","?","M","$","?","R","E","?","T","M","?","E","R","E","R","BOSS","M","$","M","?","?","E","M","E","T","M","$","E","?","M","R","BOSS"],"build_version":"2019-01-23","purchased_purges":4,"victory":true,"max_hp_per_floor":[70,70,70,70,70,70,70,70,70,70,70,70,70,70,70,70,70,70,70,70,70,70,70,70,70,70,70,35,35,35,42,42,42,42,42,42,42,42,42,42,42,42,42,42,42,42,42,42,42,42],"card_choices":[{"not_picked":["Outmaneuver","Heel Hook"],"picked":"Quick Slash","floor":1.0},{"not_picked":["Deflect","Underhanded Strike"],"picked":"Noxious Fumes","floor":2.0},{"not_picked":["Accuracy","Tools of the Trade"],"picked":"Backflip","floor":5.0},{"not_picked":["Choke","Underhanded Strike","All Out Attack"],"picked":"SKIP","floor":6.0},{"not_picked":["Slice","A Thousand Cuts"],"picked":"Dagger Spray","floor":8.0},{"not_picked":["Underhanded Strike","Reflex","Concentrate"],"picked":"SKIP","floor":11.0},{"not_picked":["Underhanded Strike","Reflex","Concentrate"],"picked":"SKIP","floor":11.0},{"not_picked":["Prepared","Underhanded Strike"],"picked":"Acrobatics","floor":13.0},{"not_picked":["Flechettes","Poisoned Stab"],"picked":"Deflect","floor":14.0},{"not_picked":["A Thousand Cuts","Bullet Time"],"picked":"Wraith Form v2","floor":16.0},{"not_picked":["All Out Attack","Predator"],"picked":"Deflect","floor":17.0},{"not_picked":["Dagger Throw","Accuracy"],"picked":"Deflect","floor":17.0},{"not_picked":["Riddle With Holes","Quick Slash"],"picked":"Deadly Poison","floor":17.0},{"not_picked":["Dodge and Roll","Flechettes"],"picked":"Deflect","floor":17.0},{"not_picked":["Calculated Gamble","Flying Knee"],"picked":"Deadly Poison","floor":17.0},{"not_picked":["Heel Hook","Acrobatics+1"],"picked":"Dodge and Roll+1","floor":18.0},{"not_picked":["Poisoned Stab","Dagger Spray"],"picked":"Dodge and Roll","floor":19.0},{"not_picked":["Acrobatics","Sucker Punch+1"],"picked":"Grand Finale","floor":20.0},{"not_picked":["Expertise","Prepared"],"picked":"Acrobatics+1","floor":24.0},{"not_picked":["Footwork+1","Accuracy"],"picked":"PiercingWail","floor":27.0},{"not_picked":["Underhanded Strike+1","Caltrops"],"picked":"Deflect+1","floor":29.0},{"not_picked":["Dagger Throw+1","Cloak And Dagger","Expertise"],"picked":"SKIP","floor":31.0},{"not_picked":["Unload","Storm of Steel"],"picked":"Malaise","floor":33.0},{"not_picked":["Slice+1","Terror","Cloak And Dagger+1"],"picked":"SKIP","floor":35.0},{"not_picked":["Sucker Punch+1","Acrobatics+1"],"picked":"Catalyst","floor":37.0},{"not_picked":["Backstab+1","Die Die Die"],"picked":"Skewer+1","floor":40.0},{"not_picked":["Underhanded Strike+1","Sucker Punch"],"picked":"Blur","floor":41.0},{"not_picked":["Choke","Poisoned Stab","Expertise"],"picked":"SKIP","floor":42.0},{"not_picked":["Deadly Poison+1","Outmaneuver+1"],"picked":"PiercingWail","floor":44.0},{"not_picked":["Storm of Steel","Deadly Poison"],"picked":"Deflect+1","floor":46.0},{"not_picked":["Poisoned Stab+1","Escape Plan","Flying Knee"],"picked":"SKIP","floor":47.0},{"not_picked":["Underhanded Strike","Finisher"],"picked":"Crippling Poison+1","floor":48.0}],"player_experience":222880,"relics_obtained":[{"floor":6.0,"key":"Bottled Tornado"},{"floor":8.0,"key":"Oddly Smooth Stone"},{"floor":9.0,"key":"Bag of Marbles"},{"floor":13.0,"key":"Meat on the Bone"},{"floor":24.0,"key":"Bag of Preparation"},{"floor":26.0,"key":"Bottled Lightning"},{"floor":29.0,"key":"Letter Opener"},{"floor":31.0,"key":"Strawberry"},{"floor":40.0,"key":"Pen Nib"},{"floor":42.0,"key":"PreservedInsect"},{"floor":43.0,"key":"Smiling Mask"},{"floor":46.0,"key":"Regal Pillow"}],"event_choices":[{"damage_healed":0.0,"max_hp_gain":0.0,"max_hp_loss":0.0,"gold_gain":0.0,"event_name":"Shining Light","player_choice":"Entered Light","floor":3.0,"gold_loss":0.0,"damage_taken":14.0,"cards_upgraded":["Quick Slash","Defend_G"]},{"cards_removed":["Dagger Spray"],"damage_healed":0.0,"max_hp_gain":0.0,"max_hp_loss":0.0,"gold_gain":0.0,"event_name":"WeMeetAgain","player_choice":"Gave Card","floor":10.0,"gold_loss":0.0,"damage_taken":0.0,"relics_obtained":["The Specimen"]},{"damage_healed":0.0,"max_hp_gain":0.0,"max_hp_loss":0.0,"gold_gain":0.0,"event_name":"Wheel of Change","player_choice":"Cursed","floor":22.0,"gold_loss":0.0,"damage_taken":0.0,"cards_obtained":["Decay"]},{"damage_healed":0.0,"max_hp_gain":0.0,"max_hp_loss":35.0,"gold_gain":0.0,"event_name":"Ghosts","player_choice":"Became a Ghost","floor":28.0,"gold_loss":0.0,"damage_taken":0.0,"cards_obtained":["Ghostly","Ghostly","Ghostly","Ghostly","Ghostly"]},{"damage_healed":0.0,"max_hp_gain":0.0,"max_hp_loss":0.0,"gold_gain":0.0,"event_name":"Accursed Blacksmith","player_choice":"Rummage","floor":38.0,"gold_loss":0.0,"damage_taken":0.0,"relics_obtained":["WarpedTongs"],"cards_obtained":["Pain"]}],"is_beta":false,"boss_relics":[{"not_picked":["Eternal Feather","Ectoplasm"],"picked":"Orrery"},{"not_picked":["Calling Bell","Runic Dome"],"picked":"Philosopher\u0027s Stone"}],"items_purged_floors":[21,36,39,45],"is_endless":false,"potions_floor_spawned":[5,6,8,13,20,24,29,40,41,42,46,48],"ascension_level":1}