{"gold_per_floor":[109,109,123,123,138,164,174,174],"floor_reached":8,"playtime":625,"items_purged":[],"score":60,"play_id":"052744de-ae67-4314-a8ae-9f4f3e6fbb0a","local_time":"20190104214849","is_ascension_mode":false,"campfire_choices":[],"neow_cost":"NONE","seed_source_timestamp":23452629042526,"circlet_count":0,"master_deck":["Strike_R","Strike_R","Strike_R","Strike_R","Strike_R","Defend_R","Defend_R","Defend_R","Defend_R","Bash","ReplayTheSpireMod:LeadingStrike","Rage","Reckless Charge","Poisoned Strike","ReplayTheSpireMod:Stacked","Wild Strike","ReplayTheSpireMod:Limb From Limb"],"relics":["Burning Blood","NeowsBlessing","Dream Catcher"],"potions_floor_usage":[],"damage_taken":[{"damage":0,"enemies":"Small Slimes","floor":1,"turns":1},{"damage":0,"enemies":"Cultist","floor":2,"turns":1},{"damage":0,"enemies":"Jaw Worm","floor":3,"turns":1},{"damage":12,"enemies":"Blue Slaver","floor":5,"turns":3},{"damage":34,"enemies":"Gremlin Nob","floor":6,"turns":5},{"damage":20,"enemies":"Exordium Thugs","floor":7,"turns":5}],"seed_played":"5050479147985529325","potions_obtained":[{"floor":3,"key":"Weak Potion"},{"floor":5,"key":"Energy Potion"}],"is_trial":false,"path_per_floor":["M","M","M","?","M","E","M","PTL"],"character_chosen":"IRONCLAD","items_purchased":[],"campfire_rested":0,"item_purchase_floors":[],"current_hp_per_floor":[80,80,80,80,74,46,32,32],"gold":174,"neow_bonus":"THREE_ENEMY_KILL","is_prod":false,"is_daily":false,"chose_seed":false,"campfire_upgraded":0,"win_rate":0,"timestamp":1546656529,"path_taken":["M","M","M","?","M","E","M","PTL"],"build_version":"2019-01-03v4","purchased_purges":0,"victory":false,"max_hp_per_floor":[80,80,80,80,80,80,80,80],"card_choices":[{"not_picked":["Body Slam","Iron Wave"],"picked":"ReplayTheSpireMod:LeadingStrike","floor":1},{"not_picked":["Clash","Sentinel"],"picked":"Rage","floor":2},{"not_picked":["Cleave","Perfected Strike"],"picked":"Reckless Charge","floor":3},{"not_picked":["Havoc","Iron Wave"],"picked":"ReplayTheSpireMod:Stacked","floor":5},{"not_picked":["Body Slam","Clothesline"],"picked":"Wild Strike","floor":6},{"not_picked":["Rage","Run Through"],"picked":"ReplayTheSpireMod:Limb From Limb","floor":7}],"player_experience":150093,"relics_obtained":[{"floor":6,"key":"Dream Catcher"}],"event_choices":[{"damage_healed":0,"gold_gain":0,"player_choice":"1 cards matched","damage_taken":0,"max_hp_gain":0,"max_hp_loss":0,"event_name":"Match and Keep!","floor":4,"gold_loss":0,"cards_obtained":["Poisoned Strike"]}],"is_beta":false,"boss_relics":[],"items_purged_floors":[],"is_endless":false,"potions_floor_spawned":[3,5],"ascension_level":0}