{"gold_per_floor":[411,422,422,422,436,436,452,452,452,452,478,478,478,489,489,585,585,604,529,539,539,550,550,569,569,651,350,350,350,85,95,95,200,200,219,41,41,110,1109,1134,1151,787,787,787,787,797,248,368,368,368],"floor_reached":51,"playtime":1021,"items_purged":["Strike_R","Strike_R","Strike_R","Defend_R","Normality","Normality"],"score":748,"play_id":"f85100cc-b1c5-4df2-ab2d-beedb92dbdf3","local_time":"20190623084637","is_ascension_mode":false,"campfire_choices":[{"data":"Twin Strike","floor":6.0,"key":"SMITH"},{"data":"Heavy Blade","floor":8.0,"key":"SMITH"},{"data":"Pommel Strike","floor":10.0,"key":"SMITH"},{"data":"Flex","floor":12.0,"key":"SMITH"},{"data":"Whirlwind","floor":15.0,"key":"SMITH"},{"data":"Thunderclap","floor":23.0,"key":"SMITH"},{"data":"Pummel","floor":25.0,"key":"SMITH"},{"data":"Defend_R","floor":29.0,"key":"SMITH"},{"data":"Defend_R","floor":32.0,"key":"SMITH"},{"data":"Double Tap","floor":45.0,"key":"SMITH"},{"floor":49,"key":"REST"}],"neow_cost":"TEN_PERCENT_HP_LOSS","seed_source_timestamp":17838912547762,"circlet_count":0,"master_deck":["Strike_R+1","Defend_R+1","Defend_R","Defend_R+1","Bash+1","Heavy Blade+1","Twin Strike+1","Pommel Strike+1","Thunderclap+1","Flex+1","Whirlwind+1","Demon Form+1","Pummel+1","Double Tap+1","Uppercut+1","Heavy Blade+1","Pummel+1","Reaper","Reaper"],"special_seed":0,"relics":["Burning Blood","Old Coin","Bag of Marbles","Bottled Lightning","Runic Dome","Kunai","Chemical X","Membership Card","Velvet Choker","Brimstone","Gremlin Horn","Ornamental Fan","Vajra","Omamori","Frozen Eye","Question Card","SsserpentHead","Mummified Hand","Sling","Whetstone"],"potions_floor_usage":[50,50],"damage_taken":[{"damage":1.0,"enemies":"Cultist","floor":1.0,"turns":4.0},{"damage":8.0,"enemies":"Jaw Worm","floor":2.0,"turns":3.0},{"damage":3.0,"enemies":"2 Louse","floor":5.0,"turns":3.0},{"damage":5.0,"enemies":"Gremlin Gang","floor":7.0,"turns":5.0},{"damage":14.0,"enemies":"Gremlin Nob","floor":11.0,"turns":3.0},{"damage":3.0,"enemies":"Lots of Slimes","floor":14.0,"turns":3.0},{"damage":64.0,"enemies":"Hexaghost","floor":16.0,"turns":8.0},{"damage":5.0,"enemies":"2 Thieves","floor":18.0,"turns":2.0},{"damage":13.0,"enemies":"Shell Parasite","floor":20.0,"turns":3.0},{"damage":0.0,"enemies":"3 Cultists","floor":22.0,"turns":2.0},{"damage":21.0,"enemies":"Snake Plant","floor":24.0,"turns":2.0},{"damage":0.0,"enemies":"Shelled Parasite and Fungi","floor":31.0,"turns":1.0},{"damage":10.0,"enemies":"Collector","floor":33.0,"turns":4.0},{"damage":21.0,"enemies":"3 Shapes","floor":35.0,"turns":2.0},{"damage":12.0,"enemies":"Reptomancer","floor":40.0,"turns":2.0},{"damage":17.0,"enemies":"3 Darklings","floor":41.0,"turns":2.0},{"damage":17.0,"enemies":"Spire Growth","floor":46.0,"turns":2.0},{"damage":3.0,"enemies":"4 Shapes","floor":48.0,"turns":1.0},{"damage":42,"enemies":"Time Eater","floor":50,"turns":3}],"seed_played":"-646425585103600907","potions_obtained":[{"floor":7.0,"key":"FearPotion"},{"floor":16.0,"key":"Explosive Potion"},{"floor":22.0,"key":"GamblersBrew"},{"floor":24.0,"key":"FearPotion"},{"floor":31.0,"key":"Explosive Potion"},{"floor":33.0,"key":"SteroidPotion"},{"floor":35.0,"key":"FearPotion"}],"is_trial":false,"path_per_floor":["M","M","?","?","M","R","M","R","T","R","E","R","?","M","R","B",null,"M","$","M","?","M","R","M","R","T","$","?","R","$","M","R","B",null,"M","$","?","T","?","E","M","$","T","?","R","M","$","M","R","B",null],"character_chosen":"IRONCLAD","items_purchased":["Chemical X","Membership Card","Brimstone","Vajra","Omamori","Strength Potion","Frozen Eye","BloodPotion","LiquidBronze","Mummified Hand","Sling","Whetstone","Reaper"],"campfire_rested":1,"item_purchase_floors":[27,30,36,42,42,42,42,47,47,47,47,47,47],"current_hp_per_floor":[72,70,70,70,72,72,72,72,72,72,64,64,64,67,67,9,72,72,72,65,65,71,71,56,56,56,56,56,56,56,62,62,58,72,57,57,57,57,57,51,40,40,40,40,40,29,29,39,60,36],"gold":368,"neow_bonus":"ONE_RARE_RELIC","is_prod":false,"is_daily":false,"chose_seed":false,"campfire_upgraded":10,"win_rate":0,"timestamp":1561301197,"path_taken":["M","M","?","?","?","R","M","R","T","R","E","R","?","?","R","BOSS","M","?","M","?","?","R","?","R","T","?","?","R","$","M","R","BOSS","M","$","?","?","?","E","M","$","T","?","R","M","$","?","R","BOSS"],"build_version":"2019-01-23","purchased_purges":6,"victory":true,"max_hp_per_floor":[72,72,72,72,72,72,72,72,72,72,72,72,72,72,72,72,72,72,72,72,72,72,72,72,72,72,72,72,72,72,72,72,72,72,72,72,72,72,72,72,72,72,72,72,72,72,72,72,72,72],"card_choices":[{"not_picked":["Anger","Pommel Strike"],"picked":"Heavy Blade","floor":1.0},{"not_picked":["Hemokinesis","True Grit"],"picked":"Twin Strike","floor":2.0},{"not_picked":["Twin Strike","Seeing Red"],"picked":"Thunderclap","floor":5.0},{"not_picked":["Bloodletting","Shrug It Off","Body Slam"],"picked":"SKIP","floor":7.0},{"not_picked":["Wild Strike","Flame Barrier"],"picked":"Flex","floor":11.0},{"not_picked":["Corruption","Anger"],"picked":"Whirlwind","floor":14.0},{"not_picked":["Impervious","Feed"],"picked":"Demon Form","floor":16.0},{"not_picked":["Infernal Blade","Cleave","Perfected Strike"],"picked":"SKIP","floor":18.0},{"not_picked":["Anger","Bloodletting","Headbutt"],"picked":"SKIP","floor":20.0},{"not_picked":["Havoc+1","Intimidate","Headbutt"],"picked":"SKIP","floor":22.0},{"not_picked":["Pummel","Headbutt","Cleave"],"picked":"SKIP","floor":24.0},{"not_picked":["Headbutt","Cleave"],"picked":"Pummel","floor":24.0},{"not_picked":["Brutality","Wild Strike","Shrug It Off"],"picked":"SKIP","floor":31.0},{"not_picked":["Berserk","Offering"],"picked":"Double Tap","floor":33.0},{"not_picked":["Cleave+1","Clash+1"],"picked":"Uppercut+1","floor":35.0},{"not_picked":["Pommel Strike+1","Searing Blow","Shrug It Off"],"picked":"SKIP","floor":40.0},{"not_picked":["Dropkick","Sentinel+1"],"picked":"Heavy Blade","floor":41.0},{"not_picked":["Corruption","Bloodletting+1","Flex"],"picked":"Pummel+1","floor":46.0},{"not_picked":["Bloodletting+1","Twin Strike+1","True Grit+1"],"picked":"Reaper","floor":48}],"player_experience":1488447,"relics_obtained":[{"floor":9.0,"key":"Bag of Marbles"},{"floor":11.0,"key":"Bottled Lightning"},{"floor":26.0,"key":"Kunai"},{"floor":38.0,"key":"Gremlin Horn"},{"floor":40.0,"key":"Ornamental Fan"},{"floor":43.0,"key":"Question Card"}],"event_choices":[{"damage_healed":0.0,"max_hp_gain":0.0,"max_hp_loss":0.0,"gold_gain":0.0,"event_name":"Living Wall","player_choice":"Grow","floor":3.0,"gold_loss":0.0,"damage_taken":0.0,"cards_upgraded":["Bash"]},{"damage_healed":0.0,"max_hp_gain":0.0,"max_hp_loss":0.0,"gold_gain":0.0,"cards_transformed":["Strike_R"],"event_name":"Transmorgrifier","player_choice":"Transformed","floor":4.0,"gold_loss":0.0,"damage_taken":0.0,"cards_obtained":["Pommel Strike"]},{"cards_removed":["Offering"],"damage_healed":0.0,"max_hp_gain":0.0,"max_hp_loss":0.0,"gold_gain":0.0,"event_name":"NoteForYourself","player_choice":"Took Card","floor":13.0,"gold_loss":0.0,"damage_taken":0.0,"cards_obtained":["Offering"]},{"damage_healed":0.0,"max_hp_gain":0.0,"max_hp_loss":0.0,"gold_gain":0.0,"event_name":"Upgrade Shrine","player_choice":"Upgraded","floor":21.0,"gold_loss":0.0,"damage_taken":0.0,"cards_upgraded":["Demon Form"]},{"damage_healed":0.0,"max_hp_gain":0.0,"max_hp_loss":0.0,"gold_gain":0.0,"event_name":"Vampires","player_choice":"Ignored","floor":28.0,"gold_loss":0.0,"damage_taken":0.0},{"damage_healed":0.0,"max_hp_gain":0.0,"max_hp_loss":0.0,"gold_gain":0.0,"event_name":"Tomb of Lord Red Mask","player_choice":"Ignored","floor":37.0,"gold_loss":0.0,"damage_taken":0.0},{"damage_healed":0.0,"max_hp_gain":0.0,"max_hp_loss":0.0,"gold_gain":999.0,"event_name":"MindBloom","player_choice":"Gold","floor":39.0,"gold_loss":0.0,"damage_taken":0.0,"cards_obtained":["Normality","Normality"]},{"damage_healed":0.0,"max_hp_gain":0.0,"max_hp_loss":0.0,"gold_gain":0.0,"event_name":"FaceTrader","player_choice":"Trade","floor":44.0,"gold_loss":0.0,"damage_taken":0.0,"relics_obtained":["SsserpentHead"]}],"is_beta":false,"boss_relics":[{"not_picked":["Snecko Eye","White Beast Statue"],"picked":"Runic Dome"},{"not_picked":["Black Blood","Fusion Hammer"],"picked":"Velvet Choker"}],"items_purged_floors":[19,27,30,36,42,47],"is_endless":false,"potions_floor_spawned":[7,16,22,24,31,33,35,48],"ascension_level":0}