{"gold_per_floor":[109,109,119,119,144,172,172,502,502,502,530,69,96,113,113,210,210,220,245,245,256,272,272],"floor_reached":23,"playtime":1307,"items_purged":[],"score":375,"play_id":"3011f7df-c9ff-417b-a778-98c979728d10","local_time":"20190313021903","is_ascension_mode":true,"campfire_choices":[{"data":"Neutralize","floor":7,"key":"SMITH"},{"floor":15,"key":"REST"}],"neow_cost":"NONE","seed_source_timestamp":977027696644010,"circlet_count":0,"master_deck":["AscendersBane","Defend_G","Defend_G","Defend_G","Defend_G","Defend_G","Strike_G","Strike_G","Strike_G","Strike_G","Survivor","Neutralize+1","Dash","Flying Knee","Crippling Poison+1","Deadly Poison","Cloak And Dagger","Infinite Blades","Predator","Dash","Glass Knife+1","Deadly Poison","Leg Sweep"],"relics":["Ring of the Snake","NeowsBlessing","Dream Catcher","Regal Pillow","Old Coin","Bottled Lightning","Vajra","Mummified Hand","Potion Belt","Cursed Key","Red Mask"],"potions_floor_usage":[11,13],"damage_taken":[{"damage":0,"enemies":"Jaw Worm","floor":1,"turns":1},{"damage":0,"enemies":"Cultist","floor":3,"turns":1},{"damage":0,"enemies":"Lagavulin","floor":6,"turns":2},{"damage":23,"enemies":"3 Sentries","floor":8,"turns":12},{"damage":12,"enemies":"Gremlin Nob","floor":11,"turns":4},{"damage":1,"enemies":"Lagavulin","floor":13,"turns":5},{"damage":2,"enemies":"Small Slimes","floor":14,"turns":3},{"damage":15,"enemies":"The Guardian","floor":16,"turns":11},{"damage":16,"enemies":"Spheric Guardian","floor":18,"turns":4},{"damage":10,"enemies":"Masked Bandits","floor":19,"turns":3},{"damage":6,"enemies":"Shell Parasite","floor":21,"turns":4},{"damage":14,"enemies":"Centurion and Healer","floor":22,"turns":6},{"damage":20,"enemies":"Slavers","floor":23,"turns":2}],"seed_played":"6369378068194728448","potions_obtained":[{"floor":1,"key":"EssenceOfSteel"},{"floor":3,"key":"Swift Potion"},{"floor":22,"key":"Swift Potion"}],"is_trial":false,"path_per_floor":["M","?","M","?","T","E","R","E","T","?","E","$","E","M","R","B",null,"M","?","?","M","M","E"],"character_chosen":"THE_SILENT","items_purchased":["Vajra","Mummified Hand","Infinite Blades"],"campfire_rested":1,"item_purchase_floors":[12,12,12],"current_hp_per_floor":[63,63,63,63,63,63,63,40,40,40,28,28,27,25,61,46,64,48,38,38,32,18,0],"gold":272,"neow_bonus":"THREE_ENEMY_KILL","is_prod":false,"is_daily":false,"chose_seed":false,"campfire_upgraded":1,"win_rate":0,"timestamp":1552457943,"path_taken":["M","?","?","?","?","E","R","E","T","?","E","?","E","M","R","BOSS","M","?","?","?","M","E"],"build_version":"2019-01-23","purchased_purges":0,"victory":false,"max_hp_per_floor":[70,70,70,70,70,70,70,70,70,70,70,70,70,70,70,70,70,70,70,70,70,70,70],"card_choices":[{"not_picked":["Endless Agony","Finisher"],"picked":"Dash","floor":1},{"not_picked":["Poisoned Stab","Quick Slash"],"picked":"Flying Knee","floor":3},{"not_picked":["Prepared","Dash"],"picked":"Crippling Poison","floor":6},{"not_picked":["Dodge and Roll","Prepared"],"picked":"Deadly Poison","floor":8},{"not_picked":["Flying Knee","Blade Dance"],"picked":"Cloak And Dagger","floor":11},{"not_picked":["PiercingWail","Outmaneuver"],"picked":"Predator","floor":13},{"not_picked":["Escape Plan","Sucker Punch"],"picked":"Dash","floor":14},{"not_picked":["Adrenaline","A Thousand Cuts"],"picked":"Glass Knife","floor":16},{"not_picked":["Dagger Spray","Endless Agony"],"picked":"Deadly Poison","floor":18},{"not_picked":["Deadly Poison+1","Riddle With Holes","Deflect"],"picked":"SKIP","floor":21},{"not_picked":["Acrobatics+1","Backflip"],"picked":"Leg Sweep","floor":22}],"player_experience":1844330,"relics_obtained":[{"floor":5,"key":"Dream Catcher"},{"floor":6,"key":"Regal Pillow"},{"floor":8,"key":"Old Coin"},{"floor":11,"key":"Bottled Lightning"},{"floor":13,"key":"Potion Belt"},{"floor":19,"key":"Red Mask"}],"event_choices":[{"cards_removed":["Strike_G"],"damage_healed":0,"gold_gain":0,"player_choice":"Purged","damage_taken":0,"max_hp_gain":0,"max_hp_loss":0,"event_name":"Purifier","floor":2,"gold_loss":0},{"damage_healed":0,"gold_gain":0,"player_choice":"Ignored","damage_taken":0,"max_hp_gain":0,"max_hp_loss":0,"event_name":"Liars Game","floor":4,"gold_loss":0},{"damage_healed":0,"gold_gain":0,"player_choice":"Grow","damage_taken":0,"max_hp_gain":0,"max_hp_loss":0,"event_name":"Living Wall","floor":10,"gold_loss":0,"cards_upgraded":["Crippling Poison"]},{"damage_healed":0,"gold_gain":0,"player_choice":"Fought Bandits","damage_taken":0,"max_hp_gain":0,"max_hp_loss":0,"event_name":"Masked Bandits","floor":19,"gold_loss":0},{"damage_healed":0,"gold_gain":0,"player_choice":"Upgraded","damage_taken":0,"max_hp_gain":0,"max_hp_loss":0,"event_name":"Upgrade Shrine","floor":20,"gold_loss":0,"cards_upgraded":["Glass Knife"]}],"is_beta":false,"boss_relics":[{"not_picked":["Pandora\u0027s Box","Astrolabe"],"picked":"Cursed Key"}],"items_purged_floors":[],"is_endless":false,"potions_floor_spawned":[1,3,6,22],"killed_by":"Slavers","ascension_level":11}