{"gold_per_floor":[15,30,41,56,72,72,103,103,126,126,142,168,193,207,207,281,281,297,222,222,239,250,250,250,250,250,250],"floor_reached":27,"playtime":2385,"items_purged":[],"score":416,"play_id":"e967c652-fa51-4ac9-aade-9be9993e4d41","local_time":"20190612174028","is_ascension_mode":true,"campfire_choices":[{"data":"Bash","floor":6.0,"key":"SMITH"},{"floor":8.0,"key":"REST"},{"data":"Juggernaut","floor":10.0,"key":"SMITH"},{"floor":15,"key":"REST"},{"floor":23,"key":"REST"}],"neow_cost":"NO_GOLD","seed_source_timestamp":861618276507050,"circlet_count":0,"master_deck":["AscendersBane","Defend_R","Defend_R","Defend_R","Defend_R","Bash+1","Battle Trance","Pommel Strike","Anger","Thunderclap","Spot Weakness","Juggernaut+1","Corruption","Shrug It Off","Iron Wave","Brutality","Rampage+1","Offering+1","Clothesline+1","Shrug It Off","Rage","Decay"],"special_seed":0,"relics":["Burning Blood","Gambling Chip","Calipers","Bag of Marbles","Art of War","Orichalcum","Astrolabe","PreservedInsect"],"potions_floor_usage":[16,16,24],"damage_taken":[{"damage":2.0,"enemies":"Cultist","floor":1.0,"turns":4.0},{"damage":3.0,"enemies":"2 Louse","floor":2.0,"turns":5.0},{"damage":9.0,"enemies":"Jaw Worm","floor":3.0,"turns":5.0},{"damage":21.0,"enemies":"Lots of Slimes","floor":4.0,"turns":6.0},{"damage":15.0,"enemies":"3 Louse","floor":5.0,"turns":4.0},{"damage":30.0,"enemies":"Lagavulin","floor":7.0,"turns":5.0},{"damage":9.0,"enemies":"Red Slaver","floor":11.0,"turns":3.0},{"damage":25.0,"enemies":"3 Sentries","floor":13.0,"turns":5.0},{"damage":12,"enemies":"Large Slime","floor":14,"turns":4},{"damage":12,"enemies":"Slime Boss","floor":16,"turns":9},{"damage":31,"enemies":"Chosen","floor":18,"turns":5},{"damage":19,"enemies":"Shell Parasite","floor":21,"turns":3},{"damage":19,"enemies":"Snecko","floor":22,"turns":4},{"damage":27,"enemies":"Colosseum Slavers","floor":24,"turns":5},{"damage":23,"enemies":"3 Cultists","floor":27,"turns":3}],"seed_played":"8773567953643118294","potions_obtained":[{"floor":1.0,"key":"FairyPotion"},{"floor":3.0,"key":"Dexterity Potion"},{"floor":4.0,"key":"SteroidPotion"},{"floor":14,"key":"EssenceOfSteel"},{"floor":18,"key":"SpeedPotion"},{"floor":21,"key":"Fire Potion"}],"is_trial":false,"path_per_floor":["M","M","M","M","M","R","E","R","T","R","M","T","E","M","R","B",null,"M","?","?","M","M","R","?","?","T","M"],"character_chosen":"IRONCLAD","items_purchased":[],"campfire_rested":3,"item_purchase_floors":[],"current_hp_per_floor":[72,75,72,57,48,48,24,46,46,46,43,43,24,18,40,34,65,40,40,40,27,14,36,15,15,15,0],"gold":250,"neow_bonus":"ONE_RARE_RELIC","is_prod":false,"is_daily":false,"chose_seed":false,"campfire_upgraded":2,"win_rate":0,"timestamp":1560375628,"path_taken":["M","M","?","M","M","R","E","R","T","R","M","?","E","M","R","BOSS","M","?","?","?","M","R","?","?","T","M"],"build_version":"2019-01-23","purchased_purges":0,"victory":false,"max_hp_per_floor":[75,75,75,75,75,75,75,75,75,75,75,75,75,75,75,75,75,75,75,75,75,75,75,75,75,75,75],"card_choices":[{"not_picked":["Wild Strike","Havoc"],"picked":"Battle Trance","floor":1.0},{"not_picked":["Pummel","Clash"],"picked":"Pommel Strike","floor":2.0},{"not_picked":["Havoc","Flex"],"picked":"Anger","floor":3.0},{"not_picked":["Anger","Intimidate"],"picked":"Thunderclap","floor":4.0},{"not_picked":["Pummel","Heavy Blade"],"picked":"Spot Weakness","floor":5.0},{"not_picked":["Cleave","Shrug It Off"],"picked":"Juggernaut","floor":7.0},{"not_picked":["Cleave","Armaments"],"picked":"Corruption","floor":11.0},{"not_picked":["Sword Boomerang","Uppercut"],"picked":"Shrug It Off","floor":13.0},{"not_picked":["Inflame","Dropkick"],"picked":"Iron Wave","floor":14},{"not_picked":["Juggernaut","Exhume"],"picked":"Brutality","floor":16},{"not_picked":["Armaments","Inflame"],"picked":"Shrug It Off","floor":18},{"not_picked":["Body Slam","Havoc+1"],"picked":"Rage","floor":21},{"not_picked":["Havoc","True Grit","Dropkick"],"picked":"SKIP","floor":22}],"player_experience":2285878,"relics_obtained":[{"floor":7.0,"key":"Calipers"},{"floor":9.0,"key":"Bag of Marbles"},{"floor":12.0,"key":"Art of War"},{"floor":13.0,"key":"Orichalcum"},{"floor":26,"key":"PreservedInsect"}],"event_choices":[{"cards_removed":["Strike_R"],"damage_healed":0,"gold_gain":0,"player_choice":"Gave Gold","damage_taken":0,"max_hp_gain":0,"max_hp_loss":0,"event_name":"Beggar","floor":19,"gold_loss":75},{"cards_removed":["Strike_R"],"damage_healed":0,"gold_gain":0,"player_choice":"Purged","damage_taken":0,"max_hp_gain":0,"max_hp_loss":0,"event_name":"Purifier","floor":20,"gold_loss":0},{"damage_healed":0,"gold_gain":0,"player_choice":"Fight","damage_taken":0,"max_hp_gain":0,"max_hp_loss":0,"event_name":"Colosseum","floor":24,"gold_loss":0},{"damage_healed":0,"gold_gain":0,"player_choice":"Fled From Nobs","damage_taken":0,"max_hp_gain":0,"max_hp_loss":0,"event_name":"Colosseum","floor":24,"gold_loss":0},{"damage_healed":0,"gold_gain":0,"player_choice":"Smashed Altar","damage_taken":0,"max_hp_gain":0,"max_hp_loss":0,"event_name":"Forgotten Altar","floor":25,"gold_loss":0,"cards_obtained":["Decay"]}],"is_beta":false,"boss_relics":[{"not_picked":["Lizard Tail","Black Star"],"picked":"Astrolabe"}],"items_purged_floors":[],"is_endless":false,"potions_floor_spawned":[1,3,4,14,18,21,24],"killed_by":"3 Cultists","ascension_level":17}