{"gold_per_floor":[119,119,135,56,56,90,90,90,90,125,51,51,51,63,63,139,139,149,97,79,79,79],"floor_reached":22,"playtime":730,"items_purged":[],"score":323,"play_id":"6c590a1a-6081-4944-93c5-ff5804f88c44","local_time":"20190624023946","is_ascension_mode":true,"campfire_choices":[{"data":"Inflame","floor":8,"key":"SMITH"},{"data":"True Grit","floor":12,"key":"SMITH"},{"data":"Disarm","floor":15,"key":"SMITH"}],"neow_cost":"NONE","seed_source_timestamp":166697696351577,"circlet_count":0,"master_deck":["AscendersBane","Strike_R","Strike_R","Strike_R","Strike_R","Defend_R","Defend_R","Defend_R","Bash","True Grit+1","Iron Wave","Inflame+1","Battle Trance","Shrug It Off","True Grit+1","Disarm+1","Barricade","Flame Barrier","Headbutt"],"relics":["Burning Blood","Bronze Scales","Strawberry","Omamori","Dodecahedron","Calipers","Bird Faced Urn","Philosopher\u0027s Stone"],"potions_floor_usage":[6,10,16,20],"damage_taken":[{"damage":14,"enemies":"Jaw Worm","floor":1,"turns":3},{"damage":0,"enemies":"2 Louse","floor":3,"turns":2},{"damage":16,"enemies":"3 Sentries","floor":6,"turns":7},{"damage":27,"enemies":"Gremlin Nob","floor":10,"turns":4},{"damage":6,"enemies":"Cultist","floor":14,"turns":3},{"damage":13,"enemies":"The Guardian","floor":16,"turns":14},{"damage":6,"enemies":"Chosen","floor":18,"turns":5},{"damage":28,"enemies":"2 Thieves","floor":20,"turns":4},{"damage":64,"enemies":"3 Cultists","floor":22,"turns":7}],"seed_played":"-1767255755099008823","potions_obtained":[{"floor":3,"key":"SkillPotion"},{"floor":6,"key":"SteroidPotion"},{"floor":10,"key":"SkillPotion"}],"is_trial":false,"path_per_floor":["M","?","M","$","?","E","?","R","T","E","$","R","$","M","R","B",null,"M","$","M","?","M"],"character_chosen":"IRONCLAD","items_purchased":["Inflame","Shrug It Off","True Grit","Fire Potion"],"campfire_rested":0,"item_purchase_floors":[4,11,11,19],"current_hp_per_floor":[60,60,66,66,70,60,60,60,60,39,39,39,39,41,41,36,71,73,73,53,53,0],"gold":79,"neow_bonus":"RANDOM_COMMON_RELIC","is_prod":false,"is_daily":false,"chose_seed":false,"campfire_upgraded":3,"win_rate":0,"timestamp":1561315186,"path_taken":["M","?","M","$","?","E","?","R","T","E","$","R","$","?","R","BOSS","M","$","M","?","M"],"build_version":"2019-01-23","purchased_purges":0,"victory":false,"max_hp_per_floor":[75,75,75,75,82,82,82,82,82,82,82,82,82,82,82,82,82,82,82,82,82,82],"card_choices":[{"not_picked":["Heavy Blade","Clash"],"picked":"True Grit","floor":1},{"not_picked":["Warcry","Fiend Fire"],"picked":"Iron Wave","floor":3},{"not_picked":["Iron Wave","Headbutt","Shockwave"],"picked":"SKIP","floor":6},{"not_picked":["Thunderclap","Ghostly Armor"],"picked":"Battle Trance","floor":10},{"not_picked":["Sword Boomerang","Feel No Pain"],"picked":"Disarm","floor":14},{"not_picked":["Impervious","Brutality"],"picked":"Barricade","floor":16},{"not_picked":["Rupture","Second Wind","Clash"],"picked":"SKIP","floor":18},{"not_picked":["Anger","Warcry","Burning Pact"],"picked":"SKIP","floor":20}],"player_experience":547792,"relics_obtained":[{"floor":6,"key":"Omamori"},{"floor":7,"key":"Dodecahedron"},{"floor":9,"key":"Calipers"},{"floor":10,"key":"Bird Faced Urn"}],"event_choices":[{"damage_healed":0,"gold_gain":0,"player_choice":"Grow","damage_taken":0,"max_hp_gain":0,"max_hp_loss":0,"event_name":"Living Wall","floor":2,"gold_loss":0,"cards_upgraded":["True Grit"]},{"damage_healed":0,"gold_gain":0,"player_choice":"Success","damage_taken":3,"relics_obtained":["Strawberry"],"max_hp_gain":0,"max_hp_loss":0,"event_name":"Scrap Ooze","floor":5,"gold_loss":0},{"damage_healed":0,"gold_gain":0,"player_choice":"Relic","damage_taken":0,"max_hp_gain":0,"max_hp_loss":0,"event_name":"Wheel of Change","floor":7,"gold_loss":0},{"damage_healed":0,"gold_gain":0,"cards_transformed":["Defend_R","Strike_R"],"player_choice":"Became Test Subject","damage_taken":0,"max_hp_gain":0,"max_hp_loss":0,"event_name":"Drug Dealer","floor":21,"gold_loss":0,"cards_obtained":["Flame Barrier","Headbutt"]}],"is_beta":false,"boss_relics":[{"not_picked":["Fusion Hammer","Pandora\u0027s Box"],"picked":"Philosopher\u0027s Stone"}],"items_purged_floors":[],"is_endless":false,"potions_floor_spawned":[3,6,10],"killed_by":"3 Cultists","ascension_level":14}