{"gold_per_floor":[116,126,58,70,70,102,119,119,119,133,62,90,15,15,15,112,112,127,57,57,257,276,304,321,321,321,321,151,171,186,286,286,390,390,401,92,104,124,124],"floor_reached":39,"playtime":3544,"items_purged":["Strike_R","Clash","Bite"],"score":498,"play_id":"1634af85-b6e7-45b3-a564-579f1f06f1bb","local_time":"20190504004706","is_ascension_mode":true,"campfire_choices":[{"data":"Demon Form","floor":8.0,"key":"SMITH"},{"data":"Rampage","floor":15.0,"key":"SMITH"},{"floor":25.0,"key":"REST"},{"data":"Seeing Red","floor":27.0,"key":"SMITH"},{"floor":32.0,"key":"REST"}],"neow_cost":"NONE","seed_source_timestamp":31780027667830,"circlet_count":0,"master_deck":["Defend_R","Defend_R","Defend_R+1","Bash","Seeing Red+1","Uppercut","Dropkick","Demon Form+1","Armaments+1","Iron Wave","Rampage+1","Limit Break","Headbutt","Impervious","Uppercut","Pommel Strike+1","Dropkick","Bite+1","Bite","Bite","Bite","Inflame","Flame Barrier","Rage+1","Ghostly Armor","Pommel Strike+1","Impervious","Spot Weakness","Rage","Shrug It Off","Headbutt"],"special_seed":0,"relics":["Black Blood","NeowsBlessing","Pear","Art of War","Bottled Lightning","Pocketwatch","Orrery","War Paint","Strawberry","Whetstone"],"potions_floor_usage":[],"damage_taken":[{"damage":0.0,"enemies":"Cultist","floor":1.0,"turns":1.0},{"damage":0.0,"enemies":"Jaw Worm","floor":2.0,"turns":1.0},{"damage":0.0,"enemies":"2 Louse","floor":4.0,"turns":1.0},{"damage":3.0,"enemies":"Lagavulin","floor":6.0,"turns":4.0},{"damage":9.0,"enemies":"Blue Slaver","floor":7.0,"turns":3.0},{"damage":7.0,"enemies":"2 Fungi Beasts","floor":10.0,"turns":3.0},{"damage":29.0,"enemies":"Gremlin Nob","floor":12.0,"turns":4.0},{"damage":36.0,"enemies":"Hexaghost","floor":16.0,"turns":7.0},{"damage":7.0,"enemies":"Chosen","floor":18.0,"turns":4.0},{"damage":22.0,"enemies":"Shell Parasite","floor":22.0,"turns":4.0},{"damage":49.0,"enemies":"Gremlin Leader","floor":23.0,"turns":7.0},{"damage":13.0,"enemies":"Centurion and Healer","floor":24.0,"turns":6.0},{"damage":26.0,"enemies":"Snake Plant","floor":29.0,"turns":5.0},{"damage":25.0,"enemies":"Sentry and Sphere","floor":30.0,"turns":6.0},{"damage":72.0,"enemies":"Collector","floor":33.0,"turns":11.0},{"damage":30.0,"enemies":"3 Shapes","floor":35.0,"turns":6.0},{"damage":48.0,"enemies":"3 Darklings","floor":37.0,"turns":9.0},{"damage":10.0,"enemies":"4 Shapes","floor":38.0,"turns":9.0},{"damage":61,"enemies":"Jaw Worm Horde","floor":39,"turns":5}],"seed_played":"4625246917272420355","potions_obtained":[{"floor":1.0,"key":"Block Potion"},{"floor":4.0,"key":"Energy Potion"},{"floor":7.0,"key":"SkillPotion"},{"floor":10.0,"key":"BloodPotion"},{"floor":22.0,"key":"EssenceOfSteel"},{"floor":23.0,"key":"SkillPotion"},{"floor":30.0,"key":"BloodPotion"},{"floor":33.0,"key":"Ancient Potion"},{"floor":35.0,"key":"Ancient Potion"}],"is_trial":false,"path_per_floor":["M","M","$","M","T","E","M","R","T","M","$","E","$","?","R","B",null,"M","$","?","?","M","E","M","R","T","R","$","M","M","?","R","B",null,"M","$","M","M","M"],"character_chosen":"IRONCLAD","items_purchased":["Dropkick","Rampage","Dropkick","Ghostly Armor","Whetstone","Rage"],"campfire_rested":2,"item_purchase_floors":[3,11,19,28,36,36],"current_hp_per_floor":[80,80,80,80,90,90,87,87,87,86,86,72,72,72,72,42,90,89,89,63,63,47,20,19,37,44,44,44,34,33,33,54,19,70,60,60,32,42,0],"gold":124,"neow_bonus":"THREE_ENEMY_KILL","is_prod":false,"is_daily":false,"chose_seed":false,"campfire_upgraded":3,"win_rate":0,"timestamp":1556945226,"path_taken":["M","M","$","?","?","E","M","R","T","M","$","E","?","?","R","BOSS","M","$","?","?","M","E","M","R","T","R","$","?","M","?","R","BOSS","M","$","?","M","M"],"build_version":"2019-01-23","purchased_purges":3,"victory":false,"max_hp_per_floor":[80,80,80,80,90,90,90,90,90,90,90,90,90,90,90,90,90,90,90,63,63,63,63,63,63,70,70,70,70,70,70,70,70,70,70,70,70,70,70],"card_choices":[{"not_picked":["Headbutt","Anger"],"picked":"Seeing Red","floor":1.0},{"not_picked":["True Grit","Flex"],"picked":"Uppercut","floor":2.0},{"not_picked":["Combust","Warcry"],"picked":"Demon Form","floor":4.0},{"not_picked":["Clash","Whirlwind"],"picked":"Armaments","floor":6.0},{"not_picked":["Sword Boomerang","Havoc"],"picked":"Iron Wave","floor":7.0},{"not_picked":["Ghostly Armor","Shockwave"],"picked":"Clash","floor":10.0},{"not_picked":["True Grit","Anger","Wild Strike"],"picked":"SKIP","floor":12.0},{"not_picked":["Barricade","Feed"],"picked":"Limit Break","floor":16.0},{"not_picked":["Carnage","Clothesline"],"picked":"Headbutt","floor":17.0},{"not_picked":["Cleave","Intimidate"],"picked":"Impervious","floor":17.0},{"not_picked":["Thunderclap","Clothesline"],"picked":"Uppercut","floor":17.0},{"not_picked":["Disarm+1","Combust"],"picked":"Pommel Strike+1","floor":18.0},{"not_picked":["Cleave+1","Wild Strike"],"picked":"Inflame","floor":22.0},{"not_picked":["Warcry","Clothesline"],"picked":"Flame Barrier","floor":23.0},{"not_picked":["Body Slam","Blood for Blood"],"picked":"Rage+1","floor":24.0},{"not_picked":["Clothesline","Clash+1"],"picked":"Pommel Strike","floor":29.0},{"not_picked":["Shockwave","True Grit","Flex"],"picked":"SKIP","floor":30.0},{"not_picked":["Exhume","Bludgeon"],"picked":"Impervious","floor":33.0},{"not_picked":["Feel No Pain+1","Clash+1"],"picked":"Spot Weakness","floor":35.0},{"not_picked":["Sword Boomerang+1","Armaments"],"picked":"Shrug It Off","floor":37.0},{"not_picked":["Perfected Strike+1","Sword Boomerang"],"picked":"Headbutt","floor":38.0}],"player_experience":197614,"relics_obtained":[{"floor":5.0,"key":"Pear"},{"floor":6.0,"key":"Art of War"},{"floor":9.0,"key":"Bottled Lightning"},{"floor":12.0,"key":"Pocketwatch"},{"floor":23.0,"key":"War Paint"},{"floor":26.0,"key":"Strawberry"}],"event_choices":[{"cards_removed":["Defend_R"],"damage_healed":0.0,"max_hp_gain":0.0,"max_hp_loss":0.0,"gold_gain":0.0,"event_name":"Living Wall","player_choice":"Forget","floor":14.0,"gold_loss":0.0,"damage_taken":0.0},{"damage_healed":0.0,"max_hp_gain":0.0,"max_hp_loss":27.0,"gold_gain":0.0,"event_name":"Vampires","player_choice":"Became a vampire","floor":20.0,"gold_loss":0.0,"damage_taken":0.0,"cards_obtained":["Bite","Bite","Bite","Bite","Bite"]},{"damage_healed":0.0,"max_hp_gain":0.0,"max_hp_loss":0.0,"gold_gain":250.0,"event_name":"The Joust","player_choice":"Bet on Owner","floor":21.0,"gold_loss":50.0,"damage_taken":0.0},{"damage_healed":0.0,"max_hp_gain":0.0,"max_hp_loss":0.0,"gold_gain":100.0,"event_name":"Golden Shrine","player_choice":"Pray","floor":31.0,"gold_loss":0.0,"damage_taken":0.0}],"is_beta":false,"boss_relics":[{"not_picked":["Cursed Key","Velvet Choker"],"picked":"Orrery"},{"not_picked":["Fusion Hammer","Pandora\u0027s Box"],"picked":"Black Blood"}],"items_purged_floors":[13,28,36],"is_endless":false,"potions_floor_spawned":[1,4,7,10,22,23,30,33,35],"killed_by":"Jaw Worm Horde","ascension_level":3}