{"gold_per_floor":[112,126,301,48,67,67,101,113,140,166,189,219,219,19,19,120,120,135,145,156,41,56,83,100,100,100,125,125,143,173,185,185,288,288,300,250,264,61,161,188,0,0,25,25,41,61,61,72,72,72,72,72,22,47,47],"floor_reached":55,"playtime":4193,"items_purged":["Doubt"],"score":1021,"play_id":"df566081-f660-42dc-af7c-92feb4cb1b99","local_time":"20190512210908","is_ascension_mode":true,"campfire_choices":[{"data":"White Noise","floor":6.0,"key":"SMITH"},{"data":"Coolheaded","floor":13.0,"key":"SMITH"},{"floor":15.0,"key":"REST"},{"data":"Seek","floor":25.0,"key":"SMITH"},{"floor":32.0,"key":"REST"},{"data":"Madness","floor":44.0,"key":"SMITH"},{"floor":49.0,"key":"RECALL"},{"data":"Madness","floor":52.0,"key":"SMITH"}],"neow_cost":"NONE","seed_source_timestamp":14446219947554,"circlet_count":0,"master_deck":["Strike_B","Strike_B","Strike_B","Strike_B","Defend_B","Defend_B","Defend_B+1","Defend_B","Zap","Dualcast+1","White Noise+1","Capacitor","Chaos","Genetic Algorithm","Barrage","Coolheaded+1","Genetic Algorithm","Hologram","Ball Lightning","Seek+1","Glacier","Ball Lightning+1","Reinforced Body","Chill","Coolheaded","Capacitor","Double Energy+1","Ball Lightning+1","Parasite","Glacier","Tempest","BootSequence","Skim","Coolheaded+1","Echo Form","Self Repair","Turbo","Electrodynamics","Conserve Battery","Madness+1","Madness+1","Normality","Capacitor","Turbo+1","White Noise+1","Tempest","Hologram","Biased Cognition"],"special_seed":0,"relics":["Cursed Key","Happy Flower","Omamori","Strawberry","Boot","Pen Nib","Bronze Scales","Art of War","Black Star","DataDisk","PreservedInsect","Pantograph","Ancient Tea Set","Prayer Wheel","Oddly Smooth Stone","War Paint","White Beast Statue","Centennial Puzzle","Unceasing Top","Anchor","Lantern","Red Mask","Ginger","Mummified Hand"],"potions_floor_usage":[55],"damage_taken":[{"damage":4.0,"enemies":"2 Louse","floor":1.0,"turns":2.0},{"damage":3.0,"enemies":"Jaw Worm","floor":2.0,"turns":4.0},{"damage":4.0,"enemies":"Cultist","floor":5.0,"turns":4.0},{"damage":4.0,"enemies":"3 Sentries","floor":7.0,"turns":3.0},{"damage":9.0,"enemies":"Blue Slaver","floor":8.0,"turns":5.0},{"damage":25.0,"enemies":"Lagavulin","floor":10.0,"turns":8.0},{"damage":12.0,"enemies":"Gremlin Nob","floor":12.0,"turns":4.0},{"damage":10.0,"enemies":"The Guardian","floor":16.0,"turns":9.0},{"damage":15.0,"enemies":"2 Thieves","floor":18.0,"turns":3.0},{"damage":11.0,"enemies":"Spheric Guardian","floor":19.0,"turns":5.0},{"damage":0.0,"enemies":"Cultist and Chosen","floor":20.0,"turns":6.0},{"damage":1.0,"enemies":"Snake Plant","floor":22.0,"turns":4.0},{"damage":16.0,"enemies":"Book of Stabbing","floor":23.0,"turns":7.0},{"damage":0.0,"enemies":"Centurion and Healer","floor":24.0,"turns":6.0},{"damage":0.0,"enemies":"Slavers","floor":27.0,"turns":4.0},{"damage":7.0,"enemies":"3 Cultists","floor":29.0,"turns":5.0},{"damage":0.0,"enemies":"Book of Stabbing","floor":30.0,"turns":4.0},{"damage":1.0,"enemies":"Sentry and Sphere","floor":31.0,"turns":6.0},{"damage":22.0,"enemies":"Champ","floor":33.0,"turns":10.0},{"damage":6.0,"enemies":"3 Shapes","floor":35.0,"turns":5.0},{"damage":26.0,"enemies":"3 Darklings","floor":37.0,"turns":6.0},{"damage":30.0,"enemies":"Mind Bloom Boss Battle","floor":39.0,"turns":8.0},{"damage":19.0,"enemies":"Giant Head","floor":40.0,"turns":10.0},{"damage":0.0,"enemies":"Spire Growth","floor":45.0,"turns":6.0},{"damage":16.0,"enemies":"4 Shapes","floor":46.0,"turns":8.0},{"damage":0.0,"enemies":"Maw","floor":48.0,"turns":9.0},{"damage":88.0,"enemies":"Awakened One","floor":50.0,"turns":14.0},{"damage":36.0,"enemies":"Shield and Spear","floor":54.0,"turns":6.0},{"damage":71,"enemies":"The Heart","floor":55,"turns":8}],"seed_played":"-7029637577993476970","potions_obtained":[{"floor":1.0,"key":"AttackPotion"},{"floor":7.0,"key":"Energy Potion"},{"floor":8.0,"key":"Weak Potion"},{"floor":18.0,"key":"SkillPotion"},{"floor":20.0,"key":"Ancient Potion"},{"floor":22.0,"key":"Explosive Potion"},{"floor":27.0,"key":"Weak Potion"},{"floor":30.0,"key":"SpeedPotion"},{"floor":33.0,"key":"FairyPotion"},{"floor":35.0,"key":"Dexterity Potion"},{"floor":37.0,"key":"SteroidPotion"},{"floor":39.0,"key":"Regen Potion"},{"floor":45.0,"key":"Block Potion"},{"floor":46.0,"key":"Dexterity Potion"},{"floor":48.0,"key":"GamblersBrew"},{"floor":54.0,"key":"SkillPotion"}],"is_trial":false,"path_per_floor":["M","M","?","$","M","R","E","M","T","E","T","E","R","$","R","B",null,"M","M","M","$","M","E","M","R","T","E","?","M","E","M","R","B",null,"M","?","M","$","?","E","?","?","T","R","M","M","$","M","R","B",null,"R","$","E","B"],"character_chosen":"DEFECT","items_purchased":["Happy Flower","Chaos","Art of War","Ball Lightning","Chill","Coolheaded","Electrodynamics","Conserve Battery","Hologram"],"campfire_rested":2,"item_purchase_floors":[4,4,14,14,21,21,38,38,53],"current_hp_per_floor":[71,68,68,68,64,64,60,51,58,33,33,21,21,21,45,35,70,55,44,44,44,43,27,27,27,27,27,27,20,20,19,43,46,73,67,67,48,48,50,53,53,43,43,43,57,55,55,69,69,15,65,65,65,43,0],"gold":47,"neow_bonus":"BOSS_RELIC","is_prod":false,"is_daily":false,"chose_seed":false,"campfire_upgraded":5,"win_rate":0,"timestamp":1557709748,"path_taken":["M","M","?","$","M","R","E","M","T","E","?","E","R","?","R","BOSS","M","M","M","$","M","E","M","R","T","E","?","M","E","M","R","BOSS","M","?","?","$","?","E","?","?","T","R","M","M","$","M","R","BOSS","R","$","E","BOSS"],"build_version":"2019-01-23","purchased_purges":1,"victory":false,"max_hp_per_floor":[75,75,75,75,75,75,75,75,82,82,82,82,82,82,82,82,82,82,82,82,82,82,82,82,82,82,82,82,82,82,82,82,82,82,82,82,82,82,82,82,82,82,82,82,82,82,82,82,82,82,82,82,82,82,82],"card_choices":[{"not_picked":["Turbo","Beam Cell"],"picked":"White Noise","floor":1.0},{"not_picked":["Coolheaded","Ball Lightning"],"picked":"Capacitor","floor":2.0},{"not_picked":["Leap","Coolheaded"],"picked":"Genetic Algorithm","floor":5.0},{"not_picked":["Go for the Eyes","Gash"],"picked":"Barrage","floor":7.0},{"not_picked":["All For One","Aggregate"],"picked":"Coolheaded","floor":8.0},{"not_picked":["Beam Cell","Redo"],"picked":"Genetic Algorithm","floor":10.0},{"not_picked":["Rebound","Beam Cell"],"picked":"Hologram","floor":12.0},{"not_picked":["Creative AI","Hyperbeam"],"picked":"Seek","floor":16.0},{"not_picked":["Ball Lightning","Sweeping Beam+1"],"picked":"Glacier","floor":18.0},{"not_picked":["Turbo","Gash"],"picked":"Ball Lightning+1","floor":19.0},{"not_picked":["Barrage","Turbo"],"picked":"Reinforced Body","floor":20.0},{"not_picked":["Ball Lightning+1","Leap"],"picked":"Capacitor","floor":22.0},{"not_picked":["Steam","Leap"],"picked":"Double Energy+1","floor":23.0},{"not_picked":["White Noise","Turbo"],"picked":"Ball Lightning+1","floor":24.0},{"not_picked":["Ball Lightning+1","All For One"],"picked":"Glacier","floor":27.0},{"not_picked":["Go for the Eyes","Compile Driver+1"],"picked":"Tempest","floor":29.0},{"not_picked":["Force Field+1","Go for the Eyes"],"picked":"BootSequence","floor":29.0},{"not_picked":["Doom and Gloom","Redo+1"],"picked":"Skim","floor":30.0},{"not_picked":["Heatsinks","FTL"],"picked":"Coolheaded+1","floor":31.0},{"not_picked":["Cold Snap","Recycle","Rip and Tear"],"picked":"SKIP","floor":31.0},{"not_picked":["Buffer","Machine Learning"],"picked":"Echo Form","floor":33.0},{"not_picked":["Beam Cell+1","Fusion"],"picked":"Self Repair","floor":35.0},{"not_picked":["Redo","Steam","Machine Learning"],"picked":"SKIP","floor":35.0},{"not_picked":["Aggregate","Rebound+1"],"picked":"Turbo","floor":37.0},{"not_picked":["Stack+1","Lockon+1","Redo+1"],"picked":"SKIP","floor":37.0},{"not_picked":["Gash","Ball Lightning","All For One"],"picked":"SKIP","floor":40.0},{"not_picked":["Beam Cell","Sweeping Beam+1"],"picked":"Capacitor","floor":45.0},{"not_picked":["Gash","Redo"],"picked":"Turbo+1","floor":45.0},{"not_picked":["Skim","Compile Driver"],"picked":"White Noise+1","floor":46.0},{"not_picked":["Gash+1","Hello World"],"picked":"Tempest","floor":46.0},{"not_picked":["Stack","Leap+1","Beam Cell"],"picked":"SKIP","floor":48.0},{"not_picked":["Sweeping Beam","Compile Driver","Streamline+1"],"picked":"SKIP","floor":48.0},{"not_picked":["Loop+1","Darkness+1"],"picked":"Biased Cognition","floor":54.0}],"player_experience":247508,"relics_obtained":[{"floor":7.0,"key":"Omamori"},{"floor":9.0,"key":"Strawberry"},{"floor":10.0,"key":"Boot"},{"floor":11.0,"key":"Pen Nib"},{"floor":12.0,"key":"Bronze Scales"},{"floor":23.0,"key":"DataDisk"},{"floor":23.0,"key":"PreservedInsect"},{"floor":26.0,"key":"Pantograph"},{"floor":27.0,"key":"Ancient Tea Set"},{"floor":27.0,"key":"Prayer Wheel"},{"floor":30.0,"key":"Oddly Smooth Stone"},{"floor":30.0,"key":"War Paint"},{"floor":39.0,"key":"Unceasing Top"},{"floor":40.0,"key":"Anchor"},{"floor":40.0,"key":"Lantern"},{"floor":54.0,"key":"Ginger"},{"floor":54.0,"key":"Mummified Hand"}],"event_choices":[{"damage_healed":0.0,"max_hp_gain":0.0,"max_hp_loss":0.0,"gold_gain":175.0,"event_name":"Liars Game","player_choice":"AGREE","floor":3.0,"gold_loss":0.0,"damage_taken":0.0,"cards_obtained":["Doubt"]},{"damage_healed":0.0,"max_hp_gain":0.0,"max_hp_loss":0.0,"gold_gain":0.0,"event_name":"Ghosts","player_choice":"Ignored","floor":28.0,"gold_loss":0.0,"damage_taken":0.0},{"damage_healed":0.0,"max_hp_gain":0.0,"max_hp_loss":0.0,"gold_gain":0.0,"event_name":"WeMeetAgain","player_choice":"Paid Gold","floor":36.0,"gold_loss":50.0,"damage_taken":0.0,"relics_obtained":["Centennial Puzzle"]},{"damage_healed":0.0,"max_hp_gain":0.0,"max_hp_loss":0.0,"gold_gain":0.0,"event_name":"MindBloom","player_choice":"Fight","floor":39.0,"gold_loss":0.0,"damage_taken":0.0},{"damage_healed":0.0,"max_hp_gain":0.0,"max_hp_loss":0.0,"gold_gain":0.0,"event_name":"Tomb of Lord Red Mask","player_choice":"Paid","floor":41.0,"gold_loss":188.0,"damage_taken":0.0,"relics_obtained":["Red Mask"]},{"damage_healed":0.0,"max_hp_gain":0.0,"max_hp_loss":0.0,"gold_gain":0.0,"event_name":"Winding Halls","player_choice":"Embrace Madness","floor":42.0,"gold_loss":0.0,"damage_taken":10.0,"cards_obtained":["Madness","Madness"]}],"is_beta":false,"boss_relics":[{"not_picked":["Busted Crown","Tiny House"],"picked":"Black Star"},{"not_picked":["Lizard Tail","Coffee Dripper"],"picked":"White Beast Statue"}],"items_purged_floors":[4],"is_endless":false,"potions_floor_spawned":[1,7,8,18,20,22,27,30,33,35,37,39,45,46,48,54],"killed_by":"The Heart","ascension_level":5}