{"gold_per_floor":[111,111,61,35,59,59,95,95,95,95,118,139,158,183,183,183],"floor_reached":16,"playtime":421,"items_purged":[],"score":156,"play_id":"08741ebe-ac5e-457e-9846-c857b72309bc","local_time":"20190624030507","is_ascension_mode":true,"campfire_choices":[{"data":"Whirlwind","floor":6,"key":"SMITH"},{"data":"Bash","floor":8,"key":"SMITH"},{"floor":10,"key":"DIG"},{"floor":15,"key":"REST"}],"neow_cost":"NONE","seed_source_timestamp":168528146978987,"circlet_count":0,"master_deck":["AscendersBane","Strike_R","Strike_R","Strike_R","Strike_R","Strike_R","Defend_R","Defend_R","Defend_R","Defend_R","Bash+1","Berserk","Whirlwind+1","Shrug It Off"],"relics":["Burning Blood","Golden Idol","Odd Mushroom","Shovel","Calipers"],"potions_floor_usage":[7,12,16],"damage_taken":[{"damage":12,"enemies":"Small Slimes","floor":1,"turns":4},{"damage":9,"enemies":"Jaw Worm","floor":5,"turns":4},{"damage":18,"enemies":"The Mushroom Lair","floor":7,"turns":3},{"damage":6,"enemies":"Cultist","floor":11,"turns":3},{"damage":29,"enemies":"Exordium Thugs","floor":12,"turns":3},{"damage":18,"enemies":"Looter","floor":13,"turns":4},{"damage":10,"enemies":"3 Louse","floor":14,"turns":2},{"damage":43,"enemies":"The Guardian","floor":16,"turns":10}],"seed_played":"3560179928579041211","potions_obtained":[{"floor":1,"key":"BloodPotion"},{"floor":5,"key":"Ancient Potion"},{"floor":12,"key":"EssenceOfSteel"}],"is_trial":false,"path_per_floor":["M","?","?","$","M","R","?","R","T","R","M","M","M","M","R","B"],"character_chosen":"IRONCLAD","items_purchased":["Shrug It Off"],"campfire_rested":1,"item_purchase_floors":[4],"current_hp_per_floor":[62,62,62,62,59,59,47,47,47,47,47,31,19,15,37,0],"gold":183,"neow_bonus":"ONE_RANDOM_RARE_CARD","is_prod":false,"is_daily":false,"chose_seed":false,"campfire_upgraded":2,"win_rate":0,"timestamp":1561316707,"path_taken":["M","?","?","$","M","R","?","R","T","R","?","M","M","?","R","BOSS"],"build_version":"2019-01-23","purchased_purges":0,"victory":false,"max_hp_per_floor":[75,75,75,75,75,75,75,75,75,75,75,75,75,75,75,75],"card_choices":[{"not_picked":["Armaments","Sword Boomerang"],"picked":"Whirlwind","floor":1},{"not_picked":["Anger","Sword Boomerang","Corruption"],"picked":"SKIP","floor":5},{"not_picked":["Sword Boomerang","Evolve","Flex"],"picked":"SKIP","floor":11},{"not_picked":["Heavy Blade","Wild Strike","Thunderclap"],"picked":"SKIP","floor":12},{"not_picked":["True Grit","Shrug It Off","Perfected Strike"],"picked":"SKIP","floor":13},{"not_picked":["Anger","True Grit","Clothesline"],"picked":"SKIP","floor":14}],"player_experience":548522,"relics_obtained":[{"floor":7,"key":"Odd Mushroom"},{"floor":9,"key":"Shovel"},{"floor":10,"key":"Calipers"}],"event_choices":[{"damage_healed":0,"gold_gain":0,"player_choice":"Take Wound","damage_taken":0,"relics_obtained":["Golden Idol"],"max_hp_gain":0,"max_hp_loss":0,"event_name":"Golden Idol","floor":2,"gold_loss":0,"cards_obtained":["Injury"]},{"cards_removed":["Injury"],"damage_healed":0,"gold_gain":0,"player_choice":"Card Removal","damage_taken":0,"max_hp_gain":0,"max_hp_loss":0,"event_name":"The Cleric","floor":3,"gold_loss":50},{"damage_healed":0,"gold_gain":0,"player_choice":"Fought Mushrooms","damage_taken":0,"max_hp_gain":0,"max_hp_loss":0,"event_name":"Mushrooms","floor":7,"gold_loss":0}],"is_beta":false,"boss_relics":[],"items_purged_floors":[],"is_endless":false,"potions_floor_spawned":[1,5,12,14],"killed_by":"The Guardian","ascension_level":14}