{"gold_per_floor":[115,115,190,155,167,197,218,229,229,240,240,252,252,1,1,78,78,93,93,112,37,37,37],"floor_reached":23,"playtime":1414,"items_purged":["Strike_B"],"score":378,"play_id":"2bfe52f9-b782-4040-8998-300d1d32631e","local_time":"20190625114255","is_ascension_mode":true,"campfire_choices":[{"floor":11.0,"key":"REST"},{"floor":13.0,"key":"REST"},{"data":"Sunder","floor":15.0,"key":"SMITH"}],"neow_cost":"NONE","seed_source_timestamp":0,"circlet_count":0,"master_deck":["AscendersBane","Strike_B","Strike_B","Strike_B","Defend_B","Defend_B","Defend_B","Defend_B","Zap","Dualcast","Glacier","Undo","Undo","Capacitor","Compile Driver","Coolheaded","Sunder+1","White Noise","Seek","Double Energy","White Noise","Darkness","Chill","Electrodynamics","Ball Lightning","Decay"],"special_seed":0,"relics":["Orrery","Gremlin Horn","Darkstone Periapt","Odd Mushroom","Matryoshka","Cursed Key","Ginger"],"potions_floor_usage":[16,16,23,23],"damage_taken":[{"damage":1.0,"enemies":"Jaw Worm","floor":1.0,"turns":7.0},{"damage":0.0,"enemies":"2 Louse","floor":5.0,"turns":5.0},{"damage":35.0,"enemies":"Lagavulin","floor":6.0,"turns":12.0},{"damage":3.0,"enemies":"The Mushroom Lair","floor":7.0,"turns":6.0},{"damage":3.0,"enemies":"Small Slimes","floor":8.0,"turns":3.0},{"damage":9.0,"enemies":"Blue Slaver","floor":10.0,"turns":6.0},{"damage":28.0,"enemies":"Exordium Wildlife","floor":12.0,"turns":5.0},{"damage":23,"enemies":"The Guardian","floor":16,"turns":14},{"damage":10,"enemies":"Shell Parasite","floor":18,"turns":4},{"damage":19,"enemies":"Spheric Guardian","floor":20,"turns":9},{"damage":47,"enemies":"Slavers","floor":23,"turns":3}],"seed_played":"8175176383950656050","potions_obtained":[{"floor":5.0,"key":"Dexterity Potion"},{"floor":12.0,"key":"Dexterity Potion"},{"floor":16,"key":"Strength Potion"},{"floor":20,"key":"LiquidBronze"}],"is_trial":false,"path_per_floor":["M","?","?","?","M","E","?","M","T","M","R","M","R","$","R","B",null,"M","?","M","?","?","E"],"character_chosen":"DEFECT","items_purchased":["Chill","Regen Potion"],"campfire_rested":2,"item_purchase_floors":[14,14],"current_hp_per_floor":[63,52,41,58,58,23,20,17,17,8,29,1,22,22,22,14,57,47,53,34,34,40,0],"gold":37,"neow_bonus":"BOSS_RELIC","is_prod":false,"is_daily":false,"chose_seed":false,"campfire_upgraded":1,"win_rate":0,"timestamp":1561488175,"path_taken":["M","?","?","?","M","E","?","M","T","M","R","M","R","$","R","BOSS","M","?","M","?","?","E"],"build_version":"2019-01-23","purchased_purges":1,"victory":false,"max_hp_per_floor":[71,71,71,71,71,71,71,71,71,71,71,71,71,71,71,71,71,71,77,77,77,83,83],"card_choices":[{"not_picked":["Fusion","Turbo"],"picked":"Glacier","floor":0.0},{"not_picked":["Barrage","Compile Driver"],"picked":"Undo","floor":0.0},{"not_picked":["Redo","Stack"],"picked":"Undo","floor":0.0},{"not_picked":["Coolheaded","Barrage"],"picked":"Capacitor","floor":0.0},{"not_picked":["Barrage","Force Field"],"picked":"Compile Driver","floor":0.0},{"not_picked":["Undo","Leap"],"picked":"Coolheaded","floor":1.0},{"not_picked":["Recycle","Conserve Battery"],"picked":"Sunder","floor":5.0},{"not_picked":["Go for the Eyes","Cold Snap"],"picked":"White Noise","floor":6.0},{"not_picked":["Go for the Eyes","Leap"],"picked":"Seek","floor":7.0},{"not_picked":["Redo","Sunder"],"picked":"Double Energy","floor":8.0},{"not_picked":["Steam","Force Field"],"picked":"White Noise","floor":10.0},{"not_picked":["Leap","Recycle"],"picked":"Darkness","floor":12.0},{"not_picked":["Amplify","Rainbow"],"picked":"Electrodynamics","floor":16},{"not_picked":["Barrage","Steam+1","Sweeping Beam"],"picked":"SKIP","floor":18},{"not_picked":["Rebound","Hello World"],"picked":"Ball Lightning","floor":20}],"player_experience":1018186,"relics_obtained":[{"floor":6.0,"key":"Darkstone Periapt"},{"floor":7.0,"key":"Odd Mushroom"},{"floor":9.0,"key":"Matryoshka"}],"event_choices":[{"damage_healed":0.0,"max_hp_gain":0.0,"max_hp_loss":0.0,"gold_gain":0.0,"event_name":"Scrap Ooze","player_choice":"Success","floor":2.0,"gold_loss":0.0,"damage_taken":11.0,"relics_obtained":["Gremlin Horn"]},{"damage_healed":0.0,"max_hp_gain":0.0,"max_hp_loss":0.0,"gold_gain":75.0,"event_name":"World of Goop","player_choice":"Gather Gold","floor":3.0,"gold_loss":0.0,"damage_taken":11.0},{"damage_healed":17.0,"max_hp_gain":0.0,"max_hp_loss":0.0,"gold_gain":0.0,"event_name":"The Cleric","player_choice":"Healed","floor":4.0,"gold_loss":35.0,"damage_taken":0.0},{"damage_healed":0.0,"max_hp_gain":0.0,"max_hp_loss":0.0,"gold_gain":0.0,"event_name":"Mushrooms","player_choice":"Fought Mushrooms","floor":7.0,"gold_loss":0.0,"damage_taken":0.0},{"damage_healed":0,"gold_gain":0,"player_choice":"Opened","damage_taken":0,"relics_obtained":["Ginger"],"max_hp_gain":0,"max_hp_loss":0,"event_name":"The Mausoleum","floor":19,"gold_loss":0,"cards_obtained":["Writhe"]},{"cards_removed":["Writhe"],"damage_healed":0,"gold_gain":0,"player_choice":"Gave Gold","damage_taken":0,"max_hp_gain":0,"max_hp_loss":0,"event_name":"Beggar","floor":21,"gold_loss":75},{"damage_healed":0,"gold_gain":0,"player_choice":"Smashed Altar","damage_taken":0,"max_hp_gain":0,"max_hp_loss":0,"event_name":"Forgotten Altar","floor":22,"gold_loss":0,"cards_obtained":["Decay"]}],"is_beta":false,"boss_relics":[{"not_picked":["Tiny House","Lizard Tail"],"picked":"Cursed Key"}],"items_purged_floors":[14],"is_endless":false,"potions_floor_spawned":[5,12,16,20],"killed_by":"Slavers","ascension_level":20}