{"gold_per_floor":[212,212,225,225,175,175,50,50,50,69,69,103,4,15,15,111,111,126,126,137,59,59,90,90,115,115,125,186,186,202,24,24,121,121,139,149,149,149,1,31,131,143,143,143,18,36,55,388,388,388],"floor_reached":51,"playtime":10144,"items_purged":["Strike_B","Writhe","Strike_B"],"score":786,"play_id":"728690b4-6771-4a2d-a573-89fa4b3b442a","local_time":"20190430132832","is_ascension_mode":false,"campfire_choices":[{"data":"Zap","floor":6.0,"key":"SMITH"},{"data":"Dualcast","floor":11.0,"key":"SMITH"},{"data":"Hologram","floor":15.0,"key":"SMITH"},{"floor":29.0,"key":"REST"},{"floor":32.0,"key":"REST"},{"floor":44,"key":"RECALL"}],"neow_cost":"NONE","seed_source_timestamp":6683646847207,"circlet_count":0,"master_deck":["Defend_B+1","Defend_B","Zap+1","Dualcast+1","White Noise+1","Self Repair","Hologram+1","Ball Lightning","Coolheaded+1","Chaos","Electrodynamics","Cold Snap","Conserve Battery+1","Defragment","Capacitor","Consume","Redo+1","Seek","Zap","Dark Shackles","Turbo","Glacier","Storm","Seek","Self Repair","Defragment","Machine Learning","Self Repair+1","Self Repair","Fusion","Consume+1","Steam Power+1","Cold Snap+1"],"special_seed":0,"relics":["Cracked Core","Boot","Centennial Puzzle","DataDisk","Fusion Hammer","War Paint","Cables","PreservedInsect","Bottled Lightning","Tiny Chest","Coffee Dripper","Bag of Preparation","Happy Flower","Ice Cream","Dodecahedron","Old Coin"],"potions_floor_usage":[40,48,48],"damage_taken":[{"damage":0.0,"enemies":"2 Louse","floor":1.0,"turns":3.0},{"damage":5.0,"enemies":"Small Slimes","floor":3.0,"turns":4.0},{"damage":1.0,"enemies":"Jaw Worm","floor":10.0,"turns":2.0},{"damage":20.0,"enemies":"3 Sentries","floor":12.0,"turns":8.0},{"damage":2.0,"enemies":"2 Fungi Beasts","floor":14.0,"turns":2.0},{"damage":34.0,"enemies":"Slime Boss","floor":16.0,"turns":9.0},{"damage":10.0,"enemies":"3 Byrds","floor":18.0,"turns":2.0},{"damage":10.0,"enemies":"2 Thieves","floor":20.0,"turns":2.0},{"damage":6.0,"enemies":"Book of Stabbing","floor":23.0,"turns":5.0},{"damage":4.0,"enemies":"Slavers","floor":25.0,"turns":2.0},{"damage":0.0,"enemies":"Snake Plant","floor":27.0,"turns":2.0},{"damage":0.0,"enemies":"Book of Stabbing","floor":28.0,"turns":4.0},{"damage":0.0,"enemies":"Snecko","floor":30.0,"turns":2.0},{"damage":47.0,"enemies":"Collector","floor":33.0,"turns":7.0},{"damage":7.0,"enemies":"3 Shapes","floor":35.0,"turns":2.0},{"damage":16.0,"enemies":"3 Darklings","floor":36.0,"turns":2.0},{"damage":25,"enemies":"Reptomancer","floor":40,"turns":3},{"damage":0,"enemies":"Mind Bloom Boss Battle","floor":41,"turns":4},{"damage":10,"enemies":"Writhing Mass","floor":42,"turns":3},{"damage":1,"enemies":"Jaw Worm Horde","floor":46,"turns":2},{"damage":0,"enemies":"4 Shapes","floor":47,"turns":1},{"damage":6,"enemies":"Nemesis","floor":48,"turns":5},{"damage":7,"enemies":"Donu and Deca","floor":50,"turns":7}],"seed_played":"-2964209501756092351","potions_obtained":[{"floor":1.0,"key":"Strength Potion"},{"floor":10.0,"key":"Energy Potion"},{"floor":16.0,"key":"PowerPotion"},{"floor":18.0,"key":"Fruit Juice"},{"floor":20.0,"key":"Swift Potion"},{"floor":25.0,"key":"Ancient Potion"},{"floor":46,"key":"SkillPotion"},{"floor":47,"key":"Block Potion"},{"floor":48,"key":"FearPotion"}],"is_trial":false,"path_per_floor":["M","?","M","?","?","R","$","?","T","M","R","E","$","M","R","B",null,"M","?","M","$","?","E","?","E","T","M","E","R","M","$","R","B",null,"M","M","?","?","$","E","?","M","T","R","$","M","M","E","R","B",null],"character_chosen":"DEFECT","items_purchased":["Cold Snap","Ball Lightning","Coolheaded","Defragment","Defragment","Bag of Preparation"],"campfire_rested":2,"item_purchase_floors":[7,13,13,21,31,39],"current_hp_per_floor":[75,68,63,60,60,60,60,60,60,59,59,46,46,51,51,24,75,77,77,67,67,67,68,68,64,64,71,78,80,80,80,80,54,80,80,80,76,76,76,51,76,76,76,76,76,76,76,76,76,76],"gold":388,"neow_bonus":"HUNDRED_GOLD","is_prod":false,"is_daily":false,"chose_seed":false,"campfire_upgraded":3,"win_rate":0,"timestamp":1556652512,"path_taken":["M","?","M","?","?","R","$","?","T","M","R","E","$","M","R","BOSS","M","?","M","$","?","E","?","E","T","?","E","R","M","$","R","BOSS","M","M","?","?","$","E","?","M","T","R","$","M","M","E","R","BOSS"],"build_version":"2019-01-23","purchased_purges":3,"victory":true,"max_hp_per_floor":[75,75,75,75,75,75,75,75,75,75,75,75,75,75,75,75,75,80,80,80,80,80,80,80,80,80,80,80,80,80,80,80,80,80,80,80,76,76,76,76,76,76,76,76,76,76,76,76,76,76],"card_choices":[{"not_picked":["Conserve Battery","Steam"],"picked":"White Noise","floor":1.0},{"not_picked":["Scrape","Lockon","Chill"],"picked":"SKIP","floor":3.0},{"not_picked":["Loop","Redo"],"picked":"Self Repair","floor":10.0},{"not_picked":["Force Field","Gash"],"picked":"Hologram","floor":12.0},{"not_picked":["Barrage","Sweeping Beam"],"picked":"Chaos","floor":14.0},{"not_picked":["Rainbow","Core Surge"],"picked":"Electrodynamics","floor":16.0},{"not_picked":["Recycle","Lockon"],"picked":"Cold Snap","floor":18.0},{"not_picked":["Turbo","Redo"],"picked":"Conserve Battery+1","floor":20.0},{"not_picked":["Leap","Heatsinks"],"picked":"Redo+1","floor":23.0},{"not_picked":["Compile Driver","Turbo+1","Stack"],"picked":"SKIP","floor":25.0},{"not_picked":["Conserve Battery","Go for the Eyes"],"picked":"Storm","floor":27.0},{"not_picked":["Ball Lightning","Auto Shields"],"picked":"Seek","floor":28.0},{"not_picked":["Turbo","Steam"],"picked":"Self Repair","floor":30.0},{"not_picked":["Hyperbeam","All For One"],"picked":"Machine Learning","floor":33.0},{"not_picked":["Chill","Stack+1"],"picked":"Self Repair+1","floor":35.0},{"not_picked":["Gash+1","Doom and Gloom","Compile Driver"],"picked":"SKIP","floor":36.0},{"not_picked":["Gash+1","Cold Snap+1"],"picked":"Self Repair","floor":40},{"not_picked":["Redo+1","Scrape"],"picked":"Fusion","floor":41},{"not_picked":["Doom and Gloom+1","Force Field+1"],"picked":"Consume+1","floor":42},{"not_picked":["Cold Snap+1","All For One"],"picked":"Steam Power+1","floor":46},{"not_picked":["Streamline","Beam Cell+1","Rebound"],"picked":"SKIP","floor":47},{"not_picked":["Turbo+1","Coolheaded"],"picked":"Cold Snap+1","floor":48}],"player_experience":1333549,"relics_obtained":[{"floor":9.0,"key":"Centennial Puzzle"},{"floor":12.0,"key":"DataDisk"},{"floor":23.0,"key":"Cables"},{"floor":25.0,"key":"PreservedInsect"},{"floor":26.0,"key":"Bottled Lightning"},{"floor":28.0,"key":"Tiny Chest"},{"floor":40,"key":"Happy Flower"},{"floor":41,"key":"Ice Cream"},{"floor":43,"key":"Dodecahedron"},{"floor":48,"key":"Old Coin"}],"event_choices":[{"cards_removed":["Strike_B"],"damage_healed":0.0,"max_hp_gain":0.0,"max_hp_loss":0.0,"gold_gain":0.0,"event_name":"Golden Wing","player_choice":"Card Removal","floor":2.0,"gold_loss":0.0,"damage_taken":7.0},{"damage_healed":0.0,"max_hp_gain":0.0,"max_hp_loss":0.0,"gold_gain":0.0,"event_name":"Scrap Ooze","player_choice":"Success","floor":4.0,"gold_loss":0.0,"damage_taken":3.0,"relics_obtained":["Boot"]},{"cards_removed":["Defend_B"],"damage_healed":0.0,"max_hp_gain":0.0,"max_hp_loss":0.0,"gold_gain":0.0,"event_name":"The Cleric","player_choice":"Card Removal","floor":5.0,"gold_loss":50.0,"damage_taken":0.0},{"damage_healed":0.0,"max_hp_gain":0.0,"max_hp_loss":0.0,"gold_gain":0.0,"event_name":"Living Wall","player_choice":"Grow","floor":8.0,"gold_loss":0.0,"damage_taken":0.0,"cards_upgraded":["White Noise"]},{"damage_healed":0.0,"max_hp_gain":0.0,"max_hp_loss":0.0,"gold_gain":0.0,"event_name":"The Mausoleum","player_choice":"Opened","floor":19.0,"gold_loss":0.0,"damage_taken":0.0,"relics_obtained":["War Paint"],"cards_obtained":["Writhe"]},{"damage_healed":0.0,"max_hp_gain":0.0,"max_hp_loss":0.0,"gold_gain":0.0,"cards_transformed":["Strike_B","Defend_B"],"event_name":"Drug Dealer","player_choice":"Became Test Subject","floor":22.0,"gold_loss":0.0,"damage_taken":0.0,"cards_obtained":["Capacitor","Consume"]},{"damage_healed":0.0,"max_hp_gain":0.0,"max_hp_loss":0.0,"gold_gain":0.0,"event_name":"Match and Keep!","player_choice":"5 cards matched","floor":24.0,"gold_loss":0.0,"damage_taken":0.0,"cards_obtained":["Seek","Zap","Dark Shackles","Turbo","Glacier"]},{"damage_healed":0.0,"max_hp_gain":0.0,"max_hp_loss":4.0,"gold_gain":0.0,"event_name":"Winding Halls","player_choice":"Max HP","floor":37.0,"gold_loss":0.0,"damage_taken":0.0},{"cards_removed":["Cold Snap"],"damage_healed":0.0,"max_hp_gain":0.0,"max_hp_loss":0.0,"gold_gain":0.0,"event_name":"Falling","player_choice":"Removed Attack","floor":38.0,"gold_loss":0.0,"damage_taken":0.0},{"damage_healed":0,"gold_gain":0,"player_choice":"Fight","damage_taken":0,"max_hp_gain":0,"max_hp_loss":0,"event_name":"MindBloom","floor":41,"gold_loss":0}],"is_beta":false,"boss_relics":[{"not_picked":["Calling Bell","Snecko Eye"],"picked":"Fusion Hammer"},{"not_picked":["Sozu","Orrery"],"picked":"Coffee Dripper"}],"items_purged_floors":[7,31,45],"is_endless":false,"potions_floor_spawned":[1,10,16,18,20,23,25,46,47,48],"ascension_level":0}