{"gold_per_floor":[119,133,208,226,245,273,273,307,307,334,334,351,370,402,402,500,500,514,20,20,20,20,20,45,45,45,45,79,17,34,34,34,139,139,150,170,170,189,71,71,101,113,138,138,165,0,0,25,25,25],"floor_reached":51,"playtime":3558,"items_purged":["Coolheaded"],"score":994,"play_id":"1c4ed86c-be31-4632-b7f4-17c182c79db0","local_time":"20190504050347","is_ascension_mode":true,"campfire_choices":[{"data":"Zap","floor":7.0,"key":"SMITH"},{"floor":11.0,"key":"REST"},{"floor":15.0,"key":"REST"},{"data":"Creative AI","floor":23.0,"key":"SMITH"},{"floor":27.0,"key":"REST"},{"floor":32.0,"key":"REST"},{"data":"Dualcast","floor":40,"key":"SMITH"},{"floor":44,"key":"REST"},{"data":"Thunder Strike","floor":49,"key":"SMITH"}],"neow_cost":"NONE","seed_source_timestamp":48411549414459,"circlet_count":0,"master_deck":["Strike_B","Strike_B","Strike_B","Defend_B","Defend_B","Defend_B","Defend_B","Zap+1","Dualcast+1","Ball Lightning","Ball Lightning","Core Surge","Steam","Static Discharge","Redo+1","Sunder","Reinforced Body+1","Undo+1","Creative AI+1","Conserve Battery+1","Fission+1","Capacitor","RitualDagger","Writhe","Reinforced Body+1","Ball Lightning","Hologram+1","Steam Power+1","Thunder Strike+1","Steam+1","Tempest+1","Jack Of All Trades+1","Good Instincts+1","Master of Strategy+1","Parasite","Conserve Battery+1","Loop","Defragment+1","FTL","Ball Lightning"],"special_seed":0,"relics":["Cracked Core","Boot","Lantern","PreservedInsect","Juzu Bracelet","Toxic Egg 2","Pear","White Beast Statue","Symbiotic Virus","MutagenicStrength","The Courier","Incense Burner","Nilry\u0027s Codex","Pocketwatch","Gambling Chip","Philosopher\u0027s Stone","Regal Pillow","Bronze Scales","Frozen Egg 2","Red Mask","StoneCalendar"],"potions_floor_usage":[41,41,48,48,50],"damage_taken":[{"damage":5.0,"enemies":"Small Slimes","floor":1.0,"turns":4.0},{"damage":5.0,"enemies":"2 Louse","floor":2.0,"turns":2.0},{"damage":2.0,"enemies":"Jaw Worm","floor":4.0,"turns":3.0},{"damage":8.0,"enemies":"Looter","floor":5.0,"turns":3.0},{"damage":30.0,"enemies":"3 Sentries","floor":6.0,"turns":5.0},{"damage":1.0,"enemies":"Gremlin Nob","floor":8.0,"turns":3.0},{"damage":15.0,"enemies":"3 Sentries","floor":10.0,"turns":4.0},{"damage":0.0,"enemies":"Blue Slaver","floor":12.0,"turns":1.0},{"damage":0.0,"enemies":"Large Slime","floor":13.0,"turns":3.0},{"damage":14.0,"enemies":"Lagavulin","floor":14.0,"turns":5.0},{"damage":32.0,"enemies":"Hexaghost","floor":16.0,"turns":9.0},{"damage":28.0,"enemies":"Shell Parasite","floor":18.0,"turns":4.0},{"damage":31.0,"enemies":"Slavers","floor":24.0,"turns":3.0},{"damage":27.0,"enemies":"Gremlin Leader","floor":28.0,"turns":4.0},{"damage":0.0,"enemies":"2 Thieves","floor":30.0,"turns":4.0},{"damage":33.0,"enemies":"Automaton","floor":33.0,"turns":11.0},{"damage":3.0,"enemies":"3 Darklings","floor":35.0,"turns":5.0},{"damage":2.0,"enemies":"Orb Walker","floor":36.0,"turns":2.0},{"damage":0,"enemies":"Writhing Mass","floor":38,"turns":5},{"damage":23,"enemies":"Reptomancer","floor":41,"turns":3},{"damage":30,"enemies":"Maw","floor":42,"turns":6},{"damage":0,"enemies":"Nemesis","floor":45,"turns":4},{"damage":0,"enemies":"Reptomancer","floor":48,"turns":5},{"damage":16,"enemies":"Time Eater","floor":50,"turns":7}],"seed_played":"435249278285727895","potions_obtained":[{"floor":4.0,"key":"Regen Potion"},{"floor":5.0,"key":"GamblersBrew"},{"floor":8.0,"key":"Energy Potion"},{"floor":10.0,"key":"Explosive Potion"},{"floor":13.0,"key":"LiquidBronze"},{"floor":18.0,"key":"Dexterity Potion"},{"floor":24.0,"key":"Weak Potion"},{"floor":28.0,"key":"Block Potion"},{"floor":30.0,"key":"FairyPotion"},{"floor":33.0,"key":"SpeedPotion"},{"floor":35.0,"key":"SteroidPotion"},{"floor":36.0,"key":"Poison Potion"},{"floor":38,"key":"Energy Potion"},{"floor":41,"key":"Explosive Potion"},{"floor":42,"key":"Fire Potion"},{"floor":45,"key":"Block Potion"},{"floor":48,"key":"Block Potion"}],"is_trial":false,"path_per_floor":["M","M","?","M","M","E","R","E","T","E","R","M","M","E","R","B",null,"M","$","?","?","?","R","E","?","T","R","E","$","M","?","R","B",null,"M","M","?","M","$","R","E","M","T","R","E","?","?","E","R","B",null],"character_chosen":"DEFECT","items_purchased":["Symbiotic Virus","Fission+1","Capacitor","Block Potion","Hologram+1","Loop"],"campfire_rested":5,"item_purchase_floors":[19,19,19,29,29,39],"current_hp_per_floor":[70,65,54,52,44,26,26,25,25,10,32,32,32,28,53,21,85,57,57,51,51,51,51,20,4,4,29,2,2,2,2,27,6,85,82,80,70,70,70,70,47,17,17,57,57,57,57,57,57,41],"gold":25,"neow_bonus":"RANDOM_COMMON_RELIC","is_prod":false,"is_daily":false,"chose_seed":false,"campfire_upgraded":4,"win_rate":0,"timestamp":1556960627,"path_taken":["M","M","?","M","M","E","R","E","T","E","R","M","M","E","R","BOSS","M","$","?","?","?","R","E","?","T","R","E","$","M","?","R","BOSS","M","M","?","M","$","R","E","M","T","R","E","?","?","E","R","BOSS"],"build_version":"2019-01-23","purchased_purges":1,"victory":true,"max_hp_per_floor":[75,75,75,75,75,75,75,75,75,75,75,75,75,85,85,85,85,85,85,85,85,85,85,85,85,85,85,85,85,85,85,85,85,85,85,85,85,85,85,85,85,85,85,85,85,85,85,85,85,85],"card_choices":[{"not_picked":["Cold Snap","BootSequence"],"picked":"Ball Lightning","floor":1.0},{"not_picked":["Go for the Eyes","Streamline"],"picked":"Coolheaded","floor":2.0},{"not_picked":["Self Repair","Steam Power"],"picked":"Ball Lightning","floor":4.0},{"not_picked":["Coolheaded","Go for the Eyes"],"picked":"Core Surge","floor":5.0},{"not_picked":["Beam Cell","Sweeping Beam"],"picked":"Steam","floor":6.0},{"not_picked":["Chill","Rip and Tear"],"picked":"Static Discharge","floor":8.0},{"not_picked":["FTL","Rip and Tear"],"picked":"Redo","floor":10.0},{"not_picked":["Turbo+1","Steam+1"],"picked":"Sunder","floor":12.0},{"not_picked":["Cold Snap","Gash"],"picked":"Reinforced Body+1","floor":13.0},{"not_picked":["Blizzard","Gash"],"picked":"Undo+1","floor":14.0},{"not_picked":["Multi-Cast+1","Seek+1"],"picked":"Creative AI","floor":16.0},{"not_picked":["Steam Power+1","Streamline"],"picked":"Conserve Battery+1","floor":18.0},{"not_picked":["Defragment","Hologram+1"],"picked":"Reinforced Body+1","floor":24.0},{"not_picked":["Turbo+1","Chill+1"],"picked":"Ball Lightning","floor":28.0},{"not_picked":["Barrage","Cold Snap"],"picked":"Steam Power+1","floor":30.0},{"not_picked":["Biased Cognition","Hyperbeam"],"picked":"Thunder Strike","floor":33.0},{"not_picked":["Hologram+1","Compile Driver+1"],"picked":"Steam+1","floor":35.0},{"not_picked":["Auto Shields+1","Conserve Battery+1"],"picked":"Tempest+1","floor":36.0},{"not_picked":["Mind Blast","Dramatic Entrance"],"picked":"Jack Of All Trades+1","floor":37.0},{"not_picked":["Enlightenment+1","Discovery+1"],"picked":"Good Instincts+1","floor":37.0},{"not_picked":["Good Instincts+1","Sadistic Nature"],"picked":"Master of Strategy+1","floor":37.0},{"not_picked":["Darkness+1","Go for the Eyes"],"picked":"Conserve Battery+1","floor":38},{"not_picked":["Steam+1","Reinforced Body+1"],"picked":"Defragment+1","floor":41},{"not_picked":["Conserve Battery+1","Sunder+1","Doom and Gloom+1"],"picked":"SKIP","floor":42},{"not_picked":["Melter","Rebound+1"],"picked":"FTL","floor":45},{"not_picked":["Cold Snap+1","Leap+1"],"picked":"Ball Lightning","floor":48}],"player_experience":209937,"relics_obtained":[{"floor":6.0,"key":"Lantern"},{"floor":8.0,"key":"PreservedInsect"},{"floor":9.0,"key":"Juzu Bracelet"},{"floor":10.0,"key":"Toxic Egg 2"},{"floor":14.0,"key":"Pear"},{"floor":24.0,"key":"Incense Burner"},{"floor":25.0,"key":"Nilry\u0027s Codex"},{"floor":26.0,"key":"Pocketwatch"},{"floor":28.0,"key":"Gambling Chip"},{"floor":41,"key":"Regal Pillow"},{"floor":43,"key":"Bronze Scales"},{"floor":45,"key":"Frozen Egg 2"},{"floor":48,"key":"StoneCalendar"}],"event_choices":[{"damage_healed":0.0,"max_hp_gain":0.0,"max_hp_loss":0.0,"gold_gain":75.0,"event_name":"World of Goop","player_choice":"Gather Gold","floor":3.0,"gold_loss":0.0,"damage_taken":11.0},{"damage_healed":0.0,"max_hp_gain":0.0,"max_hp_loss":0.0,"gold_gain":0.0,"event_name":"Nest","player_choice":"Joined the Cult","floor":20.0,"gold_loss":0.0,"damage_taken":6.0,"cards_obtained":["RitualDagger"]},{"damage_healed":0.0,"max_hp_gain":0.0,"max_hp_loss":0.0,"gold_gain":0.0,"event_name":"Drug Dealer","player_choice":"Inject Mutagens","floor":21.0,"gold_loss":0.0,"damage_taken":0.0,"relics_obtained":["MutagenicStrength"]},{"damage_healed":0.0,"max_hp_gain":0.0,"max_hp_loss":0.0,"gold_gain":0.0,"event_name":"The Mausoleum","player_choice":"Opened","floor":22.0,"gold_loss":0.0,"damage_taken":0.0,"relics_obtained":["The Courier"],"cards_obtained":["Writhe"]},{"damage_healed":0.0,"max_hp_gain":0.0,"max_hp_loss":0.0,"gold_gain":0.0,"event_name":"Cursed Tome","player_choice":"Obtained Book","floor":25.0,"gold_loss":0.0,"damage_taken":16.0},{"damage_healed":0.0,"max_hp_gain":0.0,"max_hp_loss":0.0,"gold_gain":0.0,"event_name":"Beggar","player_choice":"Ignored","floor":31.0,"gold_loss":0.0,"damage_taken":0.0},{"damage_healed":0.0,"max_hp_gain":0.0,"max_hp_loss":0.0,"gold_gain":0.0,"event_name":"SensoryStone","player_choice":"Memory 3","floor":37.0,"gold_loss":0.0,"damage_taken":10.0},{"damage_healed":0,"gold_gain":0,"player_choice":"Paid","damage_taken":0,"relics_obtained":["Red Mask"],"max_hp_gain":0,"max_hp_loss":0,"event_name":"Tomb of Lord Red Mask","floor":46,"gold_loss":165},{"cards_removed":["Strike_B"],"damage_healed":0,"gold_gain":0,"player_choice":"Removed Attack","damage_taken":0,"max_hp_gain":0,"max_hp_loss":0,"event_name":"Falling","floor":47,"gold_loss":0}],"is_beta":false,"boss_relics":[{"not_picked":["Cursed Key","Fusion Hammer"],"picked":"White Beast Statue"},{"not_picked":["FrozenCore","Snecko Eye"],"picked":"Philosopher\u0027s Stone"}],"items_purged_floors":[39],"is_endless":false,"potions_floor_spawned":[4,5,8,10,13,18,24,28,30,33,35,36,38,41,42,45,48],"ascension_level":3}