{"gold_per_floor":[12,87,107,107,53,53,79,79,153,153,178,178],"floor_reached":12,"playtime":382,"items_purged":[],"score":151,"play_id":"dff18385-ebd4-4925-b774-1d9e4d67df1d","local_time":"20190604002106","is_ascension_mode":true,"campfire_choices":[{"data":"Streamline","floor":6,"key":"SMITH"}],"neow_cost":"NO_GOLD","seed_source_timestamp":110122801448620,"circlet_count":0,"master_deck":["AscendersBane","Strike_B","Strike_B","Strike_B","Defend_B","Defend_B","Defend_B","Defend_B","Zap+1","Dualcast","Ball Lightning","Streamline+1","Rebound","Conserve Battery","Loop"],"relics":["Cracked Core","Emotion Chip","Bag of Preparation","Toxic Egg 2","Bottled Flame"],"potions_floor_usage":[],"damage_taken":[{"damage":3,"enemies":"2 Louse","floor":1,"turns":3},{"damage":2,"enemies":"Jaw Worm","floor":3,"turns":2},{"damage":16,"enemies":"Gremlin Nob","floor":7,"turns":3},{"damage":13,"enemies":"3 Sentries","floor":11,"turns":6},{"damage":18,"enemies":"The Mushroom Lair","floor":12,"turns":1}],"seed_played":"6257761119996935718","potions_obtained":[{"floor":11,"key":"SpeedPotion"}],"is_trial":false,"path_per_floor":["M","?","M","?","$","R","E","?","T","?","E","?"],"character_chosen":"DEFECT","items_purchased":["Rebound"],"campfire_rested":0,"item_purchase_floors":[5],"current_hp_per_floor":[61,50,48,41,41,41,25,25,25,25,12,0],"gold":178,"neow_bonus":"ONE_RARE_RELIC","is_prod":false,"is_daily":false,"chose_seed":false,"campfire_upgraded":1,"win_rate":0,"timestamp":1559622066,"path_taken":["M","?","M","?","$","R","E","?","T","?","E","?"],"build_version":"2019-01-23","purchased_purges":0,"victory":false,"max_hp_per_floor":[71,71,71,71,71,71,71,71,71,71,71,71],"card_choices":[{"not_picked":["Leap","Reprogram"],"picked":"Ball Lightning","floor":1},{"not_picked":["Steam","Stack"],"picked":"Streamline","floor":3},{"not_picked":["Steam","Heatsinks"],"picked":"Conserve Battery","floor":7},{"not_picked":["Auto Shields+1","Go for the Eyes"],"picked":"Loop","floor":11}],"player_experience":2262479,"relics_obtained":[{"floor":7,"key":"Bag of Preparation"},{"floor":9,"key":"Toxic Egg 2"},{"floor":11,"key":"Bottled Flame"}],"event_choices":[{"damage_healed":0,"gold_gain":75,"player_choice":"Gather Gold","damage_taken":11,"max_hp_gain":0,"max_hp_loss":0,"event_name":"World of Goop","floor":2,"gold_loss":0},{"cards_removed":["Strike_B"],"damage_healed":0,"gold_gain":0,"player_choice":"Card Removal","damage_taken":7,"max_hp_gain":0,"max_hp_loss":0,"event_name":"Golden Wing","floor":4,"gold_loss":0},{"damage_healed":0,"gold_gain":0,"player_choice":"Grow","damage_taken":0,"max_hp_gain":0,"max_hp_loss":0,"event_name":"Living Wall","floor":8,"gold_loss":0,"cards_upgraded":["Zap"]},{"damage_healed":0,"gold_gain":0,"player_choice":"Ignored","damage_taken":0,"max_hp_gain":0,"max_hp_loss":0,"event_name":"Shining Light","floor":10,"gold_loss":0},{"damage_healed":0,"gold_gain":0,"player_choice":"Fought Mushrooms","damage_taken":0,"max_hp_gain":0,"max_hp_loss":0,"event_name":"Mushrooms","floor":12,"gold_loss":0}],"is_beta":false,"boss_relics":[],"items_purged_floors":[],"is_endless":false,"potions_floor_spawned":[11],"killed_by":"The Mushroom Lair","ascension_level":16}