{"gold_per_floor":[114,114,189,199,199,199,230,230,230,35,70,70,102,112,112,208,208,227,246,258,270,270,298,298,318,318,344,358,358,386,402,402,507,507,521,68,68,82,97,131,145,145,145,158,183,195,207,250,262,274,286,298,49,74,74],"floor_reached":56,"playtime":6583,"items_purged":["Strike_G","Strike_G"],"score":1700,"play_id":"ec389561-981c-4337-9ec0-6b9e9f8d0d7c","local_time":"20190207201919","is_ascension_mode":true,"campfire_choices":[{"data":"Neutralize","floor":6.0,"key":"SMITH"},{"floor":8.0,"key":"REST"},{"floor":15.0,"key":"REST"},{"data":"Backstab","floor":24.0,"key":"SMITH"},{"data":"Acrobatics","floor":29.0,"key":"SMITH"},{"data":"Crippling Poison","floor":32.0,"key":"SMITH"},{"floor":42.0,"key":"REST"},{"floor":47,"key":"REST"},{"floor":49,"key":"RECALL"},{"floor":52,"key":"REST"}],"neow_cost":"NONE","seed_source_timestamp":0,"circlet_count":0,"master_deck":["Defend_G","Defend_G","Defend_G","Defend_G","Defend_G","Strike_G+1","Strike_G+1","Strike_G","Survivor","Neutralize+1","Slice","Glass Knife+1","Dagger Spray","Crippling Poison+1","Backflip","Backstab","Dagger Throw","Storm of Steel","Leg Sweep","Dagger Throw+1","Backstab+1","Backstab","Underhanded Strike+1","Acrobatics+1","Blur","Calculated Gamble","Calculated Gamble+1","Backstab","Blur","Caltrops","Bouncing Flask","Doppelganger"],"special_seed":0,"relics":["Ring of the Snake","Bag of Marbles","Anchor","Bottled Flame","Bag of Preparation","Tough Bandages","Runic Pyramid","Happy Flower","Kunai","Vajra","Fusion Hammer","Gambling Chip","Paper Crane","Orichalcum","MawBank","Ancient Tea Set","Mummified Hand"],"potions_floor_usage":[55,55,55],"damage_taken":[{"damage":4.0,"enemies":"Small Slimes","floor":1.0,"turns":4.0},{"damage":1.0,"enemies":"Jaw Worm","floor":4.0,"turns":2.0},{"damage":10.0,"enemies":"3 Sentries","floor":7.0,"turns":7.0},{"damage":16.0,"enemies":"Lagavulin","floor":11.0,"turns":4.0},{"damage":0.0,"enemies":"Gremlin Nob","floor":13.0,"turns":2.0},{"damage":0.0,"enemies":"Cultist","floor":14.0,"turns":1.0},{"damage":20.0,"enemies":"The Guardian","floor":16.0,"turns":13.0},{"damage":0.0,"enemies":"3 Byrds","floor":18.0,"turns":3.0},{"damage":0.0,"enemies":"Shell Parasite","floor":19.0,"turns":1.0},{"damage":0.0,"enemies":"Snecko","floor":20.0,"turns":3.0},{"damage":0.0,"enemies":"Centurion and Healer","floor":21.0,"turns":3.0},{"damage":4.0,"enemies":"Slavers","floor":23.0,"turns":4.0},{"damage":0.0,"enemies":"3 Cultists","floor":25.0,"turns":4.0},{"damage":0.0,"enemies":"Book of Stabbing","floor":27.0,"turns":4.0},{"damage":0.0,"enemies":"Cultist and Chosen","floor":28.0,"turns":3.0},{"damage":0.0,"enemies":"Gremlin Leader","floor":30.0,"turns":5.0},{"damage":0.0,"enemies":"Centurion and Healer","floor":31.0,"turns":2.0},{"damage":39.0,"enemies":"Champ","floor":33.0,"turns":12.0},{"damage":8.0,"enemies":"3 Darklings","floor":35.0,"turns":3.0},{"damage":0.0,"enemies":"Orb Walker","floor":38.0,"turns":1.0},{"damage":20.0,"enemies":"Writhing Mass","floor":39.0,"turns":7.0},{"damage":10.0,"enemies":"Giant Head","floor":40.0,"turns":9.0},{"damage":0.0,"enemies":"4 Shapes","floor":41.0,"turns":2.0},{"damage":0.0,"enemies":"Maw","floor":44.0,"turns":7.0},{"damage":0,"enemies":"Reptomancer","floor":45,"turns":6},{"damage":0,"enemies":"Giant Head","floor":48,"turns":9},{"damage":10,"enemies":"Awakened One","floor":50,"turns":27},{"damage":0,"enemies":"Shield and Spear","floor":54,"turns":6},{"damage":59,"enemies":"The Heart","floor":55,"turns":12}],"seed_played":"8537501702150024169","potions_obtained":[{"floor":1.0,"key":"PowerPotion"},{"floor":11.0,"key":"Dexterity Potion"},{"floor":14.0,"key":"Block Potion"},{"floor":16.0,"key":"Block Potion"},{"floor":18.0,"key":"SpeedPotion"},{"floor":20.0,"key":"FearPotion"},{"floor":38.0,"key":"SpeedPotion"},{"floor":39.0,"key":"Swift Potion"},{"floor":41.0,"key":"GhostInAJar"},{"floor":48,"key":"Weak Potion"}],"is_trial":false,"path_per_floor":["M","?","?","M","?","R","E","R","T","$","E","$","E","M","R","B",null,"M","M","M","M","?","E","R","M","T","E","M","R","E","M","R","B",null,"M","$","?","M","M","E","M","R","T","M","E","?","R","E","R","B",null,"R","$","E","B",null],"character_chosen":"THE_SILENT","items_purchased":["Well Laid Plans","Crippling Poison","Backflip","Gambling Chip","Calculated Gamble","Caltrops","Bouncing Flask","PowerPotion"],"campfire_rested":5,"item_purchase_floors":[10,10,10,36,36,53,53,53],"current_hp_per_floor":[66,52,41,40,40,40,30,51,51,51,35,35,35,35,56,36,62,62,62,62,62,49,45,45,45,45,45,45,45,45,45,45,6,58,50,50,50,50,30,20,20,42,42,42,42,42,64,64,64,54,70,75,75,75,16],"gold":74,"neow_bonus":"RANDOM_COMMON_RELIC","is_prod":false,"is_daily":false,"chose_seed":false,"campfire_upgraded":4,"win_rate":0,"timestamp":1549588759,"path_taken":["M","?","?","M","?","R","E","R","T","$","E","?","E","M","R","BOSS","M","M","?","M","?","E","R","M","T","E","M","R","E","M","R","BOSS","M","$","?","M","M","E","M","R","T","M","E","?","R","E","R","BOSS","R","$","E","BOSS"],"build_version":"2019-01-23","purchased_purges":2,"victory":true,"max_hp_per_floor":[70,70,70,70,70,70,70,70,70,70,70,70,70,70,70,70,70,70,70,70,70,75,75,75,75,75,75,75,75,75,75,75,75,75,75,75,75,75,75,75,75,75,75,75,75,75,75,75,75,75,75,75,75,75,75],"card_choices":[{"not_picked":["Dodge and Roll","Deflect"],"picked":"Slice","floor":1.0},{"not_picked":["Flying Knee","Backflip"],"picked":"Glass Knife","floor":4.0},{"not_picked":["Wraith Form v2","Masterful Stab"],"picked":"Dagger Spray","floor":7.0},{"not_picked":["Prepared","Eviscerate"],"picked":"Backstab","floor":11.0},{"not_picked":["Phantasmal Killer","Predator","Outmaneuver"],"picked":"SKIP","floor":13.0},{"not_picked":["Accuracy","Underhanded Strike"],"picked":"Dagger Throw","floor":14.0},{"not_picked":["Adrenaline","Wraith Form v2"],"picked":"Storm of Steel","floor":16.0},{"not_picked":["Slice+1","Quick Slash+1"],"picked":"Leg Sweep","floor":18.0},{"not_picked":["Choke+1","Noxious Fumes"],"picked":"Dagger Throw+1","floor":19.0},{"not_picked":["Poisoned Stab","Cloak And Dagger+1"],"picked":"Backstab","floor":20.0},{"not_picked":["Dash","Deadly Poison+1","Poisoned Stab"],"picked":"SKIP","floor":21.0},{"not_picked":["Underhanded Strike","Cloak And Dagger"],"picked":"Backstab","floor":23.0},{"not_picked":["Sucker Punch","Deadly Poison+1","Backflip"],"picked":"SKIP","floor":25.0},{"not_picked":["Dagger Throw","Flechettes"],"picked":"Underhanded Strike+1","floor":27.0},{"not_picked":["Outmaneuver+1","Noxious Fumes"],"picked":"Acrobatics","floor":28.0},{"not_picked":["Burst","Poisoned Stab","Dagger Spray"],"picked":"SKIP","floor":30.0},{"not_picked":["Distraction","Blade Dance"],"picked":"Blur","floor":31.0},{"not_picked":["Sucker Punch+1","Bane+1","Dagger Throw"],"picked":"SKIP","floor":35.0},{"not_picked":["Sucker Punch+1","Endless Agony","Poisoned Stab"],"picked":"SKIP","floor":38.0},{"not_picked":["Well Laid Plans+1","Acrobatics"],"picked":"Calculated Gamble+1","floor":39.0},{"not_picked":["Phantasmal Killer","All Out Attack+1"],"picked":"Backstab","floor":40.0},{"not_picked":["Catalyst+1","All Out Attack+1","Slice"],"picked":"SKIP","floor":41.0},{"not_picked":["Flying Knee+1","Sucker Punch","Predator"],"picked":"SKIP","floor":44.0},{"not_picked":["Die Die Die","Dash","Dagger Throw"],"picked":"SKIP","floor":45},{"not_picked":["Skewer","Sucker Punch"],"picked":"Blur","floor":48},{"not_picked":["Cloak And Dagger+1","Underhanded Strike+1"],"picked":"Doppelganger","floor":54}],"player_experience":1491020,"relics_obtained":[{"floor":7.0,"key":"Anchor"},{"floor":9.0,"key":"Bottled Flame"},{"floor":11.0,"key":"Bag of Preparation"},{"floor":13.0,"key":"Tough Bandages"},{"floor":23.0,"key":"Happy Flower"},{"floor":27.0,"key":"Kunai"},{"floor":30.0,"key":"Vajra"},{"floor":40.0,"key":"Paper Crane"},{"floor":43.0,"key":"Orichalcum"},{"floor":45,"key":"MawBank"},{"floor":48,"key":"Ancient Tea Set"},{"floor":54,"key":"Mummified Hand"}],"event_choices":[{"damage_healed":0.0,"max_hp_gain":0.0,"max_hp_loss":0.0,"gold_gain":0.0,"event_name":"Shining Light","player_choice":"Entered Light","floor":2.0,"gold_loss":0.0,"damage_taken":14.0,"cards_upgraded":["Strike_G","Strike_G"]},{"damage_healed":0.0,"max_hp_gain":0.0,"max_hp_loss":0.0,"gold_gain":75.0,"event_name":"World of Goop","player_choice":"Gather Gold","floor":3.0,"gold_loss":0.0,"damage_taken":11.0},{"damage_healed":0.0,"max_hp_gain":0.0,"max_hp_loss":0.0,"gold_gain":0.0,"event_name":"Living Wall","player_choice":"Grow","floor":5.0,"gold_loss":0.0,"damage_taken":0.0,"cards_upgraded":["Glass Knife"]},{"damage_healed":0.0,"max_hp_gain":5.0,"max_hp_loss":0.0,"gold_gain":0.0,"event_name":"Forgotten Altar","player_choice":"Shed Blood","floor":22.0,"gold_loss":0.0,"damage_taken":18.0},{"cards_removed":["Well Laid Plans"],"damage_healed":0.0,"max_hp_gain":0.0,"max_hp_loss":0.0,"gold_gain":0.0,"event_name":"Falling","player_choice":"Removed Power","floor":37.0,"gold_loss":0.0,"damage_taken":0.0},{"damage_healed":0,"gold_gain":0,"player_choice":"Ignored","damage_taken":0,"max_hp_gain":0,"max_hp_loss":0,"event_name":"Tomb of Lord Red Mask","floor":46,"gold_loss":0}],"is_beta":false,"boss_relics":[{"not_picked":["Empty Cage","White Beast Statue"],"picked":"Runic Pyramid"},{"not_picked":["Orrery","Eternal Feather"],"picked":"Fusion Hammer"}],"items_purged_floors":[36,53],"is_endless":false,"potions_floor_spawned":[1,11,14,16,18,20,21,23,30,38,39,41,48,54],"ascension_level":5}