{"gold_per_floor":[362,216,216,230,230,230,249,249,249,279,309,328,344,359,359,460,460,474,474,487,307,324,324,355,355,355,355,355,366,55,68,68,68],"floor_reached":33,"playtime":4092,"items_purged":["Decay","Strike_G"],"score":267,"play_id":"7625d16d-58db-4598-8ec8-7feae4cfb005","local_time":"20180823180855","is_ascension_mode":false,"campfire_choices":[{"data":"Neutralize","floor":6,"key":"SMITH"},{"floor":15,"key":"REST"},{"data":"Noxious Fumes","floor":23,"key":"SMITH"},{"data":"Noxious Fumes","floor":27,"key":"SMITH"},{"floor":32,"key":"REST"}],"neow_cost":"CURSE","seed_source_timestamp":427521301756313,"circlet_count":0,"master_deck":["Defend_G","Defend_G","Defend_G","Defend_G","Defend_G","Strike_G","Strike_G","Strike_G","Survivor","Neutralize+1","Dagger Throw","Infinite Blades","Cloak And Dagger","A Thousand Cuts","Backstab","Crippling Poison","A Thousand Cuts","Noxious Fumes+1","Noxious Fumes+1","Backstab+1","Noxious Fumes","PiercingWail","Deflect","Well Laid Plans","Escape Plan","Well Laid Plans","Backflip"],"relics":["Ring of the Snake","Snake Skull","Strawberry","Dream Catcher","Molten Egg 2","Runic Dome","Lantern","Matryoshka","OrangePellets"],"potions_floor_usage":[],"damage_taken":[{"damage":1,"enemies":"Jaw Worm","floor":1,"turns":4},{"damage":1,"enemies":"2 Louse","floor":4,"turns":3},{"damage":0,"enemies":"Cultist","floor":7,"turns":3},{"damage":19,"enemies":"3 Sentries","floor":10,"turns":9},{"damage":11,"enemies":"Large Slime","floor":12,"turns":7},{"damage":1,"enemies":"Blue Slaver","floor":13,"turns":3},{"damage":5,"enemies":"Gremlin Gang","floor":14,"turns":3},{"damage":27,"enemies":"Slime Boss","floor":16,"turns":10},{"damage":17,"enemies":"Chosen","floor":18,"turns":6},{"damage":14,"enemies":"Shell Parasite","floor":20,"turns":7},{"damage":12,"enemies":"Centurion and Healer","floor":22,"turns":6},{"damage":27,"enemies":"Slavers","floor":24,"turns":5},{"damage":21,"enemies":"Sentry and Sphere","floor":29,"turns":6},{"damage":5,"enemies":"Shelled Parasite and Fungi","floor":31,"turns":6},{"damage":37,"enemies":"Automaton","floor":33,"turns":4}],"seed_played":"2524711700647814245","potions_obtained":[{"floor":12,"key":"Poison Potion"},{"floor":16,"key":"Strength Potion"},{"floor":22,"key":"Regen Potion"}],"is_trial":false,"path_per_floor":["M","$","?","M","T","R","M","?","T","E","?","M","M","M","R","B",null,"M","?","M","$","M","R","E","?","T","R","?","M","$","M","R"],"character_chosen":"THE_SILENT","items_purchased":["Infinite Blades","Noxious Fumes","OrangePellets","Well Laid Plans","Escape Plan"],"campfire_rested":2,"item_purchase_floors":[2,21,30,30,30],"current_hp_per_floor":[69,69,62,61,61,61,61,66,73,54,54,43,42,37,61,34,82,65,65,51,51,39,39,12,39,39,39,39,18,18,13,37,0],"gold":68,"neow_bonus":"TWO_FIFTY_GOLD","is_prod":false,"is_daily":false,"chose_seed":false,"campfire_upgraded":3,"win_rate":0,"timestamp":1535062135,"path_taken":["M","$","?","M","?","R","M","?","T","E","?","M","M","M","R","BOSS","M","?","M","$","M","R","E","?","T","R","?","?","$","M","R","BOSS"],"build_version":"2018-08-16","purchased_purges":2,"victory":false,"max_hp_per_floor":[70,70,70,70,70,70,70,75,82,82,82,82,82,82,82,82,82,82,82,82,82,82,82,82,82,82,82,82,82,82,82,82,82],"card_choices":[{"not_picked":["Flechettes","Flying Knee"],"picked":"Dagger Throw","floor":1},{"not_picked":["Tactician","Blade Dance"],"picked":"Cloak And Dagger","floor":4},{"not_picked":["Poisoned Stab","Blade Dance"],"picked":"A Thousand Cuts","floor":7},{"not_picked":["Dodge and Roll","Underhanded Strike"],"picked":"Backstab","floor":10},{"not_picked":["Calculated Gamble","Bouncing Flask"],"picked":"Crippling Poison","floor":12},{"not_picked":["Predator+1","Sucker Punch+1","Prepared"],"picked":"SKIP","floor":13},{"not_picked":["Catalyst","All Out Attack+1","Choke+1"],"picked":"SKIP","floor":14},{"not_picked":["Night Terror","Phantasmal Killer"],"picked":"A Thousand Cuts","floor":16},{"not_picked":["Blade Dance","Dagger Throw+1"],"picked":"Noxious Fumes","floor":18},{"not_picked":["Dagger Throw+1","Blade Dance"],"picked":"Backstab+1","floor":20},{"not_picked":["Underhanded Strike+1","Skewer+1"],"picked":"PiercingWail","floor":22},{"not_picked":["Underhanded Strike+1","Prepared"],"picked":"Deflect","floor":24},{"not_picked":["Quick Slash+1","Eviscerate+1","Reflex"],"picked":"SKIP","floor":29},{"not_picked":["Reflex","Riddle With Holes+1"],"picked":"Well Laid Plans","floor":31},{"not_picked":["Choke+1","Setup"],"picked":"Backflip","floor":32}],"player_experience":781223,"relics_obtained":[{"floor":5,"key":"Snake Skull"},{"floor":9,"key":"Strawberry"},{"floor":10,"key":"Dream Catcher"},{"floor":24,"key":"Lantern"},{"floor":26,"key":"Matryoshka"}],"event_choices":[{"event_name":"Golden Wing","player_choice":"Card Removal","floor":3,"damage_taken":0},{"event_name":"Big Fish","player_choice":"Donut","floor":8,"damage_taken":0},{"event_name":"Dead Adventurer","player_choice":"Searched \u00273\u0027 times","floor":11,"damage_taken":0},{"event_name":"Duplicator","player_choice":"One dupe","floor":19,"damage_taken":0},{"event_name":"The Library","player_choice":"Heal","floor":25,"damage_taken":0},{"event_name":"Cursed Tome","player_choice":"Ignored","floor":28,"damage_taken":0}],"is_beta":false,"boss_relics":[{"not_picked":["Runic Pyramid","Calling Bell"],"picked":"Runic Dome"}],"items_purged_floors":[2,21],"is_endless":false,"potions_floor_spawned":[12,16,22,29],"killed_by":"Automaton","ascension_level":0}