{"gold_per_floor":[363,53,53,70,145,145,159,159,159,159,30,30,30,75,75,206,206,227,227,248,163,163,196,196,295,295,265,280,280,405,426,426,550,550,564,588,13,32,47,47,47,47,97,97,122,122,135,135,135,135],"floor_reached":51,"playtime":3157,"items_purged":["Regret","Strike_B"],"score":726,"play_id":"d39549ea-49ce-4d16-bc12-753e5befcc38","local_time":"20190625122421","is_ascension_mode":false,"campfire_choices":[{"floor":6,"key":"DIG"},{"floor":8,"key":"DIG"},{"floor":13,"key":"DIG"},{"floor":15,"key":"DIG"},{"floor":24,"key":"DIG"},{"floor":29,"key":"REST"},{"floor":32,"key":"REST"},{"floor":40,"key":"DIG"},{"floor":44,"key":"DIG"},{"floor":46,"key":"DIG"},{"floor":49,"key":"DIG"}],"neow_cost":"CURSE","seed_source_timestamp":20768328686421,"circlet_count":0,"master_deck":["Strike_B+1","Strike_B","Strike_B+1","Defend_B","Defend_B","Defend_B","Defend_B","Zap+1","Dualcast+1","Clumsy","Tempest","White Noise+1","Conserve Battery+1","Defragment","Core Surge","Hologram+1","Coolheaded+1","Tempest+1","Recycle+1","Hello World","Echo Form","Recycle+1","Sweeping Beam+1","Rainbow+1","Defragment","Chaos+1","Leap+1","White Noise+1"],"relics":["Cracked Core","Shovel","Toxic Egg 2","Smiling Mask","Lantern","Whetstone","Golden Idol","Symbiotic Virus","Juzu Bracelet","Incense Burner","Philosopher\u0027s Stone","Ancient Tea Set","Blood Vial","Shuriken","Sundial","Happy Flower","Nunchaku","Pantograph","Coffee Dripper","Tiny Chest","Toy Ornithopter","Torii","DataDisk","Strawberry","Calipers","Vajra","PreservedInsect","Oddly Smooth Stone"],"potions_floor_usage":[16,28,30,33,33,36,39,39,47,47,48],"damage_taken":[{"damage":0,"enemies":"Cultist","floor":1,"turns":3},{"damage":6,"enemies":"Jaw Worm","floor":4,"turns":2},{"damage":7,"enemies":"Small Slimes","floor":7,"turns":3},{"damage":27,"enemies":"Hexaghost","floor":16,"turns":8},{"damage":0,"enemies":"3 Byrds","floor":18,"turns":2},{"damage":8,"enemies":"Spheric Guardian","floor":20,"turns":4},{"damage":46,"enemies":"Slavers","floor":23,"turns":5},{"damage":6,"enemies":"3 Cultists","floor":28,"turns":5},{"damage":0,"enemies":"Colosseum Slavers","floor":30,"turns":1},{"damage":21,"enemies":"Colosseum Nobs","floor":30,"turns":4},{"damage":0,"enemies":"Snake Plant","floor":31,"turns":3},{"damage":30,"enemies":"Champ","floor":33,"turns":8},{"damage":18,"enemies":"3 Shapes","floor":35,"turns":4},{"damage":13,"enemies":"3 Darklings","floor":36,"turns":6},{"damage":15,"enemies":"Jaw Worm Horde","floor":38,"turns":3},{"damage":8,"enemies":"Spire Growth","floor":39,"turns":5},{"damage":2,"enemies":"4 Shapes","floor":47,"turns":3},{"damage":0,"enemies":"Writhing Mass","floor":48,"turns":1},{"damage":61,"enemies":"Awakened One","floor":50,"turns":12}],"seed_played":"-619239314854908726","potions_obtained":[{"floor":4,"key":"LiquidBronze"},{"floor":7,"key":"SpeedPotion"},{"floor":23,"key":"SteroidPotion"},{"floor":27,"key":"Poison Potion"},{"floor":27,"key":"SpeedPotion"},{"floor":31,"key":"FocusPotion"},{"floor":35,"key":"Fire Potion"},{"floor":36,"key":"GamblersBrew"},{"floor":38,"key":"Fire Potion"},{"floor":42,"key":"Fire Potion"},{"floor":42,"key":"Fire Potion"},{"floor":42,"key":"SmokeBomb"}],"is_trial":false,"path_per_floor":["M","$","?","M","?","R","M","R","T","?","$","?","R","T","R","B",null,"M","?","M","?","?","E","R","?","T","?","M","R","?","M","R","B",null,"M","M","$","M","M","R","?","?","T","R","T","R","M","M","R","B",null],"character_chosen":"DEFECT","items_purchased":["Shovel","Defragment","Rainbow+1","Tiny Chest","Toy Ornithopter","Defragment"],"campfire_rested":2,"item_purchase_floors":[2,11,37,37,37,37],"current_hp_per_floor":[75,75,75,69,58,58,51,51,51,51,51,51,51,51,51,24,69,69,69,61,61,61,17,17,17,17,17,13,33,16,18,38,35,69,51,40,40,27,31,31,31,31,38,38,38,38,48,55,55,15],"gold":135,"neow_bonus":"TWO_FIFTY_GOLD","is_prod":false,"is_daily":false,"chose_seed":false,"campfire_upgraded":0,"win_rate":0,"timestamp":1561487061,"path_taken":["M","$","?","M","?","R","M","R","T","?","?","?","R","?","R","BOSS","M","?","M","?","?","E","R","?","T","?","M","R","?","M","R","BOSS","M","M","$","M","M","R","?","?","T","R","?","R","M","M","R","BOSS"],"build_version":"2019-01-23","purchased_purges":2,"victory":true,"max_hp_per_floor":[75,75,75,75,75,75,75,75,75,75,75,69,69,69,69,69,69,69,69,69,69,69,69,69,69,69,69,69,69,69,69,69,69,69,69,69,69,69,69,69,69,69,76,76,76,76,76,76,76,76],"card_choices":[{"not_picked":["Chill","Beam Cell"],"picked":"Tempest","floor":1},{"not_picked":["Coolheaded+1","Lockon"],"picked":"White Noise+1","floor":4},{"not_picked":["Recycle+1","Ball Lightning"],"picked":"Conserve Battery+1","floor":7},{"not_picked":["Hyperbeam","All For One"],"picked":"Core Surge","floor":16},{"not_picked":["Turbo+1","Hello World+1"],"picked":"Hologram+1","floor":18},{"not_picked":["Gash","Compile Driver","Go for the Eyes"],"picked":"SKIP","floor":20},{"not_picked":["Amplify+1","Leap+1"],"picked":"Coolheaded+1","floor":23},{"not_picked":["Stack+1","Leap+1"],"picked":"Tempest+1","floor":28},{"not_picked":["Compile Driver","Static Discharge"],"picked":"Recycle+1","floor":30},{"not_picked":["Steam+1","Aggregate+1"],"picked":"Hello World","floor":31},{"not_picked":["Meteor Strike","Multi-Cast+1"],"picked":"Echo Form","floor":33},{"not_picked":["Gash+1","Genetic Algorithm+1"],"picked":"Recycle+1","floor":35},{"not_picked":["Go for the Eyes+1","FTL+1"],"picked":"Sweeping Beam+1","floor":36},{"not_picked":["FTL+1","Loop"],"picked":"Chaos+1","floor":38},{"not_picked":["Turbo+1","Heatsinks"],"picked":"Leap+1","floor":39},{"not_picked":["Redo+1","Barrage+1"],"picked":"White Noise+1","floor":47}],"player_experience":1497767,"relics_obtained":[{"floor":6,"key":"Smiling Mask"},{"floor":8,"key":"Lantern"},{"floor":9,"key":"Whetstone"},{"floor":13,"key":"Symbiotic Virus"},{"floor":14,"key":"Juzu Bracelet"},{"floor":15,"key":"Incense Burner"},{"floor":23,"key":"Shuriken"},{"floor":24,"key":"Sundial"},{"floor":26,"key":"Happy Flower"},{"floor":30,"key":"Nunchaku"},{"floor":30,"key":"Pantograph"},{"floor":40,"key":"Torii"},{"floor":41,"key":"DataDisk"},{"floor":43,"key":"Strawberry"},{"floor":44,"key":"Calipers"},{"floor":45,"key":"Vajra"},{"floor":46,"key":"PreservedInsect"},{"floor":49,"key":"Oddly Smooth Stone"}],"event_choices":[{"damage_healed":0,"gold_gain":0,"player_choice":"Box","damage_taken":0,"relics_obtained":["Toxic Egg 2"],"max_hp_gain":0,"max_hp_loss":0,"event_name":"Big Fish","floor":3,"gold_loss":0,"cards_obtained":["Regret"]},{"damage_healed":0,"gold_gain":75,"player_choice":"Gather Gold","damage_taken":11,"max_hp_gain":0,"max_hp_loss":0,"event_name":"World of Goop","floor":5,"gold_loss":0},{"damage_healed":0,"gold_gain":0,"player_choice":"Grow","damage_taken":0,"max_hp_gain":0,"max_hp_loss":0,"event_name":"Living Wall","floor":10,"gold_loss":0,"cards_upgraded":["Zap"]},{"damage_healed":0,"gold_gain":0,"player_choice":"Lose Max HP","damage_taken":0,"relics_obtained":["Golden Idol"],"max_hp_gain":0,"max_hp_loss":6,"event_name":"Golden Idol","floor":12,"gold_loss":0},{"damage_healed":0,"gold_gain":0,"player_choice":"Upgraded","damage_taken":0,"max_hp_gain":0,"max_hp_loss":0,"event_name":"Upgrade Shrine","floor":19,"gold_loss":0,"cards_upgraded":["Dualcast"]},{"damage_healed":0,"gold_gain":0,"player_choice":"Obtained Relic","damage_taken":0,"relics_obtained":["Ancient Tea Set"],"max_hp_gain":0,"max_hp_loss":0,"event_name":"Addict","floor":21,"gold_loss":85},{"damage_healed":0,"gold_gain":0,"player_choice":"Gave Potion","damage_taken":0,"relics_obtained":["Blood Vial"],"max_hp_gain":0,"max_hp_loss":0,"event_name":"WeMeetAgain","floor":22,"gold_loss":0},{"damage_healed":0,"gold_gain":99,"player_choice":"Stole From Cult","damage_taken":0,"max_hp_gain":0,"max_hp_loss":0,"event_name":"Nest","floor":25,"gold_loss":0},{"damage_healed":0,"gold_gain":0,"player_choice":"Bought 2 Potions","damage_taken":0,"max_hp_gain":0,"max_hp_loss":0,"event_name":"The Woman in Blue","floor":27,"gold_loss":0},{"damage_healed":0,"gold_gain":0,"player_choice":"Fight","damage_taken":0,"max_hp_gain":0,"max_hp_loss":0,"event_name":"Colosseum","floor":30,"gold_loss":0},{"damage_healed":0,"gold_gain":0,"player_choice":"Fought Nobs","damage_taken":0,"max_hp_gain":0,"max_hp_loss":0,"event_name":"Colosseum","floor":30,"gold_loss":0},{"damage_healed":0,"gold_gain":0,"player_choice":"Relic","damage_taken":0,"max_hp_gain":0,"max_hp_loss":0,"event_name":"Wheel of Change","floor":41,"gold_loss":0},{"damage_healed":0,"gold_gain":0,"player_choice":"Got Potions","damage_taken":0,"max_hp_gain":0,"max_hp_loss":0,"event_name":"Lab","floor":42,"gold_loss":0}],"is_beta":false,"boss_relics":[{"not_picked":["Calling Bell","FrozenCore"],"picked":"Philosopher\u0027s Stone"},{"not_picked":["Inserter","Orrery"],"picked":"Coffee Dripper"}],"items_purged_floors":[11,37],"is_endless":false,"potions_floor_spawned":[4,7,23,30,31,35,36,38],"ascension_level":0}