{"gold_per_floor":[110,121,133,10,24,24,43,18,18,18,50,50,85,98,98,195,195,214,214,214,32,48,80,80,99,99,113,113],"floor_reached":28,"playtime":1379,"items_purged":[],"score":413,"play_id":"a2fa7940-6d2b-4af3-8411-2aa6896ea3f6","local_time":"20190604004036","is_ascension_mode":true,"campfire_choices":[{"data":"Whirlwind","floor":6.0,"key":"SMITH"},{"data":"Clothesline","floor":10.0,"key":"SMITH"},{"data":"Flex","floor":12.0,"key":"SMITH"},{"data":"Bludgeon","floor":15.0,"key":"SMITH"},{"floor":24.0,"key":"REST"}],"neow_cost":"NONE","seed_source_timestamp":119534568647423,"circlet_count":0,"master_deck":["Strike_R","Strike_R","Strike_R","Strike_R","Strike_R","Defend_R","Defend_R","Defend_R","Defend_R","Bash","Feed","Twin Strike","Power Through","Whirlwind+1","Intimidate","Battle Trance","Havoc","Clothesline+1","Flex+1","Bludgeon+1","Sword Boomerang","Reaper","Shockwave","Bludgeon+1","Mind Blast","Heavy Blade","Shrug It Off","Second Wind+1","Inflame"],"special_seed":0,"relics":["Burning Blood","Pear","Boot","Du-Vu Doll","Runic Pyramid","Dodecahedron","Vajra"],"potions_floor_usage":[28],"damage_taken":[{"damage":7.0,"enemies":"Jaw Worm","floor":1.0,"turns":7.0},{"damage":1.0,"enemies":"Cultist","floor":2.0,"turns":4.0},{"damage":11.0,"enemies":"2 Louse","floor":3.0,"turns":2.0},{"damage":11.0,"enemies":"Exordium Wildlife","floor":5.0,"turns":6.0},{"damage":6.0,"enemies":"Lots of Slimes","floor":7.0,"turns":3.0},{"damage":8.0,"enemies":"3 Sentries","floor":11.0,"turns":3.0},{"damage":33.0,"enemies":"Gremlin Nob","floor":13.0,"turns":6.0},{"damage":6.0,"enemies":"Blue Slaver","floor":14.0,"turns":2.0},{"damage":55.0,"enemies":"Slime Boss","floor":16.0,"turns":9.0},{"damage":3.0,"enemies":"3 Byrds","floor":18.0,"turns":4.0},{"damage":23.0,"enemies":"Shell Parasite","floor":22.0,"turns":4.0},{"damage":77.0,"enemies":"Slavers","floor":23.0,"turns":8.0},{"damage":13.0,"enemies":"Cultist and Chosen","floor":25.0,"turns":6.0},{"damage":2.0,"enemies":"Snecko","floor":27.0,"turns":4.0},{"damage":60,"enemies":"Book of Stabbing","floor":28,"turns":5}],"seed_played":"-1454145197712736405","potions_obtained":[{"floor":11.0,"key":"Weak Potion"},{"floor":13.0,"key":"Swift Potion"},{"floor":14.0,"key":"SpeedPotion"},{"floor":16.0,"key":"Block Potion"},{"floor":23.0,"key":"Fire Potion"},{"floor":27.0,"key":"Strength Potion"}],"is_trial":false,"path_per_floor":["M","M","M","$","M","R","M","$","T","R","E","R","E","M","R","B",null,"M","?","?","$","M","E","R","M","T","M","E"],"character_chosen":"IRONCLAD","items_purchased":["Intimidate","Block Potion","Clothesline","Mind Blast","Strength Potion","Heavy Blade"],"campfire_rested":1,"item_purchase_floors":[4,4,8,21,21,21],"current_hp_per_floor":[74,82,80,80,78,78,81,81,91,91,89,89,65,65,65,16,85,101,78,78,78,64,11,47,43,43,47,0],"gold":113,"neow_bonus":"ONE_RANDOM_RARE_CARD","is_prod":false,"is_daily":false,"chose_seed":false,"campfire_upgraded":4,"win_rate":0,"timestamp":1559623236,"path_taken":["M","M","M","$","M","R","M","$","T","R","E","R","E","M","R","BOSS","M","?","?","$","M","E","R","?","T","M","E"],"build_version":"2019-01-23","purchased_purges":0,"victory":false,"max_hp_per_floor":[83,86,89,89,92,92,95,95,105,105,105,105,108,108,108,108,108,111,116,116,116,119,122,122,125,125,125,125],"card_choices":[{"not_picked":["Clothesline","Heavy Blade"],"picked":"Twin Strike","floor":1.0},{"not_picked":["Armaments","Reckless Charge"],"picked":"Power Through","floor":2.0},{"not_picked":["Warcry","Anger"],"picked":"Whirlwind","floor":3.0},{"not_picked":["Sever Soul","Pommel Strike"],"picked":"Battle Trance","floor":5.0},{"not_picked":["Clash","Warcry"],"picked":"Havoc","floor":7.0},{"not_picked":["Burning Pact","Carnage"],"picked":"Flex","floor":11.0},{"not_picked":["Shrug It Off","Seeing Red"],"picked":"Bludgeon","floor":13.0},{"not_picked":["Reckless Charge","Anger"],"picked":"Sword Boomerang","floor":14.0},{"not_picked":["Brutality","Exhume"],"picked":"Reaper","floor":16.0},{"not_picked":["Blood for Blood","Clash"],"picked":"Shockwave","floor":18.0},{"not_picked":["Sword Boomerang","Havoc","Feel No Pain"],"picked":"SKIP","floor":22.0},{"not_picked":["Reckless Charge","Heavy Blade"],"picked":"Shrug It Off","floor":23.0},{"not_picked":["Sword Boomerang","Armaments"],"picked":"Second Wind+1","floor":25.0},{"not_picked":["Hemokinesis+1","Warcry"],"picked":"Inflame","floor":27.0}],"player_experience":311935,"relics_obtained":[{"floor":9.0,"key":"Pear"},{"floor":11.0,"key":"Boot"},{"floor":13.0,"key":"Du-Vu Doll"},{"floor":23.0,"key":"Dodecahedron"},{"floor":26.0,"key":"Vajra"}],"event_choices":[{"damage_healed":0.0,"max_hp_gain":5.0,"max_hp_loss":0.0,"gold_gain":0.0,"event_name":"Forgotten Altar","player_choice":"Shed Blood","floor":19.0,"gold_loss":0.0,"damage_taken":28.0},{"damage_healed":0.0,"max_hp_gain":0.0,"max_hp_loss":0.0,"gold_gain":0.0,"event_name":"Duplicator","player_choice":"Copied","floor":20.0,"gold_loss":0.0,"damage_taken":0.0,"cards_obtained":["Bludgeon"]}],"is_beta":false,"boss_relics":[{"not_picked":["Runic Dome","Empty Cage"],"picked":"Runic Pyramid"}],"items_purged_floors":[],"is_endless":false,"potions_floor_spawned":[11,13,14,16,23,27],"killed_by":"Book of Stabbing","ascension_level":9}