{"gold_per_floor":[110,110,127,143,163,163,175,175,175,175,175,195,195,213,213,309,309,323,323,248,232,243,243,263,263,287,287,301,301,301,400,400,400],"floor_reached":33,"playtime":1381,"items_purged":["Strike_R"],"score":275,"play_id":"6ddf7d40-553f-4a65-a1d3-457d35416168","local_time":"20190616183702","is_ascension_mode":true,"campfire_choices":[{"data":"Spot Weakness","floor":6,"key":"SMITH"},{"data":"Iron Wave","floor":8,"key":"SMITH"},{"data":"Bash","floor":11,"key":"SMITH"},{"data":"Twin Strike","floor":15,"key":"SMITH"},{"floor":23,"key":"REST"},{"floor":25,"key":"REST"},{"data":"Demon Form","floor":27,"key":"SMITH"},{"floor":30,"key":"REST"},{"data":"Shrug It Off","floor":32,"key":"SMITH"}],"neow_cost":"NONE","seed_source_timestamp":5335912574035040,"circlet_count":0,"master_deck":["Strike_R","Strike_R","Strike_R","Strike_R","Defend_R","Defend_R","Defend_R","Defend_R","Bash+1","Shrug It Off+1","Twin Strike+1","Iron Wave+1","Spot Weakness+1","Demon Form+1","Entrench+1","Necronomicurse"],"relics":["Burning Blood","Bottled Lightning","Blood Vial","Mark of Pain","Necronomicon","Dream Catcher"],"potions_floor_usage":[33],"damage_taken":[{"damage":0,"enemies":"Cultist","floor":1,"turns":4},{"damage":0,"enemies":"2 Louse","floor":3,"turns":3},{"damage":4,"enemies":"Small Slimes","floor":4,"turns":4},{"damage":6,"enemies":"Looter","floor":5,"turns":4},{"damage":16,"enemies":"Lots of Slimes","floor":7,"turns":5},{"damage":9,"enemies":"Exordium Thugs","floor":12,"turns":3},{"damage":0,"enemies":"Looter","floor":14,"turns":2},{"damage":39,"enemies":"The Guardian","floor":16,"turns":10},{"damage":26,"enemies":"Spheric Guardian","floor":18,"turns":6},{"damage":16,"enemies":"2 Thieves","floor":21,"turns":4},{"damage":45,"enemies":"Sentry and Sphere","floor":22,"turns":7},{"damage":19,"enemies":"Centurion and Healer","floor":24,"turns":6},{"damage":22,"enemies":"Snake Plant","floor":28,"turns":5},{"damage":85,"enemies":"Automaton","floor":33,"turns":6}],"seed_played":"-4069571572364895887","potions_obtained":[{"floor":3,"key":"Explosive Potion"},{"floor":5,"key":"Ancient Potion"},{"floor":14,"key":"Dexterity Potion"},{"floor":18,"key":"SmokeBomb"}],"is_trial":false,"path_per_floor":["M","$","M","M","M","R","M","R","T","?","R","M","?","M","R","B",null,"M","?","$","M","M","R","M","R","T","R","M","?","R","?","R","B"],"character_chosen":"IRONCLAD","items_purchased":[],"campfire_rested":3,"item_purchase_floors":[],"current_hp_per_floor":[88,88,88,88,88,88,78,78,78,70,70,67,64,72,72,41,88,68,52,52,44,7,33,22,48,48,48,34,34,60,60,60,0],"gold":400,"neow_bonus":"TEN_PERCENT_HP_BONUS","is_prod":false,"is_daily":false,"chose_seed":false,"campfire_upgraded":6,"win_rate":0,"timestamp":1560728222,"path_taken":["M","$","M","?","M","R","M","R","T","?","R","?","?","M","R","BOSS","M","?","$","M","M","R","M","R","T","R","M","?","R","?","R","BOSS"],"build_version":"2019-01-23","purchased_purges":1,"victory":false,"max_hp_per_floor":[88,88,88,88,88,88,88,88,88,88,88,88,88,88,88,88,88,88,88,88,88,88,88,88,88,88,88,88,88,88,88,88,88],"card_choices":[{"not_picked":["Warcry","Body Slam"],"picked":"Shrug It Off","floor":1},{"not_picked":["Thunderclap","Sentinel"],"picked":"Twin Strike","floor":3},{"not_picked":["Second Wind","Perfected Strike"],"picked":"Iron Wave","floor":4},{"not_picked":["Warcry","Reckless Charge"],"picked":"Spot Weakness","floor":5},{"not_picked":["Blood for Blood","Body Slam","Corruption"],"picked":"SKIP","floor":7},{"not_picked":["Flex","Seeing Red","Headbutt"],"picked":"SKIP","floor":12},{"not_picked":["Warcry","Clash","Dropkick"],"picked":"SKIP","floor":14},{"not_picked":["Feed","Berserk"],"picked":"Demon Form","floor":16},{"not_picked":["Cleave","Iron Wave"],"picked":"Entrench+1","floor":18},{"not_picked":["Flex","Pommel Strike","Armaments"],"picked":"SKIP","floor":21},{"not_picked":["Dropkick+1","Twin Strike","Combust"],"picked":"SKIP","floor":22},{"not_picked":["Body Slam+1","Perfected Strike","Pommel Strike"],"picked":"SKIP","floor":24},{"not_picked":["Dual Wield","Headbutt","Pommel Strike+1"],"picked":"SKIP","floor":28}],"player_experience":117268,"relics_obtained":[{"floor":9,"key":"Bottled Lightning"},{"floor":19,"key":"Necronomicon"},{"floor":26,"key":"Dream Catcher"}],"event_choices":[{"damage_healed":0,"gold_gain":0,"player_choice":"Damaged","damage_taken":8,"max_hp_gain":0,"max_hp_loss":0,"event_name":"Wheel of Change","floor":10,"gold_loss":0},{"damage_healed":0,"gold_gain":0,"player_choice":"Success","damage_taken":3,"relics_obtained":["Blood Vial"],"max_hp_gain":0,"max_hp_loss":0,"event_name":"Scrap Ooze","floor":13,"gold_loss":0},{"damage_healed":0,"gold_gain":0,"player_choice":"Obtained Book","damage_taken":16,"max_hp_gain":0,"max_hp_loss":0,"event_name":"Cursed Tome","floor":19,"gold_loss":0},{"damage_healed":0,"gold_gain":0,"player_choice":"Ignored","damage_taken":0,"max_hp_gain":0,"max_hp_loss":0,"event_name":"The Mausoleum","floor":29,"gold_loss":0},{"damage_healed":0,"gold_gain":99,"player_choice":"Stole From Cult","damage_taken":0,"max_hp_gain":0,"max_hp_loss":0,"event_name":"Nest","floor":31,"gold_loss":0}],"is_beta":false,"boss_relics":[{"not_picked":["Pandora\u0027s Box","Eternal Feather"],"picked":"Mark of Pain"}],"items_purged_floors":[20],"is_endless":false,"potions_floor_spawned":[3,5,14,18,21],"killed_by":"Automaton","ascension_level":3}