{"gold_per_floor":[113,133,149,149,168,200,216,248,248,248,248,263,18,49,49,49],"floor_reached":16,"playtime":992,"items_purged":[],"score":153,"play_id":"19c95551-d650-416b-b7c0-7271056adeb3","local_time":"20190512155315","is_ascension_mode":true,"campfire_choices":[{"data":"Defragment","floor":10.0,"key":"SMITH"},{"data":"Darkness","floor":15.0,"key":"SMITH"}],"neow_cost":"NONE","seed_source_timestamp":7814373662945,"circlet_count":0,"master_deck":["Strike_B","Strike_B","Strike_B","Strike_B","Defend_B","Defend_B","Defend_B","Defend_B","Zap","Dualcast","Self Repair","Reinforced Body","Defragment+1","Darkness+1","FTL","Turbo","Ball Lightning","Sweeping Beam","Sweeping Beam","Double Energy"],"special_seed":0,"relics":["Cracked Core","NeowsBlessing","Oddly Smooth Stone","Omamori","Juzu Bracelet","Dodecahedron","The Courier","Bottled Flame","Gambling Chip"],"potions_floor_usage":[],"damage_taken":[{"damage":0.0,"enemies":"Cultist","floor":1.0,"turns":1.0},{"damage":0.0,"enemies":"Jaw Worm","floor":2.0,"turns":1.0},{"damage":0.0,"enemies":"2 Louse","floor":3.0,"turns":1.0},{"damage":9.0,"enemies":"Blue Slaver","floor":5.0,"turns":5.0},{"damage":8.0,"enemies":"Lagavulin","floor":6.0,"turns":7.0},{"damage":12.0,"enemies":"Large Slime","floor":7.0,"turns":5.0},{"damage":34.0,"enemies":"Gremlin Nob","floor":8.0,"turns":5.0},{"damage":0.0,"enemies":"Lots of Slimes","floor":12.0,"turns":5.0},{"damage":12.0,"enemies":"3 Sentries","floor":14.0,"turns":4.0},{"damage":26,"enemies":"The Guardian","floor":16,"turns":7}],"seed_played":"-548875615425565464","potions_obtained":[{"floor":3.0,"key":"AttackPotion"},{"floor":5.0,"key":"EntropicBrew"},{"floor":7.0,"key":"SkillPotion"},{"floor":12.0,"key":"Ancient Potion"},{"floor":14.0,"key":"LiquidBronze"}],"is_trial":false,"path_per_floor":["M","M","M","?","M","E","M","E","T","R","T","M","$","E","R","B"],"character_chosen":"DEFECT","items_purchased":["Bottled Flame","Sweeping Beam"],"campfire_rested":0,"item_purchase_floors":[13,13],"current_hp_per_floor":[75,75,75,57,55,54,49,22,22,22,22,29,29,24,24,0],"gold":49,"neow_bonus":"THREE_ENEMY_KILL","is_prod":false,"is_daily":false,"chose_seed":false,"campfire_upgraded":2,"win_rate":0,"timestamp":1557690795,"path_taken":["M","M","?","?","M","E","M","E","T","R","?","M","$","E","R","BOSS"],"build_version":"2019-01-23","purchased_purges":0,"victory":false,"max_hp_per_floor":[75,75,75,75,75,75,75,75,75,75,75,75,75,75,75,75],"card_choices":[{"not_picked":["Turbo","Rebound"],"picked":"Self Repair","floor":1.0},{"not_picked":["Skim","Recycle"],"picked":"Reinforced Body","floor":2.0},{"not_picked":["Rebound","Auto Shields"],"picked":"Defragment","floor":3.0},{"not_picked":["Amplify","Steam"],"picked":"Darkness","floor":5.0},{"not_picked":["Cold Snap","Steam"],"picked":"FTL","floor":6.0},{"not_picked":["Static Discharge","Auto Shields"],"picked":"Turbo","floor":7.0},{"not_picked":["Stack","Blizzard"],"picked":"Ball Lightning","floor":8.0},{"not_picked":["Stack","Leap"],"picked":"Sweeping Beam","floor":12.0},{"not_picked":["Storm","Streamline"],"picked":"Double Energy","floor":14.0}],"player_experience":242212,"relics_obtained":[{"floor":6.0,"key":"Omamori"},{"floor":8.0,"key":"Juzu Bracelet"},{"floor":9.0,"key":"Dodecahedron"},{"floor":11.0,"key":"The Courier"},{"floor":14.0,"key":"Gambling Chip"}],"event_choices":[{"damage_healed":0.0,"max_hp_gain":0.0,"max_hp_loss":0.0,"gold_gain":0.0,"event_name":"Scrap Ooze","player_choice":"Success","floor":4.0,"gold_loss":0.0,"damage_taken":18.0,"relics_obtained":["Oddly Smooth Stone"]}],"is_beta":false,"boss_relics":[],"items_purged_floors":[],"is_endless":false,"potions_floor_spawned":[3,5,7,12,14],"killed_by":"The Guardian","ascension_level":5}