{"gold_per_floor":[115,134,309,6,6,6,36,36,83,115,135,161,200,17,17,119,119,137,149,15,15,29,57,57,57,104,120,132,158,174,207,207,307,307,322,22,22,22,22],"floor_reached":39,"playtime":2397,"items_purged":["Doubt","Strike_B"],"score":624,"play_id":"3b5450e5-2fb4-46c8-9bf0-a4e1edafee09","local_time":"20190518071107","is_ascension_mode":true,"campfire_choices":[{"data":"Zap","floor":6.0,"key":"SMITH"},{"floor":8.0,"key":"REST"},{"floor":15.0,"key":"REST"},{"data":"Echo Form","floor":24.0,"key":"SMITH"},{"floor":32.0,"key":"REST"}],"neow_cost":"NONE","seed_source_timestamp":313621253192,"circlet_count":0,"master_deck":["Strike_B","Strike_B","Strike_B+1","Defend_B","Defend_B","Defend_B","Defend_B","Zap+1","Dualcast","Glacier","Defragment+1","Redo","Chill","Coolheaded","Double Energy","Conserve Battery","Self Repair","Echo Form+1","BootSequence","Cold Snap","Hello World","Echo Form","Steam Power","Redo","Sunder","FTL","Amplify","Creative AI"],"special_seed":0,"relics":["Cracked Core","NeowsBlessing","Symbiotic Virus","Dodecahedron","Orichalcum","Lantern","MawBank","Odd Mushroom","Runic Pyramid","Mercury Hourglass","Happy Flower","Ancient Tea Set","Bronze Scales","Inserter","FossilizedHelix"],"potions_floor_usage":[39],"damage_taken":[{"damage":0.0,"enemies":"Small Slimes","floor":1.0,"turns":1.0},{"damage":0.0,"enemies":"Jaw Worm","floor":2.0,"turns":1.0},{"damage":0.0,"enemies":"3 Sentries","floor":7.0,"turns":1.0},{"damage":6.0,"enemies":"Lagavulin","floor":10.0,"turns":6.0},{"damage":0.0,"enemies":"2 Louse","floor":11.0,"turns":2.0},{"damage":19.0,"enemies":"3 Sentries","floor":12.0,"turns":5.0},{"damage":12.0,"enemies":"The Mushroom Lair","floor":13.0,"turns":5.0},{"damage":13.0,"enemies":"Hexaghost","floor":16.0,"turns":9.0},{"damage":2.0,"enemies":"Spheric Guardian","floor":18.0,"turns":3.0},{"damage":11.0,"enemies":"Shell Parasite","floor":19.0,"turns":5.0},{"damage":0.0,"enemies":"Centurion and Healer","floor":22.0,"turns":11.0},{"damage":36.0,"enemies":"Book of Stabbing","floor":23.0,"turns":10.0},{"damage":14.0,"enemies":"Shelled Parasite and Fungi","floor":27.0,"turns":5.0},{"damage":0.0,"enemies":"3 Cultists","floor":28.0,"turns":7.0},{"damage":11.0,"enemies":"Gremlin Leader","floor":29.0,"turns":9.0},{"damage":2.0,"enemies":"Cultist and Chosen","floor":30.0,"turns":4.0},{"damage":24.0,"enemies":"Slavers","floor":31.0,"turns":5.0},{"damage":3.0,"enemies":"Champ","floor":33.0,"turns":14.0},{"damage":32.0,"enemies":"3 Darklings","floor":35.0,"turns":5.0},{"damage":49,"enemies":"Time Eater","floor":39,"turns":6}],"seed_played":"-292012810050613169","potions_obtained":[{"floor":2.0,"key":"Fire Potion"},{"floor":10.0,"key":"Ancient Potion"},{"floor":13.0,"key":"AttackPotion"},{"floor":27.0,"key":"FearPotion"},{"floor":28.0,"key":"SkillPotion"},{"floor":29.0,"key":"PowerPotion"},{"floor":30.0,"key":"Dexterity Potion"},{"floor":31.0,"key":"Dexterity Potion"}],"is_trial":false,"path_per_floor":["M","M","?","$","?","R","E","R","T","E","M","E","?","$","R","B",null,"M","M","$","?","M","E","R","$","T","M","M","E","M","E","R","B",null,"M","$","$","?","B"],"character_chosen":"DEFECT","items_purchased":["Symbiotic Virus","Redo","Self Repair","Strength Potion","Hello World","FossilizedHelix"],"campfire_rested":3,"item_purchase_floors":[4,4,14,14,20,36],"current_hp_per_floor":[68,68,68,68,53,53,53,75,75,69,69,50,38,38,60,54,70,75,71,71,71,75,46,46,46,46,39,46,42,47,37,59,70,74,49,49,49,49,0],"gold":22,"neow_bonus":"THREE_ENEMY_KILL","is_prod":false,"is_daily":false,"chose_seed":false,"campfire_upgraded":2,"win_rate":0,"timestamp":1558177867,"path_taken":["M","M","?","$","?","R","E","R","T","E","M","E","?","?","R","BOSS","M","M","$","?","M","E","R","?","T","?","M","E","M","E","R","BOSS","M","?","$","?","BOSS"],"build_version":"2019-01-23","purchased_purges":2,"victory":false,"max_hp_per_floor":[75,75,75,75,75,75,75,75,75,75,75,75,75,75,75,75,75,75,75,75,75,75,75,75,75,75,75,75,75,75,75,75,75,75,75,75,75,75,75],"card_choices":[{"not_picked":["Hologram","Rebound"],"picked":"Glacier","floor":1.0},{"not_picked":["Hello World","Leap"],"picked":"Defragment","floor":2.0},{"not_picked":["Gash","Redo"],"picked":"Chill","floor":7.0},{"not_picked":["Amplify","Barrage"],"picked":"Coolheaded","floor":10.0},{"not_picked":["Barrage","Capacitor"],"picked":"Double Energy","floor":11.0},{"not_picked":["Compile Driver","Turbo"],"picked":"Conserve Battery","floor":12.0},{"not_picked":["Buffer","Rainbow"],"picked":"Echo Form","floor":16.0},{"not_picked":["Reprogram+1","Leap+1"],"picked":"BootSequence","floor":18.0},{"not_picked":["Reprogram+1","Lockon+1"],"picked":"Cold Snap","floor":19.0},{"not_picked":["Sweeping Beam","Go for the Eyes"],"picked":"Steam Power","floor":22.0},{"not_picked":["Stack+1","Gash","Thunder Strike"],"picked":"SKIP","floor":23.0},{"not_picked":["Recycle+1","Conserve Battery"],"picked":"Redo","floor":27.0},{"not_picked":["Go for the Eyes","Gash"],"picked":"Sunder","floor":28.0},{"not_picked":["Ball Lightning+1","Steam"],"picked":"FTL","floor":29.0},{"not_picked":["Hello World","Genetic Algorithm","Rebound"],"picked":"SKIP","floor":30.0},{"not_picked":["Go for the Eyes","Darkness"],"picked":"Amplify","floor":31.0},{"not_picked":["Thunder Strike","Multi-Cast"],"picked":"Creative AI","floor":33.0},{"not_picked":["Sweeping Beam","Compile Driver","Conserve Battery"],"picked":"SKIP","floor":35.0}],"player_experience":271725,"relics_obtained":[{"floor":7.0,"key":"Dodecahedron"},{"floor":9.0,"key":"Orichalcum"},{"floor":10.0,"key":"Lantern"},{"floor":12.0,"key":"MawBank"},{"floor":13.0,"key":"Odd Mushroom"},{"floor":23.0,"key":"Mercury Hourglass"},{"floor":26.0,"key":"Happy Flower"},{"floor":29.0,"key":"Ancient Tea Set"},{"floor":31.0,"key":"Bronze Scales"}],"event_choices":[{"damage_healed":0.0,"max_hp_gain":0.0,"max_hp_loss":0.0,"gold_gain":175.0,"event_name":"Liars Game","player_choice":"AGREE","floor":3.0,"gold_loss":0.0,"damage_taken":0.0,"cards_obtained":["Doubt"]},{"damage_healed":0.0,"max_hp_gain":0.0,"max_hp_loss":0.0,"gold_gain":0.0,"event_name":"Shining Light","player_choice":"Entered Light","floor":5.0,"gold_loss":0.0,"damage_taken":15.0,"cards_upgraded":["Strike_B","Defragment"]},{"damage_healed":0.0,"max_hp_gain":0.0,"max_hp_loss":0.0,"gold_gain":0.0,"event_name":"Mushrooms","player_choice":"Fought Mushrooms","floor":13.0,"gold_loss":0.0,"damage_taken":0.0},{"damage_healed":0.0,"max_hp_gain":0.0,"max_hp_loss":0.0,"gold_gain":0.0,"event_name":"Duplicator","player_choice":"Copied","floor":21.0,"gold_loss":0.0,"damage_taken":0.0,"cards_obtained":["Echo Form"]},{"damage_healed":0.0,"max_hp_gain":0.0,"max_hp_loss":0.0,"gold_gain":0.0,"event_name":"SecretPortal","player_choice":"Took Portal","floor":38.0,"gold_loss":0.0,"damage_taken":0.0}],"is_beta":false,"boss_relics":[{"not_picked":["Lizard Tail","Astrolabe"],"picked":"Runic Pyramid"},{"not_picked":["Fusion Hammer","Philosopher\u0027s Stone"],"picked":"Inserter"}],"items_purged_floors":[14,20],"is_endless":false,"potions_floor_spawned":[2,10,13,27,28,29,30,31],"killed_by":"Time Eater","ascension_level":6}