{"gold_per_floor":[110,185,195,160,172,202,202,230,230,246,170,202,218,235,235,235],"floor_reached":16,"playtime":1839,"items_purged":[],"score":128,"play_id":"3cf3b966-8a83-40b3-a4a9-e1477cbae2b5","local_time":"20190402172357","is_ascension_mode":true,"campfire_choices":[{"floor":7.0,"key":"REST"},{"floor":15.0,"key":"REST"}],"neow_cost":"NONE","seed_source_timestamp":0,"circlet_count":0,"master_deck":["Defend_G","Defend_G","Defend_G","Defend_G","Defend_G","Strike_G","Strike_G","Strike_G","Strike_G","Strike_G","Survivor","Neutralize","Flying Knee","Cloak And Dagger","Noxious Fumes","Acrobatics","Envenom","Backflip","Dagger Spray","Cloak And Dagger","PiercingWail","Calculated Gamble","Accuracy","Predator"],"special_seed":0,"relics":["Ring of the Snake","Oddly Smooth Stone","Ancient Tea Set","Matryoshka","Vajra","Lantern","Incense Burner"],"potions_floor_usage":[],"damage_taken":[{"damage":0.0,"enemies":"2 Louse","floor":1.0,"turns":3.0},{"damage":11.0,"enemies":"Jaw Worm","floor":3.0,"turns":5.0},{"damage":0.0,"enemies":"Cultist","floor":5.0,"turns":4.0},{"damage":26.0,"enemies":"Gremlin Nob","floor":6.0,"turns":5.0},{"damage":21.0,"enemies":"3 Sentries","floor":8.0,"turns":7.0},{"damage":2.0,"enemies":"Lots of Slimes","floor":10.0,"turns":5.0},{"damage":4.0,"enemies":"Gremlin Nob","floor":12.0,"turns":4.0},{"damage":3.0,"enemies":"Exordium Thugs","floor":13.0,"turns":5.0},{"damage":0.0,"enemies":"2 Fungi Beasts","floor":14.0,"turns":3.0},{"damage":35,"enemies":"The Guardian","floor":16,"turns":5}],"seed_played":"6262870079725118253","potions_obtained":[{"floor":5.0,"key":"SkillPotion"},{"floor":10.0,"key":"SpeedPotion"},{"floor":13.0,"key":"Ancient Potion"}],"is_trial":false,"path_per_floor":["M","?","M","$","M","E","R","E","T","M","$","E","M","M","R","B"],"character_chosen":"THE_SILENT","items_purchased":["Noxious Fumes","Cloak And Dagger","PiercingWail"],"campfire_rested":2,"item_purchase_floors":[4,11,11],"current_hp_per_floor":[70,59,48,48,48,22,43,22,22,20,20,16,13,13,34,0],"gold":235,"neow_bonus":"RANDOM_COMMON_RELIC","is_prod":false,"is_daily":false,"chose_seed":false,"campfire_upgraded":0,"win_rate":0,"timestamp":1554240237,"path_taken":["M","?","M","?","M","E","R","E","T","?","$","E","M","M","R","BOSS"],"build_version":"2019-01-23","purchased_purges":0,"victory":false,"max_hp_per_floor":[70,70,70,70,70,70,70,70,70,70,70,70,70,70,70,70],"card_choices":[{"not_picked":["Prepared","Sucker Punch"],"picked":"Flying Knee","floor":1.0},{"not_picked":["Footwork","Distraction"],"picked":"Cloak And Dagger","floor":3.0},{"not_picked":["Dagger Spray","Dodge and Roll"],"picked":"Acrobatics","floor":5.0},{"not_picked":["Dodge and Roll","Crippling Poison"],"picked":"Envenom","floor":6.0},{"not_picked":["Finisher","Endless Agony"],"picked":"Backflip","floor":8.0},{"not_picked":["Deflect","Slice"],"picked":"Dagger Spray","floor":10.0},{"not_picked":["Bane","Slice"],"picked":"Calculated Gamble","floor":12.0},{"not_picked":["Skewer","Masterful Stab"],"picked":"Accuracy","floor":13.0},{"not_picked":["Sucker Punch","Escape Plan"],"picked":"Predator","floor":14.0}],"player_experience":183284,"relics_obtained":[{"floor":6.0,"key":"Ancient Tea Set"},{"floor":8.0,"key":"Matryoshka"},{"floor":9.0,"key":"Vajra"},{"floor":9.0,"key":"Lantern"},{"floor":12.0,"key":"Incense Burner"}],"event_choices":[{"damage_healed":0.0,"max_hp_gain":0.0,"max_hp_loss":0.0,"gold_gain":75.0,"event_name":"World of Goop","player_choice":"Gather Gold","floor":2.0,"gold_loss":0.0,"damage_taken":11.0}],"is_beta":false,"boss_relics":[],"items_purged_floors":[],"is_endless":false,"potions_floor_spawned":[5,10,13],"killed_by":"The Guardian","ascension_level":1}