{"gold_per_floor":[119,79,94,108,118,118,152,165,165,175,73,73,73,85,85,160,210,224,240,251,251,251,251,265,265,265,284,284],"floor_reached":28,"playtime":1904,"items_purged":["Strike_B"],"score":395,"play_id":"0d285c61-4598-4c72-a68d-34e7d5d3d8fa","local_time":"20190625165501","is_ascension_mode":true,"campfire_choices":[{"data":"Defragment","floor":6.0,"key":"SMITH"},{"data":"Static Discharge","floor":13.0,"key":"SMITH"},{"data":"Melter","floor":15.0,"key":"SMITH"},{"floor":23,"key":"REST"},{"floor":25,"key":"REST"}],"neow_cost":"NONE","seed_source_timestamp":0,"circlet_count":0,"master_deck":["AscendersBane","Strike_B","Strike_B","Strike_B","Defend_B+1","Defend_B+1","Defend_B","Defend_B","Zap+1","Dualcast+1","Glacier","Static Discharge+1","Melter+1","Defragment+1","Echo Form","Coolheaded","Sunder","Compile Driver","Hologram+1","Rainbow+1","Steam+1","Undo+1","FTL","Ghostly+1","Ghostly+1","Ghostly+1","Ghostly+1","Ghostly+1","Genetic Algorithm+1"],"special_seed":0,"relics":["Cracked Core","War Paint","Toxic Egg 2","Tiny House","Question Card"],"potions_floor_usage":[16,24,24],"damage_taken":[{"damage":0.0,"enemies":"Cultist","floor":1.0,"turns":4.0},{"damage":7.0,"enemies":"2 Louse","floor":3.0,"turns":2.0},{"damage":0.0,"enemies":"Small Slimes","floor":4.0,"turns":3.0},{"damage":13.0,"enemies":"2 Fungi Beasts","floor":5.0,"turns":4.0},{"damage":9.0,"enemies":"3 Sentries","floor":7.0,"turns":9.0},{"damage":4.0,"enemies":"Looter","floor":8.0,"turns":3.0},{"damage":13.0,"enemies":"Large Slime","floor":10.0,"turns":4.0},{"damage":12.0,"enemies":"Gremlin Gang","floor":14.0,"turns":5.0},{"damage":14,"enemies":"Hexaghost","floor":16,"turns":9},{"damage":15,"enemies":"2 Thieves","floor":18,"turns":3},{"damage":19,"enemies":"Shell Parasite","floor":19,"turns":6},{"damage":21,"enemies":"3 Cultists","floor":20,"turns":6},{"damage":23,"enemies":"Chosen and Byrds","floor":24,"turns":7},{"damage":0,"enemies":"Sentry and Sphere","floor":27,"turns":5},{"damage":25,"enemies":"Colosseum Slavers","floor":28,"turns":1}],"seed_played":"2126411213241605887","potions_obtained":[{"floor":4.0,"key":"Weak Potion"},{"floor":10.0,"key":"PowerPotion"},{"floor":17,"key":"EssenceOfSteel"}],"is_trial":false,"path_per_floor":["M","$","M","M","M","R","E","M","T","M","$","?","R","M","R","B",null,"M","M","M","?","?","R","M","R","T","M","?"],"character_chosen":"DEFECT","items_purchased":["Static Discharge","Compile Driver"],"campfire_rested":2,"item_purchase_floors":[2,11],"current_hp_per_floor":[68,68,61,61,48,48,39,35,35,22,22,47,47,35,35,21,67,52,33,12,12,12,24,1,13,13,13,0],"gold":284,"neow_bonus":"UPGRADE_CARD","is_prod":false,"is_daily":false,"chose_seed":false,"campfire_upgraded":3,"win_rate":0,"timestamp":1561452901,"path_taken":["M","$","?","M","M","R","E","M","T","M","$","?","R","M","R","BOSS","M","M","M","?","?","R","M","R","T","M","?"],"build_version":"2019-01-23","purchased_purges":1,"victory":false,"max_hp_per_floor":[75,75,75,75,75,75,75,75,75,75,75,75,75,75,75,75,80,80,80,80,80,40,40,40,40,40,40,40],"card_choices":[{"not_picked":["Redo","Conserve Battery"],"picked":"Glacier","floor":1.0},{"not_picked":["Beam Cell","Go for the Eyes"],"picked":"Melter","floor":3.0},{"not_picked":["Rebound","Capacitor"],"picked":"Defragment","floor":4.0},{"not_picked":["Cold Snap","Hologram","Turbo"],"picked":"SKIP","floor":5.0},{"not_picked":["Double Energy","Barrage"],"picked":"Echo Form","floor":7.0},{"not_picked":["Sweeping Beam","Aggregate"],"picked":"Coolheaded","floor":8.0},{"not_picked":["Gash","Leap+1"],"picked":"Sunder","floor":10.0},{"not_picked":["Turbo+1","Sweeping Beam"],"picked":"Hologram+1","floor":14.0},{"not_picked":["Multi-Cast+1","Fission+1"],"picked":"Rainbow+1","floor":16},{"not_picked":["Streamline","Compile Driver"],"picked":"Steam+1","floor":17},{"not_picked":["Auto Shields+1","Barrage"],"picked":"Undo+1","floor":18},{"not_picked":["Beam Cell","Gash"],"picked":"FTL","floor":19},{"not_picked":["Compile Driver","Hologram+1","FTL"],"picked":"SKIP","floor":20},{"not_picked":["Stack+1","Rebound+1"],"picked":"Genetic Algorithm+1","floor":24},{"not_picked":["Conserve Battery+1","Streamline","Ball Lightning","Go for the Eyes"],"picked":"SKIP","floor":27}],"player_experience":793986,"relics_obtained":[{"floor":7.0,"key":"War Paint"},{"floor":9.0,"key":"Toxic Egg 2"},{"floor":26,"key":"Question Card"}],"event_choices":[{"damage_healed":25.0,"max_hp_gain":0.0,"max_hp_loss":0.0,"gold_gain":0.0,"event_name":"Big Fish","player_choice":"Banana","floor":12.0,"gold_loss":0.0,"damage_taken":0.0},{"damage_healed":0,"gold_gain":0,"player_choice":"Ignored","damage_taken":0,"max_hp_gain":0,"max_hp_loss":0,"event_name":"Cursed Tome","floor":21,"gold_loss":0},{"damage_healed":0,"gold_gain":0,"player_choice":"Became a Ghost","damage_taken":0,"max_hp_gain":0,"max_hp_loss":40,"event_name":"Ghosts","floor":22,"gold_loss":0,"cards_obtained":["Ghostly","Ghostly","Ghostly","Ghostly","Ghostly"]},{"damage_healed":0,"gold_gain":0,"player_choice":"Fight","damage_taken":0,"max_hp_gain":0,"max_hp_loss":0,"event_name":"Colosseum","floor":28,"gold_loss":0}],"is_beta":false,"boss_relics":[{"not_picked":["Black Star","Empty Cage"],"picked":"Tiny House"}],"items_purged_floors":[11],"is_endless":false,"potions_floor_spawned":[4,10,14,19,20],"killed_by":"Colosseum Slavers","ascension_level":13}