{"gold_per_floor":[114,114,124,46,11,11,41,59,59,59,135,168,188,222,222,293,293,305,317,17,36,52,52,72,88,88,119,119,119,138,170,170,242,242,257,357,403,403,403,428,462,495,495,522,534,534,180,200,200,200,200,200,26,57,57],"floor_reached":56,"playtime":6910,"items_purged":["Strike_B","Strike_B"],"score":2559,"play_id":"eaf24a50-6f6b-4bac-aa01-d6d518b95ba5","local_time":"20190604012934","is_ascension_mode":true,"campfire_choices":[{"data":"Buffer","floor":6.0,"key":"SMITH"},{"data":"Tempest","floor":10.0,"key":"SMITH"},{"data":"Chill","floor":15.0,"key":"SMITH"},{"data":"Recycle","floor":23.0,"key":"SMITH"},{"data":"Genetic Algorithm","floor":29.0,"key":"SMITH"},{"data":"Coolheaded","floor":32.0,"key":"SMITH"},{"data":"Consume","floor":46.0,"key":"SMITH"},{"floor":49.0,"key":"RECALL"},{"data":"Chill","floor":52,"key":"SMITH"}],"neow_cost":"PERCENT_DAMAGE","seed_source_timestamp":0,"circlet_count":0,"master_deck":["AscendersBane","Strike_B","Defend_B","Defend_B","Defend_B","Zap","Dualcast","Buffer+1","Chill+1","Ball Lightning","FTL","Tempest+1","Chill","Genetic Algorithm","Go for the Eyes","Chill+1","Seek","Recycle+1","Secret Technique","Coolheaded+1","Genetic Algorithm+1","Redo+1","Doom and Gloom+1","Gash+1","Gash+1","Ball Lightning+1","Echo Form","Coolheaded+1","Consume+1","Hologram","Loop+1","Defragment+1","Dark Shackles","Seek"],"special_seed":0,"relics":["Cracked Core","Dead Branch","Nunchaku","Matryoshka","Incense Burner","Smiling Mask","Philosopher\u0027s Stone","Ancient Tea Set","Molten Egg 2","Prayer Wheel","Letter Opener","PreservedInsect","Ornamental Fan","Busted Crown","WingedGreaves","FossilizedHelix","Frozen Egg 2","Singing Bowl","Blue Candle","Cables","Toolbox","Art of War"],"potions_floor_usage":[55,55],"damage_taken":[{"damage":1.0,"enemies":"Cultist","floor":1.0,"turns":3.0},{"damage":2.0,"enemies":"2 Louse","floor":3.0,"turns":3.0},{"damage":18.0,"enemies":"Gremlin Nob","floor":7.0,"turns":5.0},{"damage":0.0,"enemies":"Jaw Worm","floor":8.0,"turns":4.0},{"damage":5.0,"enemies":"3 Sentries","floor":12.0,"turns":6.0},{"damage":0.0,"enemies":"Gremlin Gang","floor":13.0,"turns":2.0},{"damage":0.0,"enemies":"Lagavulin","floor":14.0,"turns":8.0},{"damage":6.0,"enemies":"Slime Boss","floor":16.0,"turns":8.0},{"damage":0.0,"enemies":"Shell Parasite","floor":18.0,"turns":3.0},{"damage":0.0,"enemies":"Spheric Guardian","floor":19.0,"turns":4.0},{"damage":0.0,"enemies":"Centurion and Healer","floor":21.0,"turns":12.0},{"damage":0.0,"enemies":"Cultist and Chosen","floor":22.0,"turns":7.0},{"damage":3.0,"enemies":"Shelled Parasite and Fungi","floor":24.0,"turns":7.0},{"damage":8.0,"enemies":"Snake Plant","floor":25.0,"turns":4.0},{"damage":0.0,"enemies":"Slavers","floor":27.0,"turns":6.0},{"damage":0.0,"enemies":"Centurion and Healer","floor":30.0,"turns":3.0},{"damage":0.0,"enemies":"Gremlin Leader","floor":31.0,"turns":5.0},{"damage":0.0,"enemies":"Automaton","floor":33.0,"turns":5.0},{"damage":1.0,"enemies":"Orb Walker","floor":35.0,"turns":3.0},{"damage":0.0,"enemies":"Mind Bloom Boss Battle","floor":36.0,"turns":5.0},{"damage":0.0,"enemies":"2 Orb Walkers","floor":37.0,"turns":4.0},{"damage":0.0,"enemies":"Giant Head","floor":40.0,"turns":6.0},{"damage":8.0,"enemies":"Nemesis","floor":41.0,"turns":9.0},{"damage":0.0,"enemies":"Reptomancer","floor":42.0,"turns":4.0},{"damage":0.0,"enemies":"Giant Head","floor":44.0,"turns":6.0},{"damage":0.0,"enemies":"3 Darklings","floor":45.0,"turns":3.0},{"damage":0.0,"enemies":"Maw","floor":48.0,"turns":7.0},{"damage":3,"enemies":"Time Eater","floor":50,"turns":10},{"damage":0,"enemies":"Shield and Spear","floor":54,"turns":5},{"damage":59,"enemies":"The Heart","floor":55,"turns":10}],"seed_played":"-8413095040900581625","potions_obtained":[{"floor":1.0,"key":"SpeedPotion"},{"floor":12.0,"key":"SpeedPotion"},{"floor":27.0,"key":"PowerPotion"},{"floor":30.0,"key":"Ancient Potion"},{"floor":35.0,"key":"Energy Potion"},{"floor":36.0,"key":"Swift Potion"}],"is_trial":false,"path_per_floor":["M","?","M","$","?","R","E","M","T","R","T","E","M","E","R","B",null,"M","M","$","M","M","R","M","M","T","E","T","R","M","E","R","B",null,"M","?","?","?","?","E","E","E","T","E","M","R","$","M","R","B",null,"R","$","E","B",null],"character_chosen":"DEFECT","items_purchased":["FTL","Secret Technique","SkillPotion","Toolbox","Hologram","PowerPotion","Defragment+1","Dark Shackles"],"campfire_rested":0,"item_purchase_floors":[4,20,20,47,47,47,53,53],"current_hp_per_floor":[45,45,43,43,60,60,42,42,42,42,42,37,37,37,37,31,61,61,61,61,61,61,61,58,50,50,50,50,50,50,50,50,50,66,65,65,65,65,65,65,59,61,61,63,67,67,67,69,69,66,79,79,79,79,20],"gold":57,"neow_bonus":"THREE_RARE_CARDS","is_prod":false,"is_daily":false,"chose_seed":false,"campfire_upgraded":8,"win_rate":0,"timestamp":1559636974,"path_taken":["M","?","M","?","?","R","E","M","T","R","?","E","M","E","R","BOSS","M","?","$","M","M","R","M","M","T","E","?","R","?","E","R","BOSS","M","?","?","?","?","E","E","E","T","E","M","R","$","M","R","BOSS","R","$","E","BOSS"],"build_version":"2019-01-23","purchased_purges":2,"victory":true,"max_hp_per_floor":[71,71,71,71,71,71,71,71,71,71,71,71,71,71,71,71,71,71,71,71,71,71,71,71,71,71,71,71,71,71,71,71,71,71,71,71,71,71,71,71,73,75,75,77,81,81,81,83,83,83,83,83,83,83,83],"card_choices":[{"not_picked":["All For One","Seek"],"picked":"Buffer","floor":0.0},{"not_picked":["Go for the Eyes","Coolheaded"],"picked":"Chill","floor":1.0},{"not_picked":["Streamline","Turbo"],"picked":"Ball Lightning","floor":3.0},{"not_picked":["Turbo","Skim"],"picked":"Tempest","floor":7.0},{"not_picked":["Rip and Tear","Beam Cell"],"picked":"Chill","floor":8.0},{"not_picked":["Sweeping Beam","Undo"],"picked":"Genetic Algorithm","floor":12.0},{"not_picked":["Compile Driver","Redo"],"picked":"Go for the Eyes","floor":13.0},{"not_picked":["Go for the Eyes","Multi-Cast"],"picked":"Chill","floor":14.0},{"not_picked":["Electrodynamics","Multi-Cast"],"picked":"Seek","floor":16.0},{"not_picked":["Sweeping Beam","Undo"],"picked":"Recycle","floor":18.0},{"not_picked":["Stack","Turbo","Compile Driver"],"picked":"SKIP","floor":19.0},{"not_picked":["Reprogram","Beam Cell"],"picked":"Coolheaded","floor":21.0},{"not_picked":["Thunder Strike","Beam Cell"],"picked":"Genetic Algorithm","floor":22.0},{"not_picked":["Steam","Gash"],"picked":"Redo+1","floor":24.0},{"not_picked":["Aggregate","Amplify","Barrage"],"picked":"SKIP","floor":25.0},{"not_picked":["Barrage+1","Auto Shields"],"picked":"Doom and Gloom+1","floor":27.0},{"not_picked":["Steam Power","Storm"],"picked":"Gash+1","floor":30.0},{"not_picked":["Undo","Darkness"],"picked":"Gash+1","floor":30.0},{"not_picked":["Rebound+1","Hello World"],"picked":"Ball Lightning+1","floor":31.0},{"not_picked":["Creative AI","Multi-Cast"],"picked":"Echo Form","floor":33.0},{"not_picked":[],"picked":"Coolheaded+1","floor":35.0},{"not_picked":["Redo"],"picked":"SKIP","floor":35.0},{"not_picked":[],"picked":"Consume","floor":37.0},{"not_picked":["Rebound+1"],"picked":"SKIP","floor":40.0},{"not_picked":["Fusion+1"],"picked":"Singing Bowl","floor":41.0},{"not_picked":["Hologram+1"],"picked":"Singing Bowl","floor":42.0},{"not_picked":["Streamline+1"],"picked":"Singing Bowl","floor":44.0},{"not_picked":["Auto Shields"],"picked":"Singing Bowl","floor":45.0},{"not_picked":["Gash+1"],"picked":"Singing Bowl","floor":45.0},{"not_picked":["Aggregate"],"picked":"Singing Bowl","floor":48.0},{"not_picked":[],"picked":"Loop+1","floor":48.0},{"not_picked":[],"picked":"Seek","floor":54}],"player_experience":525436,"relics_obtained":[{"floor":7.0,"key":"Dead Branch"},{"floor":9.0,"key":"Nunchaku"},{"floor":11.0,"key":"Matryoshka"},{"floor":12.0,"key":"Incense Burner"},{"floor":14.0,"key":"Smiling Mask"},{"floor":26.0,"key":"Ancient Tea Set"},{"floor":26.0,"key":"Molten Egg 2"},{"floor":27.0,"key":"Prayer Wheel"},{"floor":28.0,"key":"Letter Opener"},{"floor":28.0,"key":"PreservedInsect"},{"floor":31.0,"key":"Ornamental Fan"},{"floor":36.0,"key":"WingedGreaves"},{"floor":37.0,"key":"FossilizedHelix"},{"floor":40.0,"key":"Frozen Egg 2"},{"floor":41.0,"key":"Singing Bowl"},{"floor":42.0,"key":"Blue Candle"},{"floor":44.0,"key":"Cables"},{"floor":54,"key":"Art of War"}],"event_choices":[{"cards_removed":["Strike_B"],"damage_healed":0.0,"max_hp_gain":0.0,"max_hp_loss":0.0,"gold_gain":0.0,"event_name":"Purifier","player_choice":"Purged","floor":2.0,"gold_loss":0.0,"damage_taken":0.0},{"damage_healed":17.0,"max_hp_gain":0.0,"max_hp_loss":0.0,"gold_gain":0.0,"event_name":"The Cleric","player_choice":"Healed","floor":5.0,"gold_loss":35.0,"damage_taken":0.0},{"damage_healed":0.0,"max_hp_gain":0.0,"max_hp_loss":0.0,"gold_gain":0.0,"event_name":"MindBloom","player_choice":"Fight","floor":36.0,"gold_loss":0.0,"damage_taken":0.0},{"damage_healed":0.0,"max_hp_gain":0.0,"max_hp_loss":0.0,"gold_gain":0.0,"event_name":"Mysterious Sphere","player_choice":"Fight","floor":37.0,"gold_loss":0.0,"damage_taken":0.0},{"cards_removed":["Defend_B"],"damage_healed":0.0,"max_hp_gain":0.0,"max_hp_loss":0.0,"gold_gain":0.0,"event_name":"Falling","player_choice":"Removed Skill","floor":38.0,"gold_loss":0.0,"damage_taken":0.0},{"damage_healed":0.0,"max_hp_gain":0.0,"max_hp_loss":0.0,"gold_gain":0.0,"event_name":"Tomb of Lord Red Mask","player_choice":"Ignored","floor":39.0,"gold_loss":0.0,"damage_taken":0.0}],"is_beta":false,"boss_relics":[{"not_picked":["Tiny House","Fusion Hammer"],"picked":"Philosopher\u0027s Stone"},{"not_picked":["White Beast Statue","Velvet Choker"],"picked":"Busted Crown"}],"items_purged_floors":[20,47],"is_endless":false,"potions_floor_spawned":[1,12,22,24,27,30,35,36,41,44],"ascension_level":17}