{"gold_per_floor":[118,138,138,138,138,172,187,187,211,230,20,20,45,73,73,177,177,177,177,177,137,137,137,137,137,137,137,137,137,137,137,137,137],"floor_reached":33,"playtime":827,"items_purged":[],"score":462,"play_id":"35a4b8b1-dfd4-4398-bd91-9e7eeeb6ebef","local_time":"20190617131656","is_ascension_mode":true,"campfire_choices":[{"data":"Armaments","floor":8,"key":"SMITH"},{"data":"True Grit","floor":12,"key":"SMITH"},{"data":"Perfected Strike","floor":15,"key":"SMITH"},{"data":"Offering","floor":23,"key":"SMITH"},{"floor":28,"key":"REST"},{"data":"Perfected Strike","floor":32,"key":"SMITH"}],"neow_cost":"NONE","seed_source_timestamp":2874592142840,"circlet_count":0,"master_deck":["AscendersBane","Strike_R","Strike_R+1","Strike_R+1","Strike_R+1","Strike_R","Defend_R","Defend_R+1","Defend_R","Defend_R","Bash","Armaments+1","Perfected Strike+1","True Grit+1","Perfected Strike+1","Twin Strike","Offering+1","Pommel Strike","Flame Barrier+1","Battle Trance","Metallicize","Seeing Red","Perfected Strike+1"],"relics":["Burning Blood","NeowsBlessing","PreservedInsect","Question Card","Whetstone","Juzu Bracelet","Odd Mushroom","Paper Frog","Ectoplasm","Enchiridion","Self Forming Clay","Orichalcum"],"potions_floor_usage":[13,16,16,31,33],"damage_taken":[{"damage":0,"enemies":"Jaw Worm","floor":1,"turns":1},{"damage":0,"enemies":"2 Louse","floor":2,"turns":1},{"damage":0,"enemies":"3 Sentries","floor":6,"turns":2},{"damage":7,"enemies":"Small Slimes","floor":7,"turns":5},{"damage":3,"enemies":"Blue Slaver","floor":10,"turns":5},{"damage":27,"enemies":"The Mushroom Lair","floor":13,"turns":3},{"damage":16,"enemies":"Gremlin Nob","floor":14,"turns":3},{"damage":34,"enemies":"Hexaghost","floor":16,"turns":9},{"damage":27,"enemies":"3 Byrds","floor":18,"turns":6},{"damage":6,"enemies":"Spheric Guardian","floor":20,"turns":1},{"damage":1,"enemies":"Snecko","floor":22,"turns":4},{"damage":11,"enemies":"3 Cultists","floor":29,"turns":4},{"damage":6,"enemies":"Snake Plant","floor":30,"turns":3},{"damage":24,"enemies":"Slavers","floor":31,"turns":4},{"damage":54,"enemies":"Champ","floor":33,"turns":6}],"seed_played":"-2790307794470164539","potions_obtained":[{"floor":2,"key":"SteroidPotion"},{"floor":10,"key":"BloodPotion"},{"floor":14,"key":"Explosive Potion"},{"floor":20,"key":"AttackPotion"},{"floor":31,"key":"AttackPotion"}],"is_trial":false,"path_per_floor":["M","M","?","?","?","E","M","R","T","M","$","R","?","E","R","B",null,"M","?","M","?","M","R","?","?","T","?","R","M","M","E","R","B"],"character_chosen":"IRONCLAD","items_purchased":["Juzu Bracelet","True Grit"],"campfire_rested":1,"item_purchase_floors":[11,11],"current_hp_per_floor":[78,80,77,77,61,67,66,66,66,69,69,69,48,38,38,18,65,44,70,70,70,75,75,60,44,44,44,69,64,64,46,46,0],"gold":137,"neow_bonus":"THREE_ENEMY_KILL","is_prod":false,"is_daily":false,"chose_seed":false,"campfire_upgraded":5,"win_rate":0,"timestamp":1560748616,"path_taken":["M","M","?","?","?","E","M","R","T","M","?","R","?","E","R","BOSS","M","?","M","?","M","R","?","?","T","?","R","M","M","E","R","BOSS"],"build_version":"2019-01-23","purchased_purges":0,"victory":false,"max_hp_per_floor":[80,80,80,80,80,80,80,80,80,80,80,80,80,80,80,80,80,80,80,80,80,80,80,85,85,85,85,85,85,85,85,85,85],"card_choices":[{"not_picked":["Body Slam","Power Through"],"picked":"Armaments","floor":1},{"not_picked":["Body Slam","Disarm"],"picked":"Perfected Strike","floor":2},{"not_picked":["Rampage","Clash","Armaments"],"picked":"SKIP","floor":6},{"not_picked":["Body Slam","Sword Boomerang","Combust","Wild Strike"],"picked":"SKIP","floor":7},{"not_picked":["Armaments","Heavy Blade","Barricade","Disarm"],"picked":"SKIP","floor":10},{"not_picked":["Heavy Blade","Blood for Blood","Twin Strike"],"picked":"Perfected Strike","floor":13},{"not_picked":["Feel No Pain","Anger","Pommel Strike"],"picked":"Twin Strike","floor":14},{"not_picked":["Feed","Barricade","Reaper"],"picked":"Offering","floor":16},{"not_picked":["Headbutt","Burning Pact","Warcry"],"picked":"Pommel Strike","floor":18},{"not_picked":["Flex","Rampage","Armaments"],"picked":"Flame Barrier+1","floor":20},{"not_picked":["Entrench","Havoc+1","Headbutt"],"picked":"Battle Trance","floor":22},{"not_picked":["Havoc+1","Combust+1","Twin Strike"],"picked":"Metallicize","floor":29},{"not_picked":["Iron Wave+1","Thunderclap","Rupture"],"picked":"Seeing Red","floor":30},{"not_picked":["Sever Soul+1","Combust","Searing Blow+1"],"picked":"Perfected Strike","floor":31}],"player_experience":525377,"relics_obtained":[{"floor":6,"key":"Question Card"},{"floor":9,"key":"Whetstone"},{"floor":13,"key":"Odd Mushroom"},{"floor":14,"key":"Paper Frog"},{"floor":25,"key":"Enchiridion"},{"floor":26,"key":"Self Forming Clay"},{"floor":31,"key":"Orichalcum"}],"event_choices":[{"damage_healed":0,"gold_gain":0,"player_choice":"Success","damage_taken":3,"relics_obtained":["PreservedInsect"],"max_hp_gain":0,"max_hp_loss":0,"event_name":"Scrap Ooze","floor":3,"gold_loss":0},{"damage_healed":0,"gold_gain":0,"player_choice":"Ignored","damage_taken":0,"max_hp_gain":0,"max_hp_loss":0,"event_name":"Liars Game","floor":4,"gold_loss":0},{"damage_healed":0,"gold_gain":0,"player_choice":"Entered Light","damage_taken":16,"max_hp_gain":0,"max_hp_loss":0,"event_name":"Shining Light","floor":5,"gold_loss":0,"cards_upgraded":["Strike_R","Defend_R"]},{"damage_healed":0,"gold_gain":0,"player_choice":"Fought Mushrooms","damage_taken":0,"max_hp_gain":0,"max_hp_loss":0,"event_name":"Mushrooms","floor":13,"gold_loss":0},{"damage_healed":26,"gold_gain":0,"player_choice":"Heal","damage_taken":0,"max_hp_gain":0,"max_hp_loss":0,"event_name":"The Library","floor":19,"gold_loss":0},{"damage_healed":0,"gold_gain":0,"player_choice":"Upgrade","damage_taken":0,"max_hp_gain":0,"max_hp_loss":0,"event_name":"Designer","floor":21,"gold_loss":40,"cards_upgraded":["Perfected Strike"]},{"damage_healed":0,"gold_gain":0,"player_choice":"Shed Blood","damage_taken":20,"max_hp_gain":5,"max_hp_loss":0,"event_name":"Forgotten Altar","floor":24,"gold_loss":0},{"damage_healed":0,"gold_gain":0,"player_choice":"Obtained Book","damage_taken":16,"max_hp_gain":0,"max_hp_loss":0,"event_name":"Cursed Tome","floor":25,"gold_loss":0},{"damage_healed":0,"gold_gain":0,"player_choice":"Ignored","damage_taken":0,"max_hp_gain":0,"max_hp_loss":0,"event_name":"Ghosts","floor":27,"gold_loss":0}],"is_beta":false,"boss_relics":[{"not_picked":["White Beast Statue","Snecko Eye"],"picked":"Ectoplasm"}],"items_purged_floors":[],"is_endless":false,"potions_floor_spawned":[2,10,14,20,31],"killed_by":"Champ","ascension_level":11}