{"gold_per_floor":[111,129,140,215,229,257,257,268,268,268,268,2,12,46,46,141,141,151,163,163,183,195,195],"floor_reached":23,"playtime":1248,"items_purged":[],"score":277,"play_id":"d3ff89b5-583d-4506-95e2-63445505aa49","local_time":"20190527000801","is_ascension_mode":true,"campfire_choices":[{"floor":7.0,"key":"REST"},{"data":"Uppercut","floor":10.0,"key":"SMITH"},{"floor":15.0,"key":"REST"}],"neow_cost":"NONE","seed_source_timestamp":28584279452065,"circlet_count":0,"master_deck":["Strike_R","Strike_R","Strike_R","Strike_R","Strike_R","Defend_R","Defend_R","Defend_R","Defend_R","Uppercut+1","Perfected Strike","Thunderclap","Burning Pact","Wild Strike","Whirlwind","Pommel Strike","Twin Strike","Immolate","Wild Strike+1","Shockwave+1","Perfected Strike","Inflame"],"special_seed":0,"relics":["White Beast Statue","Blue Candle","Anchor","Matryoshka","Cursed Key","Nloth\u0027s Gift"],"potions_floor_usage":[],"damage_taken":[{"damage":1.0,"enemies":"Cultist","floor":1.0,"turns":3.0},{"damage":4.0,"enemies":"Jaw Worm","floor":2.0,"turns":5.0},{"damage":2.0,"enemies":"2 Louse","floor":3.0,"turns":2.0},{"damage":0.0,"enemies":"Large Slime","floor":5.0,"turns":6.0},{"damage":47.0,"enemies":"3 Sentries","floor":6.0,"turns":8.0},{"damage":11.0,"enemies":"Exordium Thugs","floor":8.0,"turns":3.0},{"damage":0.0,"enemies":"3 Louse","floor":13.0,"turns":2.0},{"damage":25.0,"enemies":"Lagavulin","floor":14.0,"turns":5.0},{"damage":33.0,"enemies":"Slime Boss","floor":16.0,"turns":7.0},{"damage":13.0,"enemies":"2 Thieves","floor":18.0,"turns":3.0},{"damage":18.0,"enemies":"3 Byrds","floor":19.0,"turns":4.0},{"damage":18.0,"enemies":"Centurion and Healer","floor":21.0,"turns":5.0},{"damage":3.0,"enemies":"Snake Plant","floor":22.0,"turns":3.0},{"damage":21,"enemies":"Book of Stabbing","floor":23,"turns":2}],"seed_played":"7378384629696435995","potions_obtained":[{"floor":1.0,"key":"Regen Potion"},{"floor":2.0,"key":"Weak Potion"},{"floor":3.0,"key":"Weak Potion"},{"floor":5.0,"key":"LiquidBronze"},{"floor":6.0,"key":"SteroidPotion"},{"floor":8.0,"key":"GamblersBrew"},{"floor":13.0,"key":"AttackPotion"},{"floor":14.0,"key":"Weak Potion"},{"floor":16.0,"key":"BloodPotion"},{"floor":18.0,"key":"SpeedPotion"},{"floor":19.0,"key":"Explosive Potion"},{"floor":21.0,"key":"FearPotion"},{"floor":22.0,"key":"Ancient Potion"}],"is_trial":false,"path_per_floor":["M","M","M","?","M","E","R","M","T","R","?","$","M","E","R","B",null,"M","M","?","M","M","E"],"character_chosen":"IRONCLAD","items_purchased":["Pommel Strike","Matryoshka"],"campfire_rested":2,"item_purchase_floors":[12,12],"current_hp_per_floor":[71,67,65,54,54,22,46,35,35,35,35,35,35,10,34,1,60,55,37,37,19,16,0],"gold":195,"neow_bonus":"BOSS_RELIC","is_prod":false,"is_daily":false,"chose_seed":false,"campfire_upgraded":1,"win_rate":0,"timestamp":1558930081,"path_taken":["M","M","M","?","M","E","R","M","T","R","?","$","M","E","R","BOSS","M","M","?","?","M","E"],"build_version":"2019-01-23","purchased_purges":0,"victory":false,"max_hp_per_floor":[80,80,80,80,80,80,80,80,80,80,80,80,80,80,80,80,80,80,80,80,80,80,80],"card_choices":[{"not_picked":["Rupture","Heavy Blade"],"picked":"Uppercut","floor":1.0},{"not_picked":["Headbutt","Clothesline"],"picked":"Perfected Strike","floor":2.0},{"not_picked":["Havoc","Warcry"],"picked":"Thunderclap","floor":3.0},{"not_picked":["Heavy Blade","Body Slam"],"picked":"Burning Pact","floor":5.0},{"not_picked":["Entrench","Anger"],"picked":"Wild Strike","floor":6.0},{"not_picked":["Pummel","Battle Trance"],"picked":"Whirlwind","floor":8.0},{"not_picked":["True Grit","Iron Wave"],"picked":"Twin Strike","floor":13.0},{"not_picked":["Heavy Blade","Evolve","Brutality"],"picked":"SKIP","floor":14.0},{"not_picked":["Brutality","Reaper"],"picked":"Immolate","floor":16.0},{"not_picked":["Intimidate","Pommel Strike"],"picked":"Wild Strike+1","floor":18.0},{"not_picked":["Headbutt","Carnage"],"picked":"Shockwave+1","floor":19.0},{"not_picked":["Armaments+1","Seeing Red"],"picked":"Perfected Strike","floor":21.0},{"not_picked":["Body Slam","Clothesline"],"picked":"Inflame","floor":22.0}],"player_experience":286119,"relics_obtained":[{"floor":6.0,"key":"Blue Candle"},{"floor":9.0,"key":"Anchor"},{"floor":14.0,"key":"Juzu Bracelet"}],"event_choices":[{"damage_healed":0.0,"max_hp_gain":0.0,"max_hp_loss":0.0,"gold_gain":75.0,"event_name":"World of Goop","player_choice":"Gather Gold","floor":4.0,"gold_loss":0.0,"damage_taken":11.0},{"cards_removed":["Bash"],"damage_healed":0.0,"max_hp_gain":0.0,"max_hp_loss":0.0,"gold_gain":0.0,"event_name":"Wheel of Change","player_choice":"Card Removal","floor":11.0,"gold_loss":0.0,"damage_taken":0.0},{"damage_healed":0.0,"max_hp_gain":0.0,"max_hp_loss":0.0,"gold_gain":0.0,"event_name":"N\u0027loth","player_choice":"Traded Relic","floor":20.0,"relics_lost":["Juzu Bracelet"],"gold_loss":0.0,"damage_taken":0.0,"relics_obtained":["Nloth\u0027s Gift"]}],"is_beta":false,"boss_relics":[{"not_picked":["Runic Dome","Astrolabe"],"picked":"Cursed Key"}],"items_purged_floors":[],"is_endless":false,"potions_floor_spawned":[1,2,3,5,6,8,13,14,16,18,19,21,22],"killed_by":"Book of Stabbing","ascension_level":7}