{"gold_per_floor":[114,114,130,140,140,140,157,157,157,157,157,157,187,199,199,295,295,305,2,17,36,50,50,50,50,76,76,108,123,135,150,150,150],"floor_reached":33,"playtime":1363,"items_purged":[],"score":417,"play_id":"706adbff-ec6b-426a-a127-44837619e179","local_time":"20190619025047","is_ascension_mode":true,"campfire_choices":[{"data":"Cloak And Dagger","floor":6,"key":"SMITH"},{"data":"Neutralize","floor":8,"key":"SMITH"},{"data":"Leg Sweep","floor":10,"key":"SMITH"},{"data":"Survivor","floor":15,"key":"SMITH"},{"data":"Malaise","floor":23,"key":"SMITH"},{"floor":25,"key":"REST"},{"floor":27,"key":"REST"},{"data":"Cloak And Dagger","floor":32,"key":"SMITH"}],"neow_cost":"NONE","seed_source_timestamp":59576423715175,"circlet_count":0,"master_deck":["AscendersBane","Defend_G","Defend_G","Defend_G","Defend_G","Defend_G","Strike_G","Strike_G","Strike_G","Strike_G","Strike_G","Survivor+1","Neutralize+1","Sucker Punch+1","Leg Sweep+1","Cloak And Dagger+1","Die Die Die+1","Malaise+1","Dagger Spray","Unload","Escape Plan","Cloak And Dagger+1","Blade Dance+1"],"relics":["Ring of the Snake","Vajra","Snake Skull","Gremlin Horn","Philosopher\u0027s Stone","Thread and Needle","Bronze Scales","WingedGreaves"],"potions_floor_usage":[13,13,16,21,31,33],"damage_taken":[{"damage":2,"enemies":"Cultist","floor":1,"turns":5},{"damage":0,"enemies":"2 Louse","floor":3,"turns":3},{"damage":5,"enemies":"Small Slimes","floor":4,"turns":4},{"damage":0,"enemies":"Blue Slaver","floor":7,"turns":4},{"damage":13,"enemies":"Gremlin Nob","floor":13,"turns":5},{"damage":0,"enemies":"Lots of Slimes","floor":14,"turns":2},{"damage":16,"enemies":"The Guardian","floor":16,"turns":16},{"damage":18,"enemies":"3 Byrds","floor":18,"turns":7},{"damage":3,"enemies":"Shell Parasite","floor":20,"turns":6},{"damage":5,"enemies":"Snake Plant","floor":21,"turns":7},{"damage":0,"enemies":"Shelled Parasite and Fungi","floor":22,"turns":6},{"damage":22,"enemies":"Gremlin Leader","floor":28,"turns":7},{"damage":0,"enemies":"Centurion and Healer","floor":29,"turns":8},{"damage":0,"enemies":"3 Cultists","floor":30,"turns":4},{"damage":0,"enemies":"Chosen and Byrds","floor":31,"turns":4},{"damage":23,"enemies":"Collector","floor":33,"turns":9}],"seed_played":"2192764489973178850","potions_obtained":[{"floor":3,"key":"Ancient Potion"},{"floor":4,"key":"Block Potion"},{"floor":13,"key":"FearPotion"},{"floor":16,"key":"SpeedPotion"},{"floor":20,"key":"SkillPotion"},{"floor":30,"key":"Fire Potion"},{"floor":31,"key":"GamblersBrew"}],"is_trial":false,"path_per_floor":["M","?","M","M","?","R","M","R","T","R","?","?","E","M","R","B",null,"M","$","M","M","M","R","$","R","T","R","E","M","M","M","R","B"],"character_chosen":"THE_SILENT","items_purchased":["Thread and Needle"],"campfire_rested":2,"item_purchase_floors":[19],"current_hp_per_floor":[61,61,61,56,56,56,56,56,56,56,56,56,43,43,43,27,59,41,41,38,33,33,33,33,54,54,70,48,48,48,48,48,25],"gold":150,"neow_bonus":"RANDOM_COMMON_RELIC","is_prod":false,"is_daily":false,"chose_seed":false,"campfire_upgraded":6,"win_rate":0,"timestamp":1560883847,"path_taken":["M","?","M","M","?","R","?","R","T","R","?","?","E","M","R","BOSS","M","$","M","M","M","R","$","R","T","R","E","M","?","?","R","BOSS"],"build_version":"2019-01-23","purchased_purges":0,"victory":false,"max_hp_per_floor":[70,70,70,70,70,70,70,70,70,70,70,70,70,70,70,70,70,70,70,70,70,70,70,70,70,70,70,70,70,70,70,70,70],"card_choices":[{"not_picked":["Acrobatics","Prepared"],"picked":"Sucker Punch","floor":1},{"not_picked":["Underhanded Strike","Blur"],"picked":"Leg Sweep","floor":3},{"not_picked":["Quick Slash","Outmaneuver"],"picked":"Cloak And Dagger","floor":4},{"not_picked":["Bane","Backflip"],"picked":"Die Die Die","floor":7},{"not_picked":["Bane","Tactician","PiercingWail"],"picked":"SKIP","floor":13},{"not_picked":["PiercingWail","Grand Finale","Outmaneuver"],"picked":"SKIP","floor":14},{"not_picked":["After Image","Tools of the Trade"],"picked":"Malaise","floor":16},{"not_picked":["PiercingWail","Outmaneuver"],"picked":"Dagger Spray","floor":18},{"not_picked":["PiercingWail+1","Concentrate"],"picked":"Unload","floor":20},{"not_picked":["Masterful Stab","Acrobatics+1"],"picked":"Escape Plan","floor":21},{"not_picked":["Quick Slash","Tactician","Sucker Punch"],"picked":"SKIP","floor":22},{"not_picked":["Leg Sweep","Choke"],"picked":"Cloak And Dagger","floor":28},{"not_picked":["Dodge and Roll+1","Outmaneuver"],"picked":"Blade Dance+1","floor":29},{"not_picked":["Cloak And Dagger","Blade Dance","Dagger Throw"],"picked":"SKIP","floor":30},{"not_picked":["Dodge and Roll","Acrobatics","Caltrops"],"picked":"SKIP","floor":31}],"player_experience":541968,"relics_obtained":[{"floor":9,"key":"Snake Skull"},{"floor":13,"key":"Gremlin Horn"},{"floor":26,"key":"Bronze Scales"},{"floor":28,"key":"WingedGreaves"}],"event_choices":[{"damage_healed":0,"gold_gain":0,"player_choice":"Ignored","damage_taken":0,"max_hp_gain":0,"max_hp_loss":0,"event_name":"Golden Wing","floor":2,"gold_loss":0},{"damage_healed":0,"gold_gain":0,"player_choice":"0 cards matched","damage_taken":0,"max_hp_gain":0,"max_hp_loss":0,"event_name":"Match and Keep!","floor":5,"gold_loss":0,"cards_obtained":[]},{"damage_healed":0,"gold_gain":0,"player_choice":"Grow","damage_taken":0,"max_hp_gain":0,"max_hp_loss":0,"event_name":"Living Wall","floor":11,"gold_loss":0,"cards_upgraded":["Sucker Punch"]},{"damage_healed":0,"gold_gain":0,"player_choice":"Forge","damage_taken":0,"max_hp_gain":0,"max_hp_loss":0,"event_name":"Accursed Blacksmith","floor":12,"gold_loss":0,"cards_upgraded":["Die Die Die"]}],"is_beta":false,"boss_relics":[{"not_picked":["Velvet Choker","Runic Dome"],"picked":"Philosopher\u0027s Stone"}],"items_purged_floors":[],"is_endless":false,"potions_floor_spawned":[3,4,13,16,20,30,31],"killed_by":"Collector","ascension_level":11}