{"gold_per_floor":[110,125,300,315,265,265,300,300,327,327,230,244,244,261,261,358,358,368,368,368,443,459,459,459,490,544,544,562,582,600,610,610,706,706,721,721,734,543,543,543,205,205,205,205,205,225,242,242],"floor_reached":48,"playtime":4048,"items_purged":["Strike_B","Strike_B","Strike_B"],"score":495,"play_id":"d6f14bf3-af72-486b-bf1e-71cf8316ee99","local_time":"20190619223457","is_ascension_mode":true,"campfire_choices":[{"data":"Defragment","floor":6,"key":"SMITH"},{"data":"Reinforced Body","floor":8,"key":"SMITH"},{"floor":13,"key":"REST"},{"data":"Capacitor","floor":15,"key":"SMITH"},{"data":"Echo Form","floor":23,"key":"SMITH"},{"floor":27,"key":"REST"},{"floor":32,"key":"REST"},{"floor":40,"key":"REST"},{"floor":44,"key":"REST"}],"neow_cost":"NONE","seed_source_timestamp":5606722253662581,"circlet_count":0,"master_deck":["Strike_B","Defend_B","Defend_B","Defend_B","Defend_B","Zap","Dualcast","Defragment+1","Compile Driver","Sweeping Beam","Reinforced Body+1","Cold Snap+1","Capacitor+1","Echo Form+1","Glacier","Fusion","Steam","Redo+1","Steam+1","Leap","Reboot","Compile Driver+1","Blizzard+1","Seek","Forethought","Barrage+1","Glacier"],"relics":["FrozenCore","Blood Vial","Dream Catcher","PreservedInsect","Molten Egg 2","Nilry\u0027s Codex","Letter Opener","Boot","Smiling Mask","Fusion Hammer","Kunai","Ancient Tea Set"],"potions_floor_usage":[25,46,46],"damage_taken":[{"damage":1,"enemies":"Cultist","floor":1,"turns":3},{"damage":0,"enemies":"Small Slimes","floor":2,"turns":3},{"damage":7,"enemies":"Jaw Worm","floor":4,"turns":3},{"damage":26,"enemies":"Lagavulin","floor":7,"turns":6},{"damage":0,"enemies":"Large Slime","floor":12,"turns":6},{"damage":3,"enemies":"2 Fungi Beasts","floor":14,"turns":3},{"damage":38,"enemies":"Slime Boss","floor":16,"turns":8},{"damage":0,"enemies":"Spheric Guardian","floor":18,"turns":6},{"damage":8,"enemies":"Chosen","floor":22,"turns":11},{"damage":35,"enemies":"Gremlin Leader","floor":25,"turns":10},{"damage":2,"enemies":"3 Cultists","floor":28,"turns":7},{"damage":9,"enemies":"Centurion and Healer","floor":29,"turns":14},{"damage":7,"enemies":"Snake Plant","floor":30,"turns":9},{"damage":0,"enemies":"3 Cultists","floor":31,"turns":7},{"damage":7,"enemies":"Automaton","floor":33,"turns":15},{"damage":5,"enemies":"Orb Walker","floor":35,"turns":9},{"damage":32,"enemies":"3 Shapes","floor":37,"turns":5},{"damage":42,"enemies":"Transient","floor":46,"turns":5},{"damage":10,"enemies":"3 Darklings","floor":47,"turns":6},{"damage":23,"enemies":"Sphere and 2 Shapes","floor":48,"turns":5}],"seed_played":"8497153173361341294","potions_obtained":[{"floor":1,"key":"LiquidBronze"},{"floor":7,"key":"Energy Potion"},{"floor":29,"key":"PowerPotion"},{"floor":30,"key":"Poison Potion"},{"floor":31,"key":"Strength Potion"},{"floor":35,"key":"Block Potion"}],"is_trial":false,"path_per_floor":["M","M","?","M","?","R","E","R","T","?","$","M","R","M","R","B",null,"M","?","?","?","M","R","?","E","T","R","M","M","M","M","R","B",null,"M","?","M","$","?","R","$","?","T","R","?","M","M","M"],"character_chosen":"DEFECT","items_purchased":["Cold Snap+1","Seek","Barrage+1","Kunai"],"campfire_rested":5,"item_purchase_floors":[11,38,41,41],"current_hp_per_floor":[74,75,75,68,68,68,44,44,44,37,37,39,61,60,60,24,75,75,59,59,52,46,46,46,13,13,35,35,28,23,25,47,42,75,70,70,40,40,40,62,62,62,62,71,71,29,21,0],"gold":242,"neow_bonus":"RANDOM_COMMON_RELIC","is_prod":false,"is_daily":false,"chose_seed":false,"campfire_upgraded":4,"win_rate":0,"timestamp":1561001697,"path_taken":["M","?","?","M","?","R","E","R","T","?","$","M","R","M","R","BOSS","M","?","?","?","?","R","?","E","T","R","M","M","?","M","R","BOSS","M","?","M","$","?","R","$","?","T","R","?","M","M","M"],"build_version":"2019-01-23","purchased_purges":3,"victory":false,"max_hp_per_floor":[75,75,75,75,75,75,75,75,75,75,75,75,75,75,75,75,75,75,75,75,75,75,75,75,75,75,75,75,75,75,75,75,75,75,75,75,75,75,75,75,75,71,71,71,71,71,71,71],"card_choices":[{"not_picked":["Scrape","Beam Cell"],"picked":"Defragment","floor":1},{"not_picked":["Gash","Hello World"],"picked":"Compile Driver","floor":2},{"not_picked":["Go for the Eyes","Compile Driver"],"picked":"Sweeping Beam","floor":4},{"not_picked":["Sweeping Beam","Barrage"],"picked":"Reinforced Body","floor":7},{"not_picked":["Turbo","Melter+1","Redo"],"picked":"SKIP","floor":12},{"not_picked":["BootSequence","Gash+1"],"picked":"Capacitor","floor":13},{"not_picked":["Skim","Go for the Eyes+1","Barrage+1"],"picked":"SKIP","floor":14},{"not_picked":["Creative AI","Biased Cognition"],"picked":"Echo Form","floor":16},{"not_picked":["Turbo","Force Field"],"picked":"Coolheaded","floor":18},{"not_picked":["Ball Lightning+1","Redo","Reinforced Body"],"picked":"SKIP","floor":22},{"not_picked":["Chaos","Turbo"],"picked":"Glacier","floor":25},{"not_picked":["Cold Snap+1","Compile Driver+1"],"picked":"Fusion","floor":27},{"not_picked":["Turbo","Heatsinks"],"picked":"Steam","floor":28},{"not_picked":["Conserve Battery","Leap+1","Machine Learning"],"picked":"SKIP","floor":29},{"not_picked":["Hologram","Leap"],"picked":"Redo+1","floor":30},{"not_picked":["Chaos","Rip and Tear+1"],"picked":"Steam+1","floor":31},{"not_picked":["Ball Lightning+1","Tempest"],"picked":"Leap","floor":32},{"not_picked":["Buffer","Meteor Strike+1"],"picked":"Reboot","floor":33},{"not_picked":["Turbo","Rebound+1"],"picked":"Compile Driver+1","floor":35},{"not_picked":["Barrage+1","Glacier"],"picked":"Blizzard+1","floor":37},{"not_picked":["Jack Of All Trades","Finesse"],"picked":"Forethought","floor":39},{"not_picked":["Static Discharge+1","Cold Snap+1"],"picked":"Glacier","floor":46},{"not_picked":["Leap","Ball Lightning+1","Coolheaded"],"picked":"SKIP","floor":47}],"player_experience":136253,"relics_obtained":[{"floor":7,"key":"Dream Catcher"},{"floor":9,"key":"PreservedInsect"},{"floor":19,"key":"Nilry\u0027s Codex"},{"floor":25,"key":"Boot"},{"floor":26,"key":"Smiling Mask"},{"floor":43,"key":"Ancient Tea Set"}],"event_choices":[{"damage_healed":0,"gold_gain":175,"player_choice":"AGREE","damage_taken":0,"max_hp_gain":0,"max_hp_loss":0,"event_name":"Liars Game","floor":3,"gold_loss":0,"cards_obtained":["Doubt"]},{"cards_removed":["Doubt"],"damage_healed":0,"gold_gain":0,"player_choice":"Card Removal","damage_taken":0,"max_hp_gain":0,"max_hp_loss":0,"event_name":"The Cleric","floor":5,"gold_loss":50},{"damage_healed":0,"gold_gain":0,"player_choice":"Success","damage_taken":7,"relics_obtained":["Molten Egg 2"],"max_hp_gain":0,"max_hp_loss":0,"event_name":"Scrap Ooze","floor":10,"gold_loss":0},{"damage_healed":0,"gold_gain":0,"player_choice":"Obtained Book","damage_taken":16,"max_hp_gain":0,"max_hp_loss":0,"event_name":"Cursed Tome","floor":19,"gold_loss":0},{"damage_healed":0,"gold_gain":0,"player_choice":"Ignored","damage_taken":0,"max_hp_gain":0,"max_hp_loss":0,"event_name":"Vampires","floor":20,"gold_loss":0},{"damage_healed":0,"gold_gain":75,"player_choice":"Touch","damage_taken":7,"max_hp_gain":0,"max_hp_loss":0,"event_name":"FaceTrader","floor":21,"gold_loss":0},{"damage_healed":0,"gold_gain":0,"player_choice":"Gave Potion","damage_taken":0,"relics_obtained":["Letter Opener"],"max_hp_gain":0,"max_hp_loss":0,"event_name":"WeMeetAgain","floor":24,"gold_loss":0},{"damage_healed":0,"gold_gain":0,"player_choice":"Ignored","damage_taken":0,"max_hp_gain":0,"max_hp_loss":0,"event_name":"Tomb of Lord Red Mask","floor":36,"gold_loss":0},{"damage_healed":0,"gold_gain":0,"player_choice":"Memory 1","damage_taken":0,"max_hp_gain":0,"max_hp_loss":0,"event_name":"SensoryStone","floor":39,"gold_loss":0},{"damage_healed":0,"gold_gain":0,"player_choice":"Max HP","damage_taken":0,"max_hp_gain":0,"max_hp_loss":4,"event_name":"Winding Halls","floor":42,"gold_loss":0},{"cards_removed":["Coolheaded"],"damage_healed":0,"gold_gain":0,"player_choice":"Removed Skill","damage_taken":0,"max_hp_gain":0,"max_hp_loss":0,"event_name":"Falling","floor":45,"gold_loss":0}],"is_beta":false,"boss_relics":[{"not_picked":["Astrolabe","Cursed Key"],"picked":"FrozenCore"},{"not_picked":["Philosopher\u0027s Stone","White Beast Statue"],"picked":"Fusion Hammer"}],"items_purged_floors":[11,38,41],"is_endless":false,"potions_floor_spawned":[1,7,29,30,31,33,35],"killed_by":"Sphere and 2 Shapes","ascension_level":2}