{"gold_per_floor":[117,136,61,77,96,129,129,140,140,151,151,183,208,220],"floor_reached":14,"playtime":707,"items_purged":[],"score":182,"play_id":"57480410-392d-40f8-b662-2815972b3dbc","local_time":"20190514235322","is_ascension_mode":true,"campfire_choices":[{"floor":7.0,"key":"REST"}],"neow_cost":"NONE","seed_source_timestamp":656081174687843,"circlet_count":0,"master_deck":["AscendersBane","Strike_B","Strike_B","Defend_B","Defend_B","Defend_B","Defend_B","Zap+1","Dualcast","Compile Driver","Rebound","Chill","Streamline","Go for the Eyes","Core Surge","Cold Snap","Ball Lightning"],"special_seed":0,"relics":["Cracked Core","Pen Nib","DataDisk","MawBank"],"potions_floor_usage":[12,12,12],"damage_taken":[{"damage":6.0,"enemies":"Cultist","floor":1.0,"turns":3.0},{"damage":7.0,"enemies":"Jaw Worm","floor":2.0,"turns":3.0},{"damage":1.0,"enemies":"2 Louse","floor":4.0,"turns":2.0},{"damage":7.0,"enemies":"Looter","floor":5.0,"turns":3.0},{"damage":18.0,"enemies":"Gremlin Nob","floor":6.0,"turns":4.0},{"damage":0.0,"enemies":"Gremlin Gang","floor":8.0,"turns":5.0},{"damage":1.0,"enemies":"3 Louse","floor":10.0,"turns":2.0},{"damage":12,"enemies":"Lagavulin","floor":12,"turns":3},{"damage":14,"enemies":"Lots of Slimes","floor":13,"turns":3},{"damage":20,"enemies":"3 Sentries","floor":14,"turns":2}],"seed_played":"290480256892941432","potions_obtained":[{"floor":1.0,"key":"SneckoOil"},{"floor":5.0,"key":"SteroidPotion"},{"floor":10.0,"key":"EntropicBrew"},{"floor":12,"key":"Ancient Potion"}],"is_trial":false,"path_per_floor":["M","M","?","M","M","E","R","M","T","M","?","E","M","E"],"character_chosen":"DEFECT","items_purchased":[],"campfire_rested":1,"item_purchase_floors":[],"current_hp_per_floor":[58,51,51,50,43,25,46,46,46,45,38,26,12,0],"gold":220,"neow_bonus":"UPGRADE_CARD","is_prod":false,"is_daily":false,"chose_seed":false,"campfire_upgraded":0,"win_rate":0,"timestamp":1557892402,"path_taken":["M","M","?","M","M","E","R","M","T","M","?","E","M","E"],"build_version":"2019-01-23","purchased_purges":0,"victory":false,"max_hp_per_floor":[71,71,71,71,71,71,71,71,71,71,71,71,71,71],"card_choices":[{"not_picked":["Reprogram","Hello World","Turbo"],"picked":"SKIP","floor":1.0},{"not_picked":["Melter","Beam Cell"],"picked":"Compile Driver","floor":2.0},{"not_picked":["Turbo","Melter"],"picked":"Rebound","floor":4.0},{"not_picked":["Conserve Battery","Blizzard"],"picked":"Chill","floor":5.0},{"not_picked":["Chaos","Compile Driver"],"picked":"Streamline","floor":6.0},{"not_picked":["Scrape","Auto Shields"],"picked":"Go for the Eyes","floor":8.0},{"not_picked":["Cold Snap","BootSequence"],"picked":"Core Surge","floor":10.0},{"not_picked":["Go for the Eyes","Barrage"],"picked":"Cold Snap","floor":12},{"not_picked":["Steam","Chill"],"picked":"Ball Lightning","floor":13}],"player_experience":2160926,"relics_obtained":[{"floor":6.0,"key":"Pen Nib"},{"floor":9.0,"key":"DataDisk"},{"floor":12,"key":"MawBank"}],"event_choices":[{"cards_removed":["Strike_B"],"damage_healed":0.0,"max_hp_gain":0.0,"max_hp_loss":0.0,"gold_gain":0.0,"event_name":"The Cleric","player_choice":"Card Removal","floor":3.0,"gold_loss":75.0,"damage_taken":0.0},{"cards_removed":["Strike_B"],"damage_healed":0.0,"max_hp_gain":0.0,"max_hp_loss":0.0,"gold_gain":0.0,"event_name":"Golden Wing","player_choice":"Card Removal","floor":11.0,"gold_loss":0.0,"damage_taken":7.0}],"is_beta":false,"boss_relics":[],"items_purged_floors":[],"is_endless":false,"potions_floor_spawned":[1,5,10,12],"killed_by":"3 Sentries","ascension_level":15}