{"gold_per_floor":[115,265,265,52,52,71,71,97,97,22,22,56,56,66,66,143,143,156,156,176,189,62,62,91,111,137,18,50,70,70,82,82,160,160,172,172,172,186,237,271,271],"floor_reached":41,"playtime":4014,"items_purged":["Strike_R"],"score":910,"play_id":"dae33678-c762-4076-b9fb-c21028b8a2af","local_time":"20190605184134","is_ascension_mode":true,"campfire_choices":[{"data":"Fiend Fire","floor":7,"key":"SMITH"},{"data":"Disarm","floor":11,"key":"SMITH"},{"data":"Shockwave","floor":13,"key":"SMITH"},{"data":"Evolve","floor":15,"key":"SMITH"},{"floor":23,"key":"REST"},{"floor":30,"key":"REST"},{"floor":32,"key":"REST"}],"neow_cost":"NONE","seed_source_timestamp":258917345848698,"circlet_count":0,"master_deck":["AscendersBane","Defend_R","Defend_R","Defend_R","Defend_R","Bash+1","Iron Wave","Disarm+1","Fiend Fire+1","Evolve+1","Shockwave+1","Headbutt","Juggernaut","Wild Strike","Sentinel","Shrug It Off","Feel No Pain","Rampage","Limit Break","Inflame","Corruption","Armaments+1","Shrug It Off","Dark Embrace","Dark Shackles","Power Through","Reckless Charge+1"],"relics":["Burning Blood","Question Card","Mercury Hourglass","Bag of Marbles","Runic Pyramid","Potion Belt","Bronze Scales","Happy Flower","Gremlin Horn","Empty Cage","Peace Pipe","Lantern"],"potions_floor_usage":[12,25,39,41,41],"damage_taken":[{"damage":9,"enemies":"Jaw Worm","floor":1,"turns":3},{"damage":0,"enemies":"2 Louse","floor":6,"turns":3},{"damage":20,"enemies":"3 Sentries","floor":8,"turns":10},{"damage":13,"enemies":"Lagavulin","floor":12,"turns":7},{"damage":0,"enemies":"Small Slimes","floor":14,"turns":2},{"damage":20,"enemies":"Hexaghost","floor":16,"turns":9},{"damage":0,"enemies":"Spheric Guardian","floor":18,"turns":3},{"damage":29,"enemies":"Shell Parasite","floor":20,"turns":4},{"damage":25,"enemies":"Snake Plant","floor":21,"turns":5},{"damage":39,"enemies":"Gremlin Leader","floor":24,"turns":6},{"damage":23,"enemies":"Cultist and Chosen","floor":25,"turns":6},{"damage":13,"enemies":"Book of Stabbing","floor":28,"turns":4},{"damage":9,"enemies":"Centurion and Healer","floor":29,"turns":5},{"damage":7,"enemies":"Snake Plant","floor":31,"turns":4},{"damage":32,"enemies":"Champ","floor":33,"turns":12},{"damage":3,"enemies":"Orb Walker","floor":35,"turns":3},{"damage":23,"enemies":"3 Darklings","floor":38,"turns":4},{"damage":54,"enemies":"2 Orb Walkers","floor":39,"turns":5},{"damage":0,"enemies":"Giant Head","floor":40,"turns":6},{"damage":15,"enemies":"Writhing Mass","floor":41,"turns":1}],"seed_played":"-8023119053893065882","potions_obtained":[{"floor":8,"key":"Dexterity Potion"},{"floor":12,"key":"Regen Potion"},{"floor":16,"key":"Energy Potion"},{"floor":21,"key":"EssenceOfSteel"},{"floor":24,"key":"Weak Potion"},{"floor":28,"key":"SkillPotion"},{"floor":33,"key":"LiquidBronze"},{"floor":39,"key":"AttackPotion"}],"is_trial":false,"path_per_floor":["M","?","?","$","?","M","R","E","T","?","R","E","R","M","R","B",null,"M","?","M","M","$","R","E","M","T","$","E","M","R","M","R","B",null,"M","?","?","M","?","E","M"],"character_chosen":"IRONCLAD","items_purchased":["Disarm","Fiend Fire","Feel No Pain","Rampage","Corruption"],"campfire_rested":3,"item_purchase_floors":[4,4,22,22,27],"current_hp_per_floor":[65,65,65,65,70,76,76,62,62,62,62,55,55,61,61,47,72,78,78,55,36,36,60,27,25,25,25,18,15,39,38,62,36,69,72,72,72,55,7,13,0],"gold":271,"neow_bonus":"UPGRADE_CARD","is_prod":false,"is_daily":false,"chose_seed":false,"campfire_upgraded":4,"win_rate":0,"timestamp":1559774494,"path_taken":["M","?","?","$","?","?","R","E","T","?","R","E","R","M","R","BOSS","M","?","M","M","$","R","E","M","T","?","E","M","R","M","R","BOSS","M","?","?","?","?","E","M"],"build_version":"2019-01-23","purchased_purges":1,"victory":false,"max_hp_per_floor":[75,75,75,75,80,80,80,80,80,80,80,80,80,80,80,80,80,80,80,80,80,80,80,80,80,80,80,80,80,80,80,80,80,80,80,80,80,80,80,80,80],"card_choices":[{"not_picked":["Armaments","Thunderclap"],"picked":"Iron Wave","floor":1},{"not_picked":["Fire Breathing","Cleave"],"picked":"Evolve","floor":6},{"not_picked":["Combust","Pommel Strike"],"picked":"Shockwave","floor":8},{"not_picked":["Armaments","Intimidate","Cleave","True Grit"],"picked":"SKIP","floor":12},{"not_picked":["Perfected Strike","Dual Wield","Heavy Blade"],"picked":"Headbutt","floor":14},{"not_picked":["Double Tap","Bludgeon","Exhume"],"picked":"Juggernaut","floor":16},{"not_picked":["Perfected Strike","Cleave","Infernal Blade"],"picked":"Wild Strike","floor":18},{"not_picked":["Hemokinesis","Fire Breathing","Warcry+1"],"picked":"Sentinel","floor":20},{"not_picked":["Perfected Strike+1","Wild Strike","Dropkick"],"picked":"Shrug It Off","floor":21},{"not_picked":["Sword Boomerang","Rampage","Dual Wield"],"picked":"Limit Break","floor":24},{"not_picked":["Iron Wave","Combust","Clothesline"],"picked":"Inflame","floor":25},{"not_picked":["Rupture","Warcry+1","Hemokinesis","Sword Boomerang+1"],"picked":"SKIP","floor":28},{"not_picked":["True Grit","Iron Wave","Clash"],"picked":"Armaments+1","floor":29},{"not_picked":["Uppercut+1","Perfected Strike","Pommel Strike+1"],"picked":"Shrug It Off","floor":31},{"not_picked":["Berserk","Brutality","Reaper"],"picked":"Dark Embrace","floor":33},{"not_picked":["Sword Boomerang","Shrug It Off","Rampage","Headbutt+1"],"picked":"SKIP","floor":35},{"not_picked":["Forethought","Sadistic Nature","Thinking Ahead"],"picked":"Dark Shackles","floor":36},{"not_picked":["Warcry","Rampage","Hemokinesis","Reckless Charge+1"],"picked":"SKIP","floor":38},{"not_picked":["Entrench","Clash+1","Clothesline+1"],"picked":"Reckless Charge+1","floor":39},{"not_picked":["Twin Strike+1","Anger","Clash","Wild Strike"],"picked":"SKIP","floor":40}],"player_experience":2269082,"relics_obtained":[{"floor":8,"key":"Question Card"},{"floor":9,"key":"Mercury Hourglass"},{"floor":12,"key":"Bag of Marbles"},{"floor":24,"key":"Bronze Scales"},{"floor":26,"key":"Happy Flower"},{"floor":28,"key":"Gremlin Horn"},{"floor":39,"key":"Peace Pipe"},{"floor":40,"key":"Lantern"}],"event_choices":[{"damage_healed":0,"gold_gain":150,"player_choice":"AGREE","damage_taken":0,"max_hp_gain":0,"max_hp_loss":0,"event_name":"Liars Game","floor":2,"gold_loss":0,"cards_obtained":["Doubt"]},{"cards_removed":["Doubt"],"damage_healed":0,"gold_gain":0,"player_choice":"Forget","damage_taken":0,"max_hp_gain":0,"max_hp_loss":0,"event_name":"Living Wall","floor":3,"gold_loss":0},{"damage_healed":0,"gold_gain":0,"player_choice":"Donut","damage_taken":0,"max_hp_gain":5,"max_hp_loss":0,"event_name":"Big Fish","floor":5,"gold_loss":0},{"cards_removed":["Strike_R"],"damage_healed":0,"gold_gain":0,"player_choice":"Card Removal","damage_taken":0,"max_hp_gain":0,"max_hp_loss":0,"event_name":"The Cleric","floor":10,"gold_loss":75},{"damage_healed":0,"gold_gain":0,"player_choice":"Gave Potion","damage_taken":0,"relics_obtained":["Potion Belt"],"max_hp_gain":0,"max_hp_loss":0,"event_name":"WeMeetAgain","floor":19,"gold_loss":0},{"damage_healed":0,"gold_gain":0,"player_choice":"Memory 1","damage_taken":0,"max_hp_gain":0,"max_hp_loss":0,"event_name":"SensoryStone","floor":36,"gold_loss":0},{"damage_healed":0,"gold_gain":0,"cards_transformed":["Strike_R"],"player_choice":"Transformed","damage_taken":0,"max_hp_gain":0,"max_hp_loss":0,"event_name":"Transmorgrifier","floor":37,"gold_loss":0,"cards_obtained":["Power Through"]},{"damage_healed":0,"gold_gain":0,"player_choice":"Fight","damage_taken":0,"max_hp_gain":0,"max_hp_loss":0,"event_name":"Mysterious Sphere","floor":39,"gold_loss":0}],"is_beta":false,"boss_relics":[{"not_picked":["Velvet Choker","Mark of Pain"],"picked":"Runic Pyramid"},{"not_picked":["White Beast Statue","Black Star"],"picked":"Empty Cage"}],"items_purged_floors":[27],"is_endless":false,"potions_floor_spawned":[8,12,16,21,24,28,33,38,39],"killed_by":"Writhing Mass","ascension_level":17}