{"gold_per_floor":[369,519,531,293,218,218,236,6,6,36,49,5,5,24,24,101,101,114,132,132,132],"floor_reached":21,"playtime":1171,"items_purged":["Doubt"],"score":331,"play_id":"360c37a3-c34b-4710-87d3-8df301bfc657","local_time":"20190618222236","is_ascension_mode":true,"campfire_choices":[{"data":"Defragment","floor":6.0,"key":"SMITH"},{"floor":15.0,"key":"REST"}],"neow_cost":"CURSE","seed_source_timestamp":517638791667313,"circlet_count":0,"master_deck":["AscendersBane","Strike_B+1","Strike_B+1","Strike_B","Strike_B","Defend_B","Defend_B","Defend_B","Defend_B","Zap","Dualcast","Compile Driver","Streamline","Defragment+1","Glacier","Cold Snap","Echo Form","Go for the Eyes","Ball Lightning","Sunder","Recycle","Electrodynamics","Loop","Genetic Algorithm"],"special_seed":0,"relics":["Cracked Core","Letter Opener","Orichalcum","Inserter","Oddly Smooth Stone"],"potions_floor_usage":[19],"damage_taken":[{"damage":3.0,"enemies":"2 Louse","floor":1.0,"turns":2.0},{"damage":7.0,"enemies":"Small Slimes","floor":3.0,"turns":3.0},{"damage":7.0,"enemies":"Jaw Worm","floor":7.0,"turns":4.0},{"damage":4.0,"enemies":"Gremlin Nob","floor":10.0,"turns":4.0},{"damage":10.0,"enemies":"Large Slime","floor":11.0,"turns":5.0},{"damage":0.0,"enemies":"Looter","floor":14.0,"turns":3.0},{"damage":18.0,"enemies":"The Guardian","floor":16.0,"turns":8.0},{"damage":25.0,"enemies":"3 Byrds","floor":18.0,"turns":4.0},{"damage":21,"enemies":"Spheric Guardian","floor":19,"turns":5},{"damage":18,"enemies":"Snake Plant","floor":21,"turns":1}],"seed_played":"-8744521156122232982","potions_obtained":[{"floor":10.0,"key":"Weak Potion"},{"floor":11.0,"key":"Weak Potion"},{"floor":14.0,"key":"Energy Potion"},{"floor":18.0,"key":"SkillPotion"}],"is_trial":false,"path_per_floor":["M","?","M","$","?","R","M","$","T","E","M","$","?","M","R","B",null,"M","M","?","M"],"character_chosen":"DEFECT","items_purchased":["Defragment","Glacier","Echo Form","Block Potion","Sunder"],"campfire_rested":1,"item_purchase_floors":[4,4,8,8,12],"current_hp_per_floor":[61,61,54,54,54,54,47,47,47,43,33,33,12,12,33,15,57,32,11,11,0],"gold":132,"neow_bonus":"TWO_FIFTY_GOLD","is_prod":false,"is_daily":false,"chose_seed":false,"campfire_upgraded":1,"win_rate":0,"timestamp":1560910956,"path_taken":["M","?","M","$","?","R","M","$","T","E","M","?","?","M","R","BOSS","M","M","?","?"],"build_version":"2019-01-23","purchased_purges":1,"victory":false,"max_hp_per_floor":[71,71,71,71,71,71,71,71,71,71,71,71,71,71,71,71,71,71,71,71,71],"card_choices":[{"not_picked":["Beam Cell","Auto Shields"],"picked":"Compile Driver","floor":1.0},{"not_picked":["Barrage","Leap"],"picked":"Streamline","floor":3.0},{"not_picked":["Chill","Ball Lightning"],"picked":"Cold Snap","floor":7.0},{"not_picked":["Darkness","Redo"],"picked":"Go for the Eyes","floor":10.0},{"not_picked":["Gash","Skim"],"picked":"Ball Lightning","floor":11.0},{"not_picked":["Reprogram","Reinforced Body"],"picked":"Recycle","floor":14.0},{"not_picked":["Biased Cognition","Rainbow"],"picked":"Electrodynamics","floor":16.0},{"not_picked":["Ball Lightning","Go for the Eyes"],"picked":"Loop","floor":18.0},{"not_picked":["Beam Cell","Sweeping Beam"],"picked":"Genetic Algorithm","floor":19}],"player_experience":2311213,"relics_obtained":[{"floor":9.0,"key":"Letter Opener"},{"floor":10.0,"key":"Orichalcum"}],"event_choices":[{"damage_healed":0.0,"max_hp_gain":0.0,"max_hp_loss":0.0,"gold_gain":150.0,"event_name":"Liars Game","player_choice":"AGREE","floor":2.0,"gold_loss":0.0,"damage_taken":0.0,"cards_obtained":["Doubt"]},{"cards_removed":["Doubt"],"damage_healed":0.0,"max_hp_gain":0.0,"max_hp_loss":0.0,"gold_gain":0.0,"event_name":"The Cleric","player_choice":"Card Removal","floor":5.0,"gold_loss":75.0,"damage_taken":0.0},{"damage_healed":0.0,"max_hp_gain":0.0,"max_hp_loss":0.0,"gold_gain":0.0,"event_name":"Shining Light","player_choice":"Entered Light","floor":13.0,"gold_loss":0.0,"damage_taken":21.0,"cards_upgraded":["Strike_B","Strike_B"]},{"damage_healed":0,"gold_gain":0,"player_choice":"Gave Potion","damage_taken":0,"relics_obtained":["Oddly Smooth Stone"],"max_hp_gain":0,"max_hp_loss":0,"event_name":"WeMeetAgain","floor":20,"gold_loss":0}],"is_beta":false,"boss_relics":[{"not_picked":["Fusion Hammer","Lizard Tail"],"picked":"Inserter"}],"items_purged_floors":[4],"is_endless":false,"potions_floor_spawned":[10,11,14,18],"killed_by":"Snake Plant","ascension_level":17}