{"gold_per_floor":[114,125,137,87,87,87],"floor_reached":6,"playtime":381,"items_purged":[],"score":47,"play_id":"ba0b28b2-9f36-498f-a619-f2e78a2917a7","local_time":"20190619154926","is_ascension_mode":true,"campfire_choices":[],"neow_cost":"NONE","seed_source_timestamp":6058570078628,"circlet_count":0,"master_deck":["Strike_B","Strike_B","Defend_B","Defend_B","Defend_B","Defend_B","Zap","Dualcast","Tempest","Sweeping Beam","Static Discharge","Beam Cell","Hologram","Turbo","Capacitor","Hologram"],"relics":["Orrery"],"potions_floor_usage":[3],"damage_taken":[{"damage":10,"enemies":"2 Louse","floor":1,"turns":2},{"damage":11,"enemies":"Small Slimes","floor":2,"turns":3},{"damage":9,"enemies":"Jaw Worm","floor":3,"turns":4},{"damage":44,"enemies":"3 Sentries","floor":6,"turns":6}],"seed_played":"686296741466022373","potions_obtained":[{"floor":2,"key":"Regen Potion"}],"is_trial":false,"path_per_floor":["M","M","M","?","?","E"],"character_chosen":"DEFECT","items_purchased":[],"campfire_rested":0,"item_purchase_floors":[],"current_hp_per_floor":[58,47,50,50,43,0],"gold":87,"neow_bonus":"BOSS_RELIC","is_prod":false,"is_daily":false,"chose_seed":false,"campfire_upgraded":0,"win_rate":0,"timestamp":1560973766,"path_taken":["M","M","M","?","?","E"],"build_version":"2019-01-23","purchased_purges":0,"victory":false,"max_hp_per_floor":[75,75,75,75,75,75],"card_choices":[{"not_picked":["Rebound","Conserve Battery"],"picked":"Tempest","floor":0},{"not_picked":["Turbo","Ball Lightning"],"picked":"Sweeping Beam","floor":0},{"not_picked":["Steam","Heatsinks"],"picked":"Static Discharge","floor":0},{"not_picked":["Aggregate","Stack"],"picked":"Beam Cell","floor":0},{"not_picked":["Barrage","Darkness"],"picked":"Hologram","floor":0},{"not_picked":["Storm","Melter"],"picked":"Turbo","floor":1},{"not_picked":["Coolheaded","Leap"],"picked":"Capacitor","floor":2},{"not_picked":["Steam","Stack"],"picked":"Hologram","floor":3}],"player_experience":332349,"relics_obtained":[],"event_choices":[{"cards_removed":["Strike_B"],"damage_healed":0,"gold_gain":0,"player_choice":"Card Removal","damage_taken":0,"max_hp_gain":0,"max_hp_loss":0,"event_name":"The Cleric","floor":4,"gold_loss":50},{"cards_removed":["Strike_B"],"damage_healed":0,"gold_gain":0,"player_choice":"Card Removal","damage_taken":7,"max_hp_gain":0,"max_hp_loss":0,"event_name":"Golden Wing","floor":5,"gold_loss":0}],"is_beta":false,"boss_relics":[],"items_purged_floors":[],"is_endless":false,"potions_floor_spawned":[2],"killed_by":"3 Sentries","ascension_level":6}