{"gold_per_floor":[114,114,8,8,24,58,58,91,91,91,109,137,37,47,47,119,119,137,187,112,129,129,129],"floor_reached":23,"playtime":1500,"items_purged":["Strike_R"],"score":418,"play_id":"0aedfcaa-7b73-43b4-a6d0-ce7fb0c713f9","local_time":"20190524001703","is_ascension_mode":true,"campfire_choices":[{"data":"Bash","floor":7.0,"key":"SMITH"},{"floor":10.0,"key":"REST"},{"data":"True Grit","floor":15.0,"key":"SMITH"}],"neow_cost":"NONE","seed_source_timestamp":0,"circlet_count":0,"master_deck":["AscendersBane","Strike_R","Strike_R","Strike_R","Defend_R","Defend_R","Defend_R","Defend_R","Bash+1","Metallicize","Searing Blow+1","Shrug It Off","Battle Trance","Body Slam+1","Cleave+1","Body Slam+1","Impervious","Feel No Pain","Havoc","True Grit+1","Dark Embrace","Armaments","Seeing Red"],"special_seed":0,"relics":["Burning Blood","NeowsBlessing","Molten Egg 2","Ginger","Art of War","Bronze Scales","Strawberry","Runic Pyramid"],"potions_floor_usage":[],"damage_taken":[{"damage":0.0,"enemies":"Jaw Worm","floor":1.0,"turns":1.0},{"damage":0.0,"enemies":"Small Slimes","floor":5.0,"turns":1.0},{"damage":0.0,"enemies":"Gremlin Nob","floor":6.0,"turns":1.0},{"damage":16.0,"enemies":"3 Sentries","floor":8.0,"turns":8.0},{"damage":0.0,"enemies":"Cultist","floor":11.0,"turns":3.0},{"damage":11.0,"enemies":"Lagavulin","floor":12.0,"turns":5.0},{"damage":0.0,"enemies":"Exordium Wildlife","floor":14.0,"turns":3.0},{"damage":13.0,"enemies":"The Guardian","floor":16.0,"turns":11.0},{"damage":19,"enemies":"2 Thieves","floor":18,"turns":4},{"damage":4,"enemies":"Chosen","floor":21,"turns":3},{"damage":80,"enemies":"Gremlin Leader","floor":23,"turns":7}],"seed_played":"-6309229607647374876","potions_obtained":[{"floor":5.0,"key":"EntropicBrew"},{"floor":8.0,"key":"EssenceOfSteel"},{"floor":12.0,"key":"SteroidPotion"}],"is_trial":false,"path_per_floor":["M","?","$","?","M","E","R","E","T","R","M","E","$","M","R","B",null,"M","?","$","M","?","E"],"character_chosen":"IRONCLAD","items_purchased":["Searing Blow+1","Shrug It Off","Feel No Pain","Havoc"],"campfire_rested":1,"item_purchase_floors":[3,3,13,13],"current_hp_per_floor":[74,29,29,22,28,34,34,24,24,46,52,54,54,60,60,53,75,62,62,62,64,64,0],"gold":129,"neow_bonus":"THREE_ENEMY_KILL","is_prod":false,"is_daily":false,"chose_seed":false,"campfire_upgraded":2,"win_rate":0,"timestamp":1558671423,"path_taken":["M","?","$","?","M","E","R","E","T","R","M","E","$","M","R","BOSS","M","?","$","?","?","E"],"build_version":"2019-01-23","purchased_purges":1,"victory":false,"max_hp_per_floor":[75,75,75,75,75,75,75,75,75,75,75,82,82,82,82,82,82,82,82,82,82,82,82],"card_choices":[{"not_picked":["Wild Strike","Shrug It Off"],"picked":"Metallicize","floor":1.0},{"not_picked":["Combust","Havoc"],"picked":"Battle Trance","floor":5.0},{"not_picked":["Hemokinesis+1","Clash+1"],"picked":"Body Slam+1","floor":6.0},{"not_picked":["Flame Barrier","Flex"],"picked":"Cleave+1","floor":8.0},{"not_picked":["Second Wind","Warcry"],"picked":"Body Slam+1","floor":11.0},{"not_picked":["Infernal Blade","Armaments"],"picked":"Impervious","floor":12.0},{"not_picked":["Thunderclap+1","Anger+1"],"picked":"True Grit","floor":14.0},{"not_picked":["Impervious","Berserk"],"picked":"Dark Embrace","floor":16.0},{"not_picked":["Heavy Blade+1","Sword Boomerang+1"],"picked":"Armaments","floor":18},{"not_picked":["Iron Wave+1","Headbutt+1","Intimidate"],"picked":"SKIP","floor":21}],"player_experience":2171594,"relics_obtained":[{"floor":6.0,"key":"Ginger"},{"floor":8.0,"key":"Art of War"},{"floor":9.0,"key":"Bronze Scales"},{"floor":12.0,"key":"Strawberry"}],"event_choices":[{"damage_healed":0.0,"max_hp_gain":0.0,"max_hp_loss":0.0,"gold_gain":0.0,"event_name":"Scrap Ooze","player_choice":"Success","floor":2.0,"gold_loss":0.0,"damage_taken":45.0,"relics_obtained":["Molten Egg 2"]},{"cards_removed":["Strike_R"],"damage_healed":0.0,"max_hp_gain":0.0,"max_hp_loss":0.0,"gold_gain":0.0,"event_name":"Golden Wing","player_choice":"Card Removal","floor":4.0,"gold_loss":0.0,"damage_taken":7.0},{"damage_healed":0,"gold_gain":100,"player_choice":"Bet on Murderer","damage_taken":0,"max_hp_gain":0,"max_hp_loss":0,"event_name":"The Joust","floor":19,"gold_loss":50},{"damage_healed":0,"gold_gain":0,"player_choice":"Read","damage_taken":0,"max_hp_gain":0,"max_hp_loss":0,"event_name":"The Library","floor":22,"gold_loss":0,"cards_obtained":["Seeing Red"]}],"is_beta":false,"boss_relics":[{"not_picked":["Astrolabe","Orrery"],"picked":"Runic Pyramid"}],"items_purged_floors":[20],"is_endless":false,"potions_floor_spawned":[5,8,12,16,18],"killed_by":"Gremlin Leader","ascension_level":16}