{"gold_per_floor":[110,110,41,54,69,101,118,131,131,166,166,191,191,211,211,211],"floor_reached":16,"playtime":1052,"items_purged":[],"score":134,"play_id":"780e50dd-8f37-44d7-9ed2-098fd0597c04","local_time":"20190606001406","is_ascension_mode":true,"campfire_choices":[{"floor":11.0,"key":"REST"},{"floor":13.0,"key":"REST"},{"data":"Blade Dance","floor":15.0,"key":"SMITH"}],"neow_cost":"NONE","seed_source_timestamp":290876746113558,"circlet_count":0,"master_deck":["Defend_G","Defend_G","Defend_G","Defend_G","Defend_G","Strike_G","Strike_G","Strike_G","Strike_G","Strike_G","Survivor","Neutralize","Blade Dance","Accuracy","Prepared","PiercingWail","Cloak And Dagger","Blade Dance+1","Dash","Calculated Gamble","Blur"],"special_seed":0,"relics":["Ring of the Snake","Bag of Preparation","Pear","Bird Faced Urn","Centennial Puzzle","Frozen Egg 2","Potion Belt"],"potions_floor_usage":[16],"damage_taken":[{"damage":1.0,"enemies":"Cultist","floor":1.0,"turns":4.0},{"damage":3.0,"enemies":"2 Louse","floor":4.0,"turns":5.0},{"damage":0.0,"enemies":"Small Slimes","floor":5.0,"turns":2.0},{"damage":43.0,"enemies":"Gremlin Nob","floor":6.0,"turns":6.0},{"damage":0.0,"enemies":"2 Fungi Beasts","floor":7.0,"turns":4.0},{"damage":11.0,"enemies":"Looter","floor":8.0,"turns":4.0},{"damage":17.0,"enemies":"3 Sentries","floor":10.0,"turns":9.0},{"damage":20.0,"enemies":"Gremlin Nob","floor":12.0,"turns":5.0},{"damage":12.0,"enemies":"Exordium Wildlife","floor":14.0,"turns":6.0},{"damage":55,"enemies":"The Guardian","floor":16,"turns":11}],"seed_played":"7664045241426466618","potions_obtained":[{"floor":1.0,"key":"Swift Potion"},{"floor":4.0,"key":"LiquidBronze"},{"floor":8.0,"key":"Swift Potion"},{"floor":10.0,"key":"FairyPotion"}],"is_trial":false,"path_per_floor":["M","T","$","M","M","E","M","M","T","E","R","E","R","M","R","B"],"character_chosen":"THE_SILENT","items_purchased":["Accuracy"],"campfire_rested":2,"item_purchase_floors":[3],"current_hp_per_floor":[69,79,79,76,76,33,35,26,26,11,35,17,41,29,29,0],"gold":211,"neow_bonus":"RANDOM_COMMON_RELIC","is_prod":false,"is_daily":false,"chose_seed":false,"campfire_upgraded":1,"win_rate":0,"timestamp":1559794446,"path_taken":["M","?","$","M","?","E","?","M","T","E","R","E","R","M","R","BOSS"],"build_version":"2019-01-23","purchased_purges":0,"victory":false,"max_hp_per_floor":[70,80,80,80,80,80,80,80,80,80,80,80,80,80,80,80],"card_choices":[{"not_picked":["Endless Agony","Blur"],"picked":"Blade Dance","floor":1.0},{"not_picked":["Predator","Underhanded Strike"],"picked":"Prepared","floor":4.0},{"not_picked":["Cloak And Dagger","Masterful Stab"],"picked":"PiercingWail","floor":5.0},{"not_picked":["Riddle With Holes","Infinite Blades"],"picked":"Cloak And Dagger","floor":6.0},{"not_picked":["Grand Finale","Terror"],"picked":"Blade Dance","floor":7.0},{"not_picked":["Poisoned Stab","Catalyst"],"picked":"Dash","floor":8.0},{"not_picked":["Bane","Deadly Poison","Sucker Punch"],"picked":"SKIP","floor":10.0},{"not_picked":["Setup","Blur"],"picked":"Calculated Gamble","floor":12.0},{"not_picked":["Reflex","Sucker Punch"],"picked":"Blur","floor":14.0}],"player_experience":317766,"relics_obtained":[{"floor":2.0,"key":"Pear"},{"floor":6.0,"key":"Bird Faced Urn"},{"floor":9.0,"key":"Centennial Puzzle"},{"floor":10.0,"key":"Frozen Egg 2"},{"floor":12.0,"key":"Potion Belt"}],"event_choices":[],"is_beta":false,"boss_relics":[],"items_purged_floors":[],"is_endless":false,"potions_floor_spawned":[1,4,8,10],"killed_by":"The Guardian","ascension_level":2}