{"gold_per_floor":[113,127,127,140,157,186,197,225,225,82,113,130,130,140,140,235,235,245,344,356,368,223,223,237,253,277,277,7,7,7,39,39,39],"floor_reached":33,"playtime":2108,"items_purged":["Strike_G"],"score":372,"play_id":"14194304-ea87-4e85-9599-ccfaa9df5901","local_time":"20190124000520","is_ascension_mode":true,"campfire_choices":[{"data":"Crippling Poison","floor":13,"key":"SMITH"},{"data":"Dagger Spray","floor":15,"key":"SMITH"},{"data":"Deadly Poison","floor":23,"key":"SMITH"},{"data":"After Image","floor":29,"key":"SMITH"},{"data":"Footwork","floor":32,"key":"SMITH"}],"neow_cost":"NONE","seed_source_timestamp":71259568112803,"circlet_count":0,"master_deck":["Defend_G","Defend_G","Defend_G","Defend_G","Defend_G","Survivor","Neutralize+1","Crippling Poison+1","Dash","Dagger Spray+1","Backstab","Bouncing Flask","Flying Knee","Deadly Poison+1","Dark Shackles","Dagger Spray+1","Dodge and Roll","Flying Knee+1","Riddle With Holes+1","After Image+1","Sucker Punch+1","Cloak And Dagger","Footwork+1","Blur","Cloak And Dagger","Bite+1","Bite+1","Bite+1","Bite+1","Bite+1","Envenom","Deadly Poison","Backflip"],"relics":["Ring of the Serpent","Bottled Lightning","Paper Crane","Molten Egg 2","Ninja Scroll","Regal Pillow","Matryoshka"],"potions_floor_usage":[6,8,11,16,16,31,33],"damage_taken":[{"damage":0,"enemies":"Cultist","floor":1,"turns":3},{"damage":1,"enemies":"2 Louse","floor":2,"turns":3},{"damage":0,"enemies":"Small Slimes","floor":4,"turns":3},{"damage":3,"enemies":"Looter","floor":5,"turns":3},{"damage":27,"enemies":"Lagavulin","floor":6,"turns":8},{"damage":0,"enemies":"2 Fungi Beasts","floor":7,"turns":4},{"damage":4,"enemies":"Gremlin Nob","floor":8,"turns":4},{"damage":7,"enemies":"Lagavulin","floor":11,"turns":6},{"damage":0,"enemies":"Large Slime","floor":12,"turns":3},{"damage":0,"enemies":"Blue Slaver","floor":14,"turns":2},{"damage":17,"enemies":"Slime Boss","floor":16,"turns":7},{"damage":1,"enemies":"2 Thieves","floor":18,"turns":4},{"damage":0,"enemies":"Chosen","floor":20,"turns":4},{"damage":0,"enemies":"Centurion and Healer","floor":21,"turns":5},{"damage":3,"enemies":"Snake Plant","floor":24,"turns":5},{"damage":1,"enemies":"3 Cultists","floor":25,"turns":5},{"damage":13,"enemies":"Slavers","floor":31,"turns":5},{"damage":57,"enemies":"Automaton","floor":33,"turns":6}],"seed_played":"-4658790930111510412","potions_obtained":[{"floor":0,"key":"Block Potion"},{"floor":0,"key":"SneckoOil"},{"floor":0,"key":"Explosive Potion"},{"floor":1,"key":"GhostInAJar"},{"floor":6,"key":"Explosive Potion"},{"floor":8,"key":"Regen Potion"},{"floor":16,"key":"SpeedPotion"},{"floor":24,"key":"Strength Potion"},{"floor":31,"key":"Fruit Juice"}],"is_trial":false,"path_per_floor":["M","M","?","M","M","E","M","E","T","$","E","M","R","M","R","B",null,"M","?","M","M","$","R","M","M","T","?","$","R","$","E","R","B"],"character_chosen":"THE_SILENT","items_purchased":["Dark Shackles","Dagger Spray+1","Footwork","Envenom","LiquidBronze","Deadly Poison"],"campfire_rested":0,"item_purchase_floors":[10,10,22,28,28,28],"current_hp_per_floor":[70,69,69,69,66,39,39,35,35,35,43,43,43,43,43,26,70,69,69,69,69,69,69,66,65,65,49,49,49,49,50,50,0],"gold":39,"neow_bonus":"THREE_SMALL_POTIONS","is_prod":false,"is_daily":false,"chose_seed":false,"campfire_upgraded":5,"win_rate":0,"timestamp":1548306320,"path_taken":["M","?","?","M","M","E","M","E","T","$","E","M","R","?","R","BOSS","M","?","M","M","$","R","M","M","T","?","$","R","$","E","R","BOSS"],"build_version":"2019-01-23","purchased_purges":1,"victory":false,"max_hp_per_floor":[70,70,70,70,70,70,70,70,70,70,70,70,70,70,70,70,70,70,70,70,70,70,70,70,70,70,49,49,49,49,54,54,54],"card_choices":[{"not_picked":["Outmaneuver","Bouncing Flask"],"picked":"Crippling Poison","floor":1},{"not_picked":["Bouncing Flask","Outmaneuver"],"picked":"Dash","floor":2},{"not_picked":["Distraction","PiercingWail"],"picked":"Dagger Spray","floor":4},{"not_picked":["Escape Plan","Acrobatics"],"picked":"Backstab","floor":5},{"not_picked":["Eviscerate","Flying Knee"],"picked":"Bouncing Flask","floor":6},{"not_picked":["Endless Agony","Prepared"],"picked":"Flying Knee","floor":7},{"not_picked":["Heel Hook","Tactician"],"picked":"Deadly Poison","floor":8},{"not_picked":["Dagger Throw+1","Burst"],"picked":"Dodge and Roll","floor":11},{"not_picked":["Dagger Throw+1","Prepared"],"picked":"Flying Knee+1","floor":12},{"not_picked":["Outmaneuver","Acrobatics"],"picked":"Riddle With Holes+1","floor":14},{"not_picked":["Venomology","Phantasmal Killer"],"picked":"After Image","floor":16},{"not_picked":["Endless Agony+1","Masterful Stab+1"],"picked":"Sucker Punch+1","floor":18},{"not_picked":["Finisher+1","Calculated Gamble"],"picked":"Cloak And Dagger","floor":20},{"not_picked":["Prepared","Choke+1","Flechettes+1"],"picked":"SKIP","floor":21},{"not_picked":["Outmaneuver","Underhanded Strike+1"],"picked":"Blur","floor":24},{"not_picked":["Flying Knee+1","Dagger Spray+1"],"picked":"Cloak And Dagger","floor":25},{"not_picked":["Outmaneuver+1","Unload+1"],"picked":"Backflip","floor":31}],"player_experience":1400212,"relics_obtained":[{"floor":6,"key":"Bottled Lightning"},{"floor":8,"key":"Paper Crane"},{"floor":9,"key":"Molten Egg 2"},{"floor":11,"key":"Ninja Scroll"},{"floor":26,"key":"Regal Pillow"},{"floor":31,"key":"Matryoshka"}],"event_choices":[{"damage_healed":0,"gold_gain":0,"player_choice":"Forge","damage_taken":0,"max_hp_gain":0,"max_hp_loss":0,"event_name":"Accursed Blacksmith","floor":3,"gold_loss":0,"cards_upgraded":["Neutralize"]},{"damage_healed":0,"gold_gain":99,"player_choice":"Stole From Cult","damage_taken":0,"max_hp_gain":0,"max_hp_loss":0,"event_name":"Nest","floor":19,"gold_loss":0},{"damage_healed":0,"gold_gain":0,"player_choice":"Became a vampire","damage_taken":0,"max_hp_gain":0,"max_hp_loss":21,"event_name":"Vampires","floor":27,"gold_loss":0,"cards_obtained":["Bite","Bite","Bite","Bite","Bite"]}],"is_beta":false,"boss_relics":[{"not_picked":["Tiny House","Orrery"],"picked":"Ring of the Serpent"}],"items_purged_floors":[22],"is_endless":false,"potions_floor_spawned":[1,4,6,8,16,24,31],"killed_by":"Automaton","ascension_level":4}