{"gold_per_floor":[17,27,40,51,66,66,66,66,66,100,21,40,40,40,40,161,161,186,27,27,41,57,92,92,92],"floor_reached":25,"playtime":2299,"items_purged":[],"score":273,"play_id":"e41f7bfc-f724-486f-a810-4b9a7b718da4","local_time":"20190402180842","is_ascension_mode":true,"campfire_choices":[{"data":"Rupture","floor":6.0,"key":"SMITH"},{"data":"Rupture","floor":8.0,"key":"SMITH"},{"floor":15.0,"key":"REST"},{"data":"Rupture","floor":24.0,"key":"SMITH"}],"neow_cost":"NO_GOLD","seed_source_timestamp":0,"circlet_count":0,"master_deck":["Strike_R","Strike_R","Strike_R","Defend_R","Defend_R","Defend_R","Defend_R","Combust","Rupture+1","Rupture+1","Pommel Strike","Hemokinesis","Shrug It Off","Barricade","Parasite","Brutality","Headbutt+1","Spot Weakness+1","Impervious+1","Heavy Blade+1","Rupture+1","Bloodletting","Armaments","Spot Weakness","Heavy Blade","Feed"],"special_seed":0,"relics":["Burning Blood","Golden Idol","Blue Candle","Magic Flower","Self Forming Clay","Astrolabe","Ginger"],"potions_floor_usage":[],"damage_taken":[{"damage":5.0,"enemies":"Small Slimes","floor":1.0,"turns":5.0},{"damage":10.0,"enemies":"Jaw Worm","floor":2.0,"turns":5.0},{"damage":3.0,"enemies":"Cultist","floor":3.0,"turns":4.0},{"damage":4.0,"enemies":"Exordium Wildlife","floor":4.0,"turns":4.0},{"damage":27.0,"enemies":"Exordium Thugs","floor":5.0,"turns":4.0},{"damage":33.0,"enemies":"Lagavulin","floor":10.0,"turns":5.0},{"damage":11.0,"enemies":"Lots of Slimes","floor":12.0,"turns":5.0},{"damage":47.0,"enemies":"The Guardian","floor":16.0,"turns":9.0},{"damage":30.0,"enemies":"Chosen","floor":18.0,"turns":6.0},{"damage":16.0,"enemies":"3 Byrds","floor":21.0,"turns":3.0},{"damage":31.0,"enemies":"Cultist and Chosen","floor":22.0,"turns":6.0},{"damage":37.0,"enemies":"Gremlin Leader","floor":23.0,"turns":6.0},{"damage":32,"enemies":"Slavers","floor":25,"turns":1}],"seed_played":"-2320790158970343103","potions_obtained":[{"floor":3.0,"key":"FearPotion"},{"floor":10.0,"key":"BloodPotion"},{"floor":16.0,"key":"Explosive Potion"},{"floor":22.0,"key":"PowerPotion"}],"is_trial":false,"path_per_floor":["M","M","M","M","M","R","?","R","T","E","$","M","?","?","R","B",null,"M","$","?","M","M","E","R","E"],"character_chosen":"IRONCLAD","items_purchased":["Shrug It Off","Wild Strike","Rupture","Bloodletting","Armaments"],"campfire_rested":1,"item_purchase_floors":[11,11,19,19,19],"current_hp_per_floor":[80,76,79,80,59,59,39,39,39,12,12,22,15,35,59,21,80,59,59,80,73,51,23,23,0],"gold":92,"neow_bonus":"TRANSFORM_TWO_CARDS","is_prod":false,"is_daily":false,"chose_seed":false,"campfire_upgraded":3,"win_rate":0,"timestamp":1554242922,"path_taken":["M","M","M","M","M","R","?","R","T","E","$","M","?","?","R","BOSS","M","$","?","M","?","E","R","E"],"build_version":"2019-01-23","purchased_purges":0,"victory":false,"max_hp_per_floor":[80,80,80,80,80,80,80,80,80,80,80,80,80,80,80,80,80,80,80,80,80,80,80,80,80],"card_choices":[{"not_picked":["Armaments","Perfected Strike"],"picked":"Rupture","floor":1.0},{"not_picked":["Warcry","Clothesline"],"picked":"Rupture","floor":2.0},{"not_picked":["Cleave","Flex"],"picked":"Pommel Strike","floor":3.0},{"not_picked":["Heavy Blade","Flex"],"picked":"Hemokinesis","floor":4.0},{"not_picked":["Sword Boomerang","Havoc","Clash"],"picked":"SKIP","floor":5.0},{"not_picked":["Havoc","Fire Breathing"],"picked":"Infernal Blade","floor":10.0},{"not_picked":["Havoc","Iron Wave"],"picked":"Barricade","floor":12.0},{"not_picked":["Fiend Fire","Impervious"],"picked":"Brutality","floor":16.0},{"not_picked":["Intimidate","Burning Pact+1"],"picked":"Heavy Blade+1","floor":18.0},{"not_picked":["Havoc","Armaments"],"picked":"Spot Weakness","floor":21.0},{"not_picked":["Fire Breathing","Twin Strike+1"],"picked":"Heavy Blade","floor":22.0},{"not_picked":["Armaments","Thunderclap"],"picked":"Feed","floor":23.0}],"player_experience":185123,"relics_obtained":[{"floor":9.0,"key":"Blue Candle"},{"floor":10.0,"key":"Magic Flower"},{"floor":23.0,"key":"Ginger"}],"event_choices":[{"damage_healed":0.0,"max_hp_gain":0.0,"max_hp_loss":0.0,"gold_gain":0.0,"event_name":"Golden Idol","player_choice":"Take Damage","floor":7.0,"gold_loss":0.0,"damage_taken":20.0,"relics_obtained":["Golden Idol"]},{"damage_healed":0.0,"max_hp_gain":0.0,"max_hp_loss":0.0,"gold_gain":0.0,"event_name":"Scrap Ooze","player_choice":"Success","floor":13.0,"gold_loss":0.0,"damage_taken":7.0,"relics_obtained":["Self Forming Clay"]},{"damage_healed":20.0,"max_hp_gain":0.0,"max_hp_loss":0.0,"gold_gain":0.0,"event_name":"Mushrooms","player_choice":"Healed and dodged fight","floor":14.0,"gold_loss":0.0,"damage_taken":0.0,"cards_obtained":["Parasite"]},{"cards_removed":["Second Wind"],"damage_healed":21.0,"max_hp_gain":0.0,"max_hp_loss":0.0,"gold_gain":0.0,"event_name":"Bonfire Elementals","player_choice":"Offered Uncommon","floor":20.0,"gold_loss":0.0,"damage_taken":0.0}],"is_beta":false,"boss_relics":[{"not_picked":["Mark of Pain","Fusion Hammer"],"picked":"Astrolabe"}],"items_purged_floors":[],"is_endless":false,"potions_floor_spawned":[3,10,16,22],"killed_by":"Slavers","ascension_level":2}