{"gold_per_floor":[117,129,142,154,79,108,108,118,118,148,203,228,82,95,95,199,199,215,215,9,27,39,64,64,11,34,48,48,48,79,93,93,196,196,211,222,234,252,252,252,282,282,306,336,336,87,102,118,118,118],"floor_reached":51,"playtime":4325,"items_purged":["Anger","Bash","Fire Breathing"],"score":898,"play_id":"68049d31-5a0b-422b-a1f7-51158ce98451","local_time":"20190503052940","is_ascension_mode":true,"campfire_choices":[{"floor":7.0,"key":"REST"},{"data":"Rampage","floor":15.0,"key":"SMITH"},{"floor":24.0,"key":"REST"},{"data":"Corruption","floor":29.0,"key":"SMITH"},{"data":"Heavy Blade","floor":32.0,"key":"SMITH"},{"data":"Demon Form","floor":40.0,"key":"SMITH"},{"data":"Seeing Red","floor":49,"key":"SMITH"}],"neow_cost":"NONE","seed_source_timestamp":49865168148327,"circlet_count":0,"master_deck":["Shrug It Off","Immolate","Flex","Corruption+1","Evolve","Offering+1","Power Through","Inflame","Heavy Blade+1","Rampage+1","Shrug It Off","Shrug It Off","Demon Form+1","Seeing Red+1","Evolve","Headbutt","Shrug It Off","Shrug It Off","Spot Weakness","Reaper","Burning Pact+1","Reaper"],"special_seed":0,"relics":["Pandora\u0027s Box","Incense Burner","Bird Faced Urn","Meat on the Bone","Nunchaku","Centennial Puzzle","White Beast Statue","Lantern","Ancient Tea Set","Anchor","Mark of Pain","Frozen Egg 2","Regal Pillow","Gremlin Horn","Ornamental Fan"],"potions_floor_usage":[47,47,50,50],"damage_taken":[{"damage":6.0,"enemies":"Cultist","floor":1.0,"turns":2.0},{"damage":0.0,"enemies":"2 Louse","floor":2.0,"turns":1.0},{"damage":6.0,"enemies":"Jaw Worm","floor":3.0,"turns":2.0},{"damage":6.0,"enemies":"Gremlin Gang","floor":4.0,"turns":2.0},{"damage":39.0,"enemies":"Lagavulin","floor":6.0,"turns":6.0},{"damage":0.0,"enemies":"2 Fungi Beasts","floor":8.0,"turns":3.0},{"damage":28.0,"enemies":"Gremlin Nob","floor":10.0,"turns":5.0},{"damage":12.0,"enemies":"Gremlin Nob","floor":11.0,"turns":5.0},{"damage":15.0,"enemies":"3 Sentries","floor":12.0,"turns":3.0},{"damage":3.0,"enemies":"Lots of Slimes","floor":14.0,"turns":2.0},{"damage":26.0,"enemies":"Hexaghost","floor":16.0,"turns":6.0},{"damage":14.0,"enemies":"2 Thieves","floor":18.0,"turns":3.0},{"damage":33.0,"enemies":"Shell Parasite","floor":21.0,"turns":6.0},{"damage":32.0,"enemies":"Shelled Parasite and Fungi","floor":22.0,"turns":6.0},{"damage":19.0,"enemies":"Book of Stabbing","floor":23.0,"turns":5.0},{"damage":6.0,"enemies":"3 Cultists","floor":27.0,"turns":3.0},{"damage":1.0,"enemies":"Slavers","floor":30.0,"turns":3.0},{"damage":16.0,"enemies":"Snecko","floor":31.0,"turns":4.0},{"damage":17.0,"enemies":"Collector","floor":33.0,"turns":6.0},{"damage":18.0,"enemies":"3 Shapes","floor":35.0,"turns":5.0},{"damage":14.0,"enemies":"Orb Walker","floor":36.0,"turns":4.0},{"damage":27.0,"enemies":"Writhing Mass","floor":37.0,"turns":6.0},{"damage":59.0,"enemies":"Maw","floor":38.0,"turns":8.0},{"damage":30.0,"enemies":"Nemesis","floor":41.0,"turns":5.0},{"damage":1.0,"enemies":"Reptomancer","floor":44.0,"turns":4.0},{"damage":16,"enemies":"Transient","floor":47,"turns":5},{"damage":6,"enemies":"3 Darklings","floor":48,"turns":2},{"damage":68,"enemies":"Time Eater","floor":50,"turns":8}],"seed_played":"-1371622127747193766","potions_obtained":[{"floor":2.0,"key":"LiquidBronze"},{"floor":3.0,"key":"Swift Potion"},{"floor":6.0,"key":"Fire Potion"},{"floor":11.0,"key":"BloodPotion"},{"floor":14.0,"key":"Poison Potion"},{"floor":18.0,"key":"Fire Potion"},{"floor":21.0,"key":"AttackPotion"},{"floor":22.0,"key":"PowerPotion"},{"floor":23.0,"key":"Block Potion"},{"floor":27.0,"key":"Explosive Potion"},{"floor":30.0,"key":"SteroidPotion"},{"floor":31.0,"key":"Fire Potion"},{"floor":33.0,"key":"BloodPotion"},{"floor":35.0,"key":"Weak Potion"},{"floor":36.0,"key":"Regen Potion"},{"floor":37.0,"key":"SpeedPotion"},{"floor":38.0,"key":"Explosive Potion"},{"floor":41.0,"key":"SteroidPotion"},{"floor":44.0,"key":"Energy Potion"},{"floor":47,"key":"AttackPotion"},{"floor":48,"key":"Fire Potion"}],"is_trial":false,"path_per_floor":["M","M","M","M","$","E","R","M","T","E","?","E","$","M","R","B",null,"M","?","$","M","M","E","R","$","T","M","?","R","E","M","R","B",null,"M","M","M","M","?","R","E","?","T","E","?","$","M","M","R","B",null],"character_chosen":"IRONCLAD","items_purchased":["Shrug It Off","Seeing Red","Shrug It Off","Ornamental Fan"],"campfire_rested":2,"item_purchase_floors":[13,20,25,46],"current_hp_per_floor":[74,74,68,62,62,23,47,47,47,31,43,42,42,41,41,39,80,66,66,66,41,29,30,54,54,54,54,80,80,80,68,68,63,80,80,68,66,44,44,44,37,37,37,80,80,80,80,80,80,52],"gold":118,"neow_bonus":"BOSS_RELIC","is_prod":false,"is_daily":false,"chose_seed":false,"campfire_upgraded":5,"win_rate":0,"timestamp":1556875780,"path_taken":["M","M","M","M","$","E","R","?","T","E","?","E","$","M","R","BOSS","M","?","$","M","?","E","R","$","T","M","?","R","E","M","R","BOSS","M","?","M","M","?","R","E","?","T","E","?","$","M","?","R","BOSS"],"build_version":"2019-01-23","purchased_purges":3,"victory":true,"max_hp_per_floor":[80,80,80,80,80,80,80,80,80,80,80,80,80,80,80,80,80,80,80,80,80,80,80,80,80,80,80,80,80,80,80,80,80,80,80,80,80,80,80,80,80,80,80,80,80,80,80,80,80,80],"card_choices":[{"not_picked":["Shrug It Off","Wild Strike","Twin Strike"],"picked":"SKIP","floor":1.0},{"not_picked":["Blood for Blood","Sword Boomerang"],"picked":"Power Through","floor":2.0},{"not_picked":["Heavy Blade","Sword Boomerang","Headbutt"],"picked":"SKIP","floor":3.0},{"not_picked":["Twin Strike","Clothesline"],"picked":"Inflame","floor":4.0},{"not_picked":["Havoc","Fire Breathing"],"picked":"Rupture","floor":6.0},{"not_picked":["Twin Strike","Second Wind"],"picked":"Cleave","floor":8.0},{"not_picked":["Bloodletting","Shrug It Off"],"picked":"Heavy Blade","floor":10.0},{"not_picked":["Clothesline","Iron Wave"],"picked":"Rampage","floor":11.0},{"not_picked":["Heavy Blade","Sword Boomerang","Power Through"],"picked":"SKIP","floor":12.0},{"not_picked":["Offering","Wild Strike"],"picked":"Shrug It Off","floor":14.0},{"not_picked":["Exhume","Immolate"],"picked":"Demon Form","floor":16.0},{"not_picked":["Metallicize","Twin Strike+1","Wild Strike"],"picked":"SKIP","floor":18.0},{"not_picked":["Armaments","Thunderclap"],"picked":"Evolve","floor":21.0},{"not_picked":["Rupture","Hemokinesis"],"picked":"Headbutt","floor":22.0},{"not_picked":["Dual Wield","Entrench"],"picked":"Shrug It Off","floor":23.0},{"not_picked":["Feed","Anger+1"],"picked":"Spot Weakness","floor":27.0},{"not_picked":["Anger","Warcry","Blood for Blood"],"picked":"SKIP","floor":30.0},{"not_picked":["Metallicize","Intimidate","Sword Boomerang"],"picked":"SKIP","floor":31.0},{"not_picked":["Impervious","Fiend Fire"],"picked":"Reaper","floor":33.0},{"not_picked":["Shockwave+1","Thunderclap","Havoc"],"picked":"SKIP","floor":35.0},{"not_picked":["Pommel Strike+1","Shockwave","Clothesline"],"picked":"SKIP","floor":36.0},{"not_picked":["Spot Weakness","Clothesline"],"picked":"Burning Pact+1","floor":37.0},{"not_picked":["Dual Wield","Perfected Strike+1","Wild Strike"],"picked":"SKIP","floor":38.0},{"not_picked":["Wild Strike+1","Havoc"],"picked":"Reaper","floor":41.0},{"not_picked":["Corruption+1","Bloodletting","Clash+1"],"picked":"SKIP","floor":44.0},{"not_picked":["Bloodletting+1","Havoc+1","Anger"],"picked":"SKIP","floor":47},{"not_picked":["Clothesline","Twin Strike+1","Iron Wave"],"picked":"SKIP","floor":48}],"player_experience":190297,"relics_obtained":[{"floor":6.0,"key":"Incense Burner"},{"floor":9.0,"key":"Bird Faced Urn"},{"floor":10.0,"key":"Meat on the Bone"},{"floor":12.0,"key":"Centennial Puzzle"},{"floor":23.0,"key":"Lantern"},{"floor":26.0,"key":"Ancient Tea Set"},{"floor":30.0,"key":"Anchor"},{"floor":41.0,"key":"Frozen Egg 2"},{"floor":43.0,"key":"Regal Pillow"},{"floor":44.0,"key":"Gremlin Horn"}],"event_choices":[{"damage_healed":0.0,"max_hp_gain":0.0,"max_hp_loss":0.0,"gold_gain":0.0,"event_name":"Dead Adventurer","player_choice":"Searched \u00273\u0027 times","floor":11.0,"gold_loss":0.0,"damage_taken":0.0,"relics_obtained":["Nunchaku"]},{"damage_healed":0.0,"max_hp_gain":0.0,"max_hp_loss":0.0,"gold_gain":0.0,"event_name":"Accursed Blacksmith","player_choice":"Forge","floor":19.0,"gold_loss":0.0,"damage_taken":0.0,"cards_upgraded":["Offering"]},{"cards_removed":["Fire Breathing"],"damage_healed":26.0,"max_hp_gain":0.0,"max_hp_loss":0.0,"gold_gain":0.0,"event_name":"Bonfire Elementals","player_choice":"Offered Uncommon","floor":28.0,"gold_loss":0.0,"damage_taken":0.0},{"cards_removed":["Rupture"],"damage_healed":0.0,"max_hp_gain":0.0,"max_hp_loss":0.0,"gold_gain":0.0,"event_name":"Falling","player_choice":"Removed Power","floor":39.0,"gold_loss":0.0,"damage_taken":0.0},{"damage_healed":0.0,"max_hp_gain":0.0,"max_hp_loss":0.0,"gold_gain":0.0,"event_name":"Mysterious Sphere","player_choice":"Ignored","floor":42.0,"gold_loss":0.0,"damage_taken":0.0},{"cards_removed":["Cleave"],"damage_healed":0.0,"max_hp_gain":0.0,"max_hp_loss":0.0,"gold_gain":0.0,"event_name":"Purifier","player_choice":"Purged","floor":45.0,"gold_loss":0.0,"damage_taken":0.0}],"is_beta":false,"boss_relics":[{"not_picked":["Calling Bell","Coffee Dripper"],"picked":"White Beast Statue"},{"not_picked":["Sozu","Fusion Hammer"],"picked":"Mark of Pain"}],"items_purged_floors":[5,13,20],"is_endless":false,"potions_floor_spawned":[2,3,6,11,14,18,21,22,23,27,30,31,33,35,36,37,38,41,44,47,48],"ascension_level":2}