{"gold_per_floor":[119,194,119,43,43,43,75,91,91,123,143,143,153,15,15,94,94,113,113,113,130,149,149,179,179,179,193,210,210,210,238,238,238],"floor_reached":33,"playtime":1715,"items_purged":[],"score":651,"play_id":"8437a062-a64f-4047-9147-3113662fd09e","local_time":"20190615220819","is_ascension_mode":true,"campfire_choices":[{"data":"Armaments","floor":6.0,"key":"SMITH"},{"data":"Corruption","floor":12.0,"key":"SMITH"},{"data":"Clothesline","floor":15.0,"key":"SMITH"},{"data":"Double Tap","floor":23,"key":"SMITH"},{"floor":25,"key":"REST"},{"floor":30,"key":"REST"},{"floor":32,"key":"REST"}],"neow_cost":"NONE","seed_source_timestamp":0,"circlet_count":0,"master_deck":["AscendersBane","Strike_R","Strike_R","Strike_R","Defend_R","Defend_R","Defend_R","Defend_R","Bash","Armaments+1","Rampage","Shrug It Off","Twin Strike","Corruption+1","True Grit","Carnage","Clothesline+1","Double Tap+1","Metallicize","Cleave","Feel No Pain","Reaper","Clumsy","Heavy Blade","Shockwave"],"special_seed":0,"relics":["Burning Blood","NeowsBlessing","Bronze Scales","Art of War","Juzu Bracelet","Cursed Key","Nunchaku","Anchor","Question Card","Spirit Poop","Centennial Puzzle"],"potions_floor_usage":[22,33],"damage_taken":[{"damage":0.0,"enemies":"Cultist","floor":1.0,"turns":1.0},{"damage":0.0,"enemies":"3 Sentries","floor":7.0,"turns":2.0},{"damage":0.0,"enemies":"Jaw Worm","floor":8.0,"turns":1.0},{"damage":0.0,"enemies":"Lagavulin","floor":10.0,"turns":7.0},{"damage":1.0,"enemies":"2 Louse","floor":11.0,"turns":2.0},{"damage":11.0,"enemies":"Blue Slaver","floor":13.0,"turns":4.0},{"damage":46.0,"enemies":"Hexaghost","floor":16.0,"turns":11.0},{"damage":8,"enemies":"Shell Parasite","floor":18,"turns":5},{"damage":9,"enemies":"Spheric Guardian","floor":21,"turns":4},{"damage":0,"enemies":"Centurion and Healer","floor":22,"turns":4},{"damage":68,"enemies":"Book of Stabbing","floor":24,"turns":6},{"damage":12,"enemies":"Cultist and Chosen","floor":27,"turns":8},{"damage":13,"enemies":"Snake Plant","floor":28,"turns":4},{"damage":48,"enemies":"Slavers","floor":31,"turns":6},{"damage":52,"enemies":"Automaton","floor":33,"turns":6}],"seed_played":"2076060092821779347","potions_obtained":[{"floor":1.0,"key":"PowerPotion"},{"floor":8.0,"key":"BloodPotion"},{"floor":11.0,"key":"FairyPotion"},{"floor":31,"key":"Block Potion"}],"is_trial":false,"path_per_floor":["M","?","?","$","?","R","E","M","T","E","M","R","M","$","R","B",null,"M","?","?","M","M","R","E","R","T","M","M","?","R","E","R","B"],"character_chosen":"IRONCLAD","items_purchased":["Rampage","Carnage","Clothesline"],"campfire_rested":3,"item_purchase_floors":[4,14,14],"current_hp_per_floor":[74,63,63,63,56,56,62,68,68,74,75,75,70,70,70,30,64,62,62,62,59,72,72,10,32,32,30,23,23,45,22,44,0],"gold":238,"neow_bonus":"THREE_ENEMY_KILL","is_prod":false,"is_daily":false,"chose_seed":false,"campfire_upgraded":4,"win_rate":0,"timestamp":1560661699,"path_taken":["M","?","?","$","?","R","E","M","T","E","M","R","M","$","R","BOSS","M","?","?","M","M","R","E","R","T","M","M","?","R","E","R","BOSS"],"build_version":"2019-01-23","purchased_purges":0,"victory":false,"max_hp_per_floor":[75,75,75,75,75,75,75,75,75,75,75,75,75,75,75,75,75,75,75,75,75,75,75,75,75,75,75,75,75,75,75,75,75],"card_choices":[{"not_picked":["Seeing Red","Warcry"],"picked":"Armaments","floor":1.0},{"not_picked":["Clothesline","Second Wind"],"picked":"Shrug It Off","floor":7.0},{"not_picked":["Body Slam","Warcry"],"picked":"Twin Strike","floor":8.0},{"not_picked":["Flex","Headbutt"],"picked":"Corruption","floor":10.0},{"not_picked":["Power Through","Fire Breathing"],"picked":"True Grit","floor":11.0},{"not_picked":["Iron Wave","Second Wind","Perfected Strike"],"picked":"SKIP","floor":13.0},{"not_picked":["Berserk","Brutality"],"picked":"Double Tap","floor":16.0},{"not_picked":["Pommel Strike","Twin Strike"],"picked":"Metallicize","floor":18},{"not_picked":["Havoc+1","Fire Breathing"],"picked":"Cleave","floor":21},{"not_picked":["Rupture+1","Entrench"],"picked":"Feel No Pain","floor":22},{"not_picked":["Anger","Twin Strike+1"],"picked":"Reaper","floor":24},{"not_picked":["Sword Boomerang","Armaments","Clash"],"picked":"Heavy Blade","floor":27},{"not_picked":["Clothesline","Dual Wield","Havoc"],"picked":"Shockwave","floor":28},{"not_picked":["Havoc+1","Sword Boomerang+1","Hemokinesis","Anger"],"picked":"SKIP","floor":31}],"player_experience":533368,"relics_obtained":[{"floor":7.0,"key":"Bronze Scales"},{"floor":9.0,"key":"Art of War"},{"floor":10.0,"key":"Juzu Bracelet"},{"floor":24,"key":"Anchor"},{"floor":26,"key":"Question Card"},{"floor":31,"key":"Centennial Puzzle"}],"event_choices":[{"damage_healed":0.0,"max_hp_gain":0.0,"max_hp_loss":0.0,"gold_gain":75.0,"event_name":"World of Goop","player_choice":"Gather Gold","floor":2.0,"gold_loss":0.0,"damage_taken":11.0},{"cards_removed":["Strike_R"],"damage_healed":0.0,"max_hp_gain":0.0,"max_hp_loss":0.0,"gold_gain":0.0,"event_name":"The Cleric","player_choice":"Card Removal","floor":3.0,"gold_loss":75.0,"damage_taken":0.0},{"cards_removed":["Strike_R"],"damage_healed":0.0,"max_hp_gain":0.0,"max_hp_loss":0.0,"gold_gain":0.0,"event_name":"Golden Wing","player_choice":"Card Removal","floor":5.0,"gold_loss":0.0,"damage_taken":7.0},{"damage_healed":0,"gold_gain":0,"player_choice":"Ignored","damage_taken":0,"max_hp_gain":0,"max_hp_loss":0,"event_name":"Ghosts","floor":19,"gold_loss":0},{"damage_healed":0,"gold_gain":0,"player_choice":"Opened","damage_taken":0,"relics_obtained":["Nunchaku"],"max_hp_gain":0,"max_hp_loss":0,"event_name":"The Mausoleum","floor":20,"gold_loss":0,"cards_obtained":["Writhe"]},{"cards_removed":["Writhe"],"damage_healed":0,"gold_gain":0,"player_choice":"Offered Curse","damage_taken":0,"relics_obtained":["Spirit Poop"],"max_hp_gain":0,"max_hp_loss":0,"event_name":"Bonfire Elementals","floor":29,"gold_loss":0}],"is_beta":false,"boss_relics":[{"not_picked":["Calling Bell","Runic Pyramid"],"picked":"Cursed Key"}],"items_purged_floors":[],"is_endless":false,"potions_floor_spawned":[1,8,11,21,31],"killed_by":"Automaton","ascension_level":18}