{"gold_per_floor":[109,109,128,143,163,163,175,205,205,217,230,255,255,288,288,288],"floor_reached":16,"playtime":609,"items_purged":[],"score":160,"play_id":"82ce0ddc-ffc9-4446-a4cf-729f7ee2eefe","local_time":"20190529061305","is_ascension_mode":true,"campfire_choices":[{"data":"Cleave","floor":6.0,"key":"SMITH"},{"floor":13.0,"key":"REST"},{"floor":15,"key":"REST"}],"neow_cost":"PERCENT_DAMAGE","seed_source_timestamp":63918767774874,"circlet_count":0,"master_deck":["Strike_R","Strike_R","Strike_R","Strike_R","Defend_R","Defend_R","Defend_R","Defend_R","Bash","Cleave+1","Corruption","Shrug It Off","Burning Pact","Dropkick","Whirlwind","Sentinel","True Grit","Shrug It Off"],"special_seed":0,"relics":["Burning Blood","Turnip","Singing Bowl","Ornamental Fan","Bottled Flame"],"potions_floor_usage":[14],"damage_taken":[{"damage":0.0,"enemies":"Small Slimes","floor":1.0,"turns":3.0},{"damage":6.0,"enemies":"Cultist","floor":3.0,"turns":4.0},{"damage":7.0,"enemies":"Jaw Worm","floor":4.0,"turns":3.0},{"damage":8.0,"enemies":"2 Fungi Beasts","floor":5.0,"turns":4.0},{"damage":8.0,"enemies":"3 Louse","floor":7.0,"turns":3.0},{"damage":14.0,"enemies":"Exordium Thugs","floor":10.0,"turns":5.0},{"damage":6.0,"enemies":"Exordium Wildlife","floor":11.0,"turns":3.0},{"damage":32.0,"enemies":"3 Sentries","floor":12.0,"turns":6.0},{"damage":38,"enemies":"Lagavulin","floor":14,"turns":7},{"damage":55,"enemies":"Hexaghost","floor":16,"turns":11}],"seed_played":"-846584908339094890","potions_obtained":[{"floor":3.0,"key":"FairyPotion"},{"floor":5.0,"key":"Poison Potion"},{"floor":10.0,"key":"Fruit Juice"}],"is_trial":false,"path_per_floor":["M","?","M","M","M","R","M","?","T","M","M","E","R","E","R","B"],"character_chosen":"IRONCLAD","items_purchased":[],"campfire_rested":2,"item_purchase_floors":[],"current_hp_per_floor":[57,57,57,56,54,54,52,52,52,49,49,23,48,16,41,0],"gold":288,"neow_bonus":"ONE_RARE_RELIC","is_prod":false,"is_daily":false,"chose_seed":false,"campfire_upgraded":1,"win_rate":0,"timestamp":1559124785,"path_taken":["M","?","M","M","M","R","?","?","T","M","M","E","R","E","R","BOSS"],"build_version":"2019-01-23","purchased_purges":0,"victory":false,"max_hp_per_floor":[80,80,80,80,80,80,80,80,80,85,85,85,85,85,85,85],"card_choices":[{"not_picked":["Iron Wave","Warcry"],"picked":"Cleave","floor":1.0},{"not_picked":["Clash","Reckless Charge"],"picked":"Corruption","floor":3.0},{"not_picked":["Thunderclap","Pummel"],"picked":"Shrug It Off","floor":4.0},{"not_picked":["Twin Strike","Headbutt"],"picked":"Burning Pact","floor":5.0},{"not_picked":["Dual Wield","Body Slam"],"picked":"Dropkick","floor":7.0},{"not_picked":["Clash","Inflame"],"picked":"Whirlwind","floor":10.0},{"not_picked":["Body Slam","Anger"],"picked":"Sentinel","floor":11.0},{"not_picked":["Evolve","Iron Wave"],"picked":"True Grit","floor":12.0},{"not_picked":["Clothesline","Berserk"],"picked":"Shrug It Off","floor":14}],"player_experience":296706,"relics_obtained":[{"floor":9.0,"key":"Singing Bowl"},{"floor":12.0,"key":"Ornamental Fan"},{"floor":14,"key":"Bottled Flame"}],"event_choices":[{"cards_removed":["Strike_R"],"damage_healed":0.0,"max_hp_gain":0.0,"max_hp_loss":0.0,"gold_gain":0.0,"event_name":"Bonfire Elementals","player_choice":"Offered Basic","floor":2.0,"gold_loss":0.0,"damage_taken":0.0},{"damage_healed":0.0,"max_hp_gain":0.0,"max_hp_loss":0.0,"gold_gain":30.0,"event_name":"Dead Adventurer","player_choice":"Searched \u00272\u0027 times","floor":8.0,"gold_loss":0.0,"damage_taken":0.0}],"is_beta":false,"boss_relics":[],"items_purged_floors":[],"is_endless":false,"potions_floor_spawned":[3,5,10],"killed_by":"Hexaghost","ascension_level":8}