{"gold_per_floor":[118,128,148,161,161,186,186,202,202,202,202,222,222,222,222,222],"floor_reached":16,"playtime":484,"items_purged":[],"score":158,"play_id":"eef46bb6-4d77-4ae4-a343-e08762eb9465","local_time":"20190624181645","is_ascension_mode":true,"campfire_choices":[{"floor":7,"key":"REST"},{"floor":11,"key":"REST"},{"data":"Catalyst","floor":15,"key":"SMITH"}],"neow_cost":"NONE","seed_source_timestamp":223163703463935,"circlet_count":0,"master_deck":["AscendersBane","Defend_G","Defend_G","Defend_G","Defend_G","Defend_G","Strike_G","Strike_G","Strike_G","Strike_G","Strike_G","Survivor","Neutralize+1","Crippling Poison","Catalyst+1","Flying Knee","Crippling Poison","After Image","Caltrops"],"relics":["Ring of the Snake","Dead Branch","Ninja Scroll","Bottled Tornado"],"potions_floor_usage":[],"damage_taken":[{"damage":0,"enemies":"Cultist","floor":1,"turns":5},{"damage":0,"enemies":"Small Slimes","floor":2,"turns":4},{"damage":0,"enemies":"2 Louse","floor":3,"turns":2},{"damage":5,"enemies":"2 Fungi Beasts","floor":4,"turns":3},{"damage":48,"enemies":"Gremlin Nob","floor":6,"turns":5},{"damage":7,"enemies":"3 Louse","floor":8,"turns":4},{"damage":10,"enemies":"Exordium Thugs","floor":12,"turns":4}],"seed_played":"-4338293008386051436","potions_obtained":[{"floor":1,"key":"EssenceOfSteel"},{"floor":3,"key":"LiquidBronze"}],"is_trial":false,"path_per_floor":["M","M","M","M","?","E","R","M","T","?","R","M","?","?","R","B"],"character_chosen":"THE_SILENT","items_purchased":[],"campfire_rested":2,"item_purchase_floors":[],"current_hp_per_floor":[63,63,63,58,51,3,24,17,17,17,38,28,51,51,51,30],"gold":222,"neow_bonus":"UPGRADE_CARD","is_prod":false,"is_daily":false,"chose_seed":false,"campfire_upgraded":1,"win_rate":0,"timestamp":1561371405,"path_taken":["M","?","M","M","?","E","R","M","T","?","R","M","?","?","R","BOSS"],"build_version":"2019-01-23","purchased_purges":0,"victory":false,"max_hp_per_floor":[70,70,70,70,70,70,70,70,70,70,70,70,70,70,70,70],"card_choices":[{"not_picked":["Concentrate","Slice"],"picked":"Crippling Poison","floor":1},{"not_picked":["Cloak And Dagger","Quick Slash"],"picked":"Catalyst","floor":2},{"not_picked":["Underhanded Strike","Expertise"],"picked":"Flying Knee","floor":3},{"not_picked":["Slice","Sucker Punch"],"picked":"Crippling Poison","floor":4},{"not_picked":["Masterful Stab","Outmaneuver"],"picked":"After Image","floor":6},{"not_picked":["Flying Knee","Backflip","Slice"],"picked":"SKIP","floor":8},{"not_picked":["Dagger Throw","Skewer"],"picked":"Caltrops","floor":12}],"player_experience":552461,"relics_obtained":[{"floor":6,"key":"Ninja Scroll"},{"floor":9,"key":"Bottled Tornado"}],"event_choices":[{"damage_healed":0,"gold_gain":0,"player_choice":"Success","damage_taken":7,"relics_obtained":["Dead Branch"],"max_hp_gain":0,"max_hp_loss":0,"event_name":"Scrap Ooze","floor":5,"gold_loss":0},{"damage_healed":0,"gold_gain":0,"player_choice":"Ignored","damage_taken":0,"max_hp_gain":0,"max_hp_loss":0,"event_name":"Liars Game","floor":10,"gold_loss":0},{"damage_healed":23,"gold_gain":0,"player_choice":"Banana","damage_taken":0,"max_hp_gain":0,"max_hp_loss":0,"event_name":"Big Fish","floor":13,"gold_loss":0},{"damage_healed":0,"gold_gain":0,"player_choice":"Searched \u00270\u0027 times","damage_taken":0,"max_hp_gain":0,"max_hp_loss":0,"event_name":"Dead Adventurer","floor":14,"gold_loss":0}],"is_beta":false,"boss_relics":[],"items_purged_floors":[],"is_endless":false,"potions_floor_spawned":[1,3,8],"killed_by":"Slime Boss","ascension_level":11}