{"gold_per_floor":[117,117,134,152,99,99,129,129,129,156,172,172,172,191,191,266,266,284,297,317,317,242,242,253,103,103,103],"floor_reached":27,"playtime":1134,"items_purged":["Decay"],"score":368,"play_id":"5cab8d4d-1495-4069-825e-785761fffbd4","local_time":"20190625171408","is_ascension_mode":true,"campfire_choices":[{"data":"Ball Lightning","floor":6,"key":"SMITH"},{"floor":8,"key":"REST"},{"floor":13,"key":"REST"},{"data":"Glacier","floor":15,"key":"SMITH"},{"floor":23,"key":"REST"}],"neow_cost":"NONE","seed_source_timestamp":154083443175752,"circlet_count":0,"master_deck":["AscendersBane","Strike_B","Strike_B","Strike_B+1","Defend_B","Defend_B","Defend_B","Defend_B","Zap","Dualcast","Thunder Strike","Lockon+1","Ball Lightning+1","Sweeping Beam+1","Leap+1","Glacier+1","Echo Form","Recycle","Genetic Algorithm","Undo"],"relics":["Cracked Core","Gambling Chip","Potion Belt","StoneCalendar","Whetstone","Inserter","Shuriken"],"potions_floor_usage":[24,27],"damage_taken":[{"damage":11,"enemies":"Small Slimes","floor":1,"turns":4},{"damage":1,"enemies":"Cultist","floor":3,"turns":3},{"damage":2,"enemies":"Jaw Worm","floor":4,"turns":3},{"damage":25,"enemies":"Lagavulin","floor":7,"turns":5},{"damage":21,"enemies":"3 Sentries","floor":10,"turns":6},{"damage":6,"enemies":"Looter","floor":11,"turns":3},{"damage":0,"enemies":"2 Fungi Beasts","floor":14,"turns":2},{"damage":28,"enemies":"Slime Boss","floor":16,"turns":7},{"damage":27,"enemies":"2 Thieves","floor":18,"turns":5},{"damage":1,"enemies":"Spheric Guardian","floor":19,"turns":7},{"damage":26,"enemies":"Snake Plant","floor":20,"turns":6},{"damage":27,"enemies":"Centurion and Healer","floor":24,"turns":8},{"damage":15,"enemies":"Slavers","floor":27,"turns":1}],"seed_played":"7606808641401850288","potions_obtained":[{"floor":1,"key":"SteroidPotion"},{"floor":10,"key":"AttackPotion"},{"floor":11,"key":"SneckoOil"},{"floor":14,"key":"Poison Potion"},{"floor":18,"key":"SneckoOil"},{"floor":19,"key":"Regen Potion"},{"floor":24,"key":"SpeedPotion"}],"is_trial":false,"path_per_floor":["M","?","M","M","$","R","E","R","T","E","M","?","R","M","R","B",null,"M","M","M","?","?","R","M","$","T","E"],"character_chosen":"DEFECT","items_purchased":["Sweeping Beam","Undo"],"campfire_rested":3,"item_purchase_floors":[5,25],"current_hp_per_floor":[57,57,56,54,54,54,29,51,51,30,24,9,31,31,31,3,57,30,29,3,3,3,25,13,13,13,0],"gold":103,"neow_bonus":"ONE_RANDOM_RARE_CARD","is_prod":false,"is_daily":false,"chose_seed":false,"campfire_upgraded":2,"win_rate":0,"timestamp":1561454048,"path_taken":["M","?","M","M","$","R","E","R","T","E","?","?","R","M","R","BOSS","M","M","M","?","?","R","M","$","T","E"],"build_version":"2019-01-23","purchased_purges":1,"victory":false,"max_hp_per_floor":[75,75,75,75,75,75,75,75,75,75,75,75,75,75,75,75,75,75,75,75,75,75,75,75,75,75,75],"card_choices":[{"not_picked":["Cold Snap","Stack"],"picked":"Lockon","floor":1},{"not_picked":["Coolheaded","Go for the Eyes"],"picked":"Ball Lightning","floor":3},{"not_picked":["Reprogram","Beam Cell","Lockon"],"picked":"SKIP","floor":4},{"not_picked":["Buffer","Rip and Tear"],"picked":"Leap","floor":7},{"not_picked":["Streamline","Steam"],"picked":"Glacier","floor":10},{"not_picked":["Aggregate","Sunder","Turbo"],"picked":"SKIP","floor":11},{"not_picked":["Aggregate","Double Energy","Leap"],"picked":"SKIP","floor":14},{"not_picked":["Core Surge","Hyperbeam"],"picked":"Echo Form","floor":16},{"not_picked":["Reprogram","Leap+1"],"picked":"Recycle","floor":18},{"not_picked":["Steam","Rip and Tear"],"picked":"Genetic Algorithm","floor":19},{"not_picked":["Turbo","Redo","Ball Lightning"],"picked":"SKIP","floor":20},{"not_picked":["Beam Cell","Cold Snap","Gash"],"picked":"SKIP","floor":24}],"player_experience":795890,"relics_obtained":[{"floor":7,"key":"Potion Belt"},{"floor":9,"key":"StoneCalendar"},{"floor":10,"key":"Whetstone"},{"floor":26,"key":"Shuriken"}],"event_choices":[{"damage_healed":0,"gold_gain":0,"player_choice":"Gave Potion","damage_taken":0,"relics_obtained":["Gambling Chip"],"max_hp_gain":0,"max_hp_loss":0,"event_name":"WeMeetAgain","floor":2,"gold_loss":0},{"damage_healed":0,"gold_gain":0,"player_choice":"Entered Light","damage_taken":15,"max_hp_gain":0,"max_hp_loss":0,"event_name":"Shining Light","floor":12,"gold_loss":0,"cards_upgraded":["Strike_B","Leap"]},{"damage_healed":0,"gold_gain":0,"player_choice":"Smashed Altar","damage_taken":0,"max_hp_gain":0,"max_hp_loss":0,"event_name":"Forgotten Altar","floor":21,"gold_loss":0,"cards_obtained":["Decay"]},{"cards_removed":["Strike_B"],"damage_healed":0,"gold_gain":0,"player_choice":"Gave Gold","damage_taken":0,"max_hp_gain":0,"max_hp_loss":0,"event_name":"Beggar","floor":22,"gold_loss":75}],"is_beta":false,"boss_relics":[{"not_picked":["Nuclear Battery","Black Star"],"picked":"Inserter"}],"items_purged_floors":[25],"is_endless":false,"potions_floor_spawned":[1,10,11,14,18,19,24],"killed_by":"Slavers","ascension_level":13}