{"gold_per_floor":[218,49,65,75,85,113,113,125,176,176,176,33,49,80,80,175,175,189,189,189,138,114,114,124,156,156,182,182,182,197,24,24,24],"floor_reached":33,"playtime":1012,"items_purged":[],"score":518,"play_id":"6f168d5b-ae28-4676-a16c-68a93f07b656","local_time":"20190625182909","is_ascension_mode":true,"campfire_choices":[{"data":"Glass Knife","floor":7.0,"key":"SMITH"},{"data":"Terror","floor":10.0,"key":"SMITH"},{"data":"Dash","floor":15.0,"key":"SMITH"},{"data":"Neutralize","floor":23,"key":"SMITH"},{"data":"Backstab","floor":29,"key":"SMITH"},{"data":"Apotheosis","floor":32,"key":"SMITH"}],"neow_cost":"NONE","seed_source_timestamp":0,"circlet_count":0,"master_deck":["AscendersBane","Defend_G","Defend_G+1","Defend_G","Defend_G","Defend_G","Survivor","Neutralize+1","Dash+1","Backstab+1","Glass Knife+1","Escape Plan+1","Quick Slash","Dagger Spray","Terror+1","Adrenaline","Blur+1","Bite","Bite","Bite","Bite","Bite","PiercingWail","Flying Knee","Apotheosis+1"],"special_seed":0,"relics":["Ring of the Snake","Thread and Needle","Oddly Smooth Stone","PreservedInsect","Meat on the Bone","Black Star","War Paint","Snake Skull","Bag of Preparation","Boot","Frozen Egg 2"],"potions_floor_usage":[25,25],"damage_taken":[{"damage":1.0,"enemies":"Cultist","floor":1.0,"turns":6.0},{"damage":0.0,"enemies":"Small Slimes","floor":3.0,"turns":2.0},{"damage":0.0,"enemies":"Jaw Worm","floor":4.0,"turns":2.0},{"damage":6.0,"enemies":"Blue Slaver","floor":5.0,"turns":2.0},{"damage":16.0,"enemies":"Lagavulin","floor":6.0,"turns":6.0},{"damage":0.0,"enemies":"Exordium Wildlife","floor":8.0,"turns":2.0},{"damage":0.0,"enemies":"3 Louse","floor":13.0,"turns":3.0},{"damage":6.0,"enemies":"3 Sentries","floor":14.0,"turns":4.0},{"damage":15.0,"enemies":"The Guardian","floor":16.0,"turns":13.0},{"damage":0,"enemies":"Chosen","floor":18,"turns":3},{"damage":0,"enemies":"3 Byrds","floor":24,"turns":5},{"damage":0,"enemies":"Book of Stabbing","floor":25,"turns":2},{"damage":16,"enemies":"Slavers","floor":27,"turns":7},{"damage":0,"enemies":"Snake Plant","floor":30,"turns":4},{"damage":68,"enemies":"Collector","floor":33,"turns":9}],"seed_played":"2402495173552383931","potions_obtained":[{"floor":1.0,"key":"GhostInAJar"},{"floor":4.0,"key":"FairyPotion"},{"floor":5.0,"key":"Poison Potion"},{"floor":13.0,"key":"Weak Potion"},{"floor":18,"key":"SteroidPotion"}],"is_trial":false,"path_per_floor":["M","$","M","M","M","E","R","M","T","R","?","$","M","E","R","B",null,"M","?","?","$","$","R","M","E","T","E","?","R","M","$","R","B"],"character_chosen":"THE_SILENT","items_purchased":["Backstab","Glass Knife","PreservedInsect","PowerPotion","PiercingWail","Apotheosis"],"campfire_rested":0,"item_purchase_floors":[2,2,12,21,22,31],"current_hp_per_floor":[62,62,62,62,56,40,40,40,40,40,40,40,40,34,34,31,60,60,60,49,49,49,49,49,49,49,44,37,37,43,43,43,0],"gold":24,"neow_bonus":"HUNDRED_GOLD","is_prod":false,"is_daily":false,"chose_seed":false,"campfire_upgraded":6,"win_rate":0,"timestamp":1561458549,"path_taken":["M","$","?","?","M","E","R","?","T","R","?","$","M","E","R","BOSS","M","?","?","?","$","R","M","E","T","E","?","R","M","$","R","BOSS"],"build_version":"2019-01-23","purchased_purges":0,"victory":false,"max_hp_per_floor":[70,70,70,70,70,70,70,70,70,70,70,70,70,70,70,70,70,70,70,49,49,49,49,49,49,49,49,54,54,54,54,54,54],"card_choices":[{"not_picked":["Heel Hook","Sucker Punch"],"picked":"Dash","floor":1.0},{"not_picked":["Bouncing Flask","Distraction"],"picked":"Escape Plan","floor":3.0},{"not_picked":["Prepared","Cloak And Dagger"],"picked":"Quick Slash","floor":4.0},{"not_picked":["Bane","Blade Dance","Flechettes"],"picked":"SKIP","floor":5.0},{"not_picked":["Slice","Dodge and Roll"],"picked":"Dagger Spray","floor":6.0},{"not_picked":["Bane","Choke"],"picked":"Terror","floor":8.0},{"not_picked":["Cloak And Dagger","Prepared","Poisoned Stab"],"picked":"SKIP","floor":13.0},{"not_picked":["Phantasmal Killer","Slice","Masterful Stab"],"picked":"SKIP","floor":14.0},{"not_picked":["Phantasmal Killer","Corpse Explosion"],"picked":"Adrenaline","floor":16.0},{"not_picked":["Distraction","Riddle With Holes"],"picked":"Blur+1","floor":18},{"not_picked":["Underhanded Strike","Slice+1","Sucker Punch"],"picked":"SKIP","floor":24},{"not_picked":["Well Laid Plans+1","Catalyst"],"picked":"Flying Knee","floor":25},{"not_picked":["Slice+1","Expertise","Poisoned Stab"],"picked":"SKIP","floor":27},{"not_picked":["Underhanded Strike+1","Flechettes","Infinite Blades+1"],"picked":"SKIP","floor":30}],"player_experience":556806,"relics_obtained":[{"floor":6.0,"key":"Thread and Needle"},{"floor":9.0,"key":"Oddly Smooth Stone"},{"floor":14.0,"key":"Meat on the Bone"},{"floor":25,"key":"War Paint"},{"floor":25,"key":"Snake Skull"},{"floor":26,"key":"Bag of Preparation"},{"floor":27,"key":"Boot"},{"floor":27,"key":"Frozen Egg 2"}],"event_choices":[{"damage_healed":0.0,"max_hp_gain":0.0,"max_hp_loss":0.0,"gold_gain":0.0,"event_name":"Dead Adventurer","player_choice":"Searched \u00271\u0027 times","floor":11.0,"gold_loss":0.0,"damage_taken":0.0},{"damage_healed":0,"gold_gain":0,"player_choice":"Ignored","damage_taken":0,"max_hp_gain":0,"max_hp_loss":0,"event_name":"Ghosts","floor":19,"gold_loss":0},{"damage_healed":0,"gold_gain":0,"player_choice":"Became a vampire","damage_taken":0,"max_hp_gain":0,"max_hp_loss":21,"event_name":"Vampires","floor":20,"gold_loss":0,"cards_obtained":["Bite","Bite","Bite","Bite","Bite"]},{"damage_healed":0,"gold_gain":0,"player_choice":"Shed Blood","damage_taken":12,"max_hp_gain":5,"max_hp_loss":0,"event_name":"Forgotten Altar","floor":28,"gold_loss":0}],"is_beta":false,"boss_relics":[{"not_picked":["Coffee Dripper","Snecko Eye"],"picked":"Black Star"}],"items_purged_floors":[],"is_endless":false,"potions_floor_spawned":[1,4,5,13,18,24],"killed_by":"Collector","ascension_level":11}