{"gold_per_floor":[114,125,45,65,240,240,240,240,240,165,165,65,83,83,83,182,182,198,198,113,132,132,132,144,19,72,72,72,72,45,45,45,143,143,154,1153,1153,1153,1199,1199,1199,1199,1280,1280,1294,1294,1294,1314,1314,1314],"floor_reached":51,"playtime":1036,"items_purged":["Regret","Doubt","Writhe"],"score":725,"play_id":"c87ffcf7-38de-41b0-80e0-68992dbfa5ec","local_time":"20190611072231","is_ascension_mode":false,"campfire_choices":[{"data":"Zap","floor":6,"key":"SMITH"},{"data":"Hologram","floor":8,"key":"SMITH"},{"floor":15,"key":"DIG"},{"floor":23,"key":"DIG"},{"floor":27,"key":"DIG"},{"floor":29,"key":"DIG"},{"floor":32,"key":"REST"},{"floor":40,"key":"DIG"},{"floor":42,"key":"DIG"},{"floor":46,"key":"DIG"},{"floor":49,"key":"REST"}],"neow_cost":"NONE","seed_source_timestamp":11994109413074,"circlet_count":0,"master_deck":["Strike_B","Strike_B","Strike_B","Strike_B","Defend_B","Defend_B","Defend_B","Defend_B+1","Zap+1","Dualcast+1","Hello World+1","Hologram+1","Hello World","Electrodynamics","Thunder Strike","Heatsinks+1","Leap+1","Rebound","Conserve Battery","Necronomicurse","Rainbow","Hologram+1","Normality","Normality","Panache","Ball Lightning","Hello World"],"relics":["Runic Dome","Meat on the Bone","Shovel","Juzu Bracelet","Fusion Hammer","Mercury Hourglass","Turnip","Pear","Ancient Tea Set","Bronze Scales","Torii","Calipers","Necronomicon","Nuclear Battery","Smiling Mask","Gambling Chip","CultistMask","Ginger","Question Card","DataDisk"],"potions_floor_usage":[33,50,50],"damage_taken":[{"damage":0,"enemies":"Cultist","floor":1,"turns":3},{"damage":0,"enemies":"Small Slimes","floor":2,"turns":3},{"damage":3,"enemies":"2 Louse","floor":4,"turns":3},{"damage":0,"enemies":"2 Fungi Beasts","floor":13,"turns":1},{"damage":0,"enemies":"Slime Boss","floor":16,"turns":6},{"damage":5,"enemies":"Chosen","floor":18,"turns":4},{"damage":9,"enemies":"Shell Parasite","floor":21,"turns":4},{"damage":8,"enemies":"Colosseum Slavers","floor":22,"turns":3},{"damage":6,"enemies":"Sentry and Sphere","floor":24,"turns":6},{"damage":35,"enemies":"Automaton","floor":33,"turns":9},{"damage":8,"enemies":"Orb Walker","floor":35,"turns":3},{"damage":1,"enemies":"3 Shapes","floor":45,"turns":3},{"damage":20,"enemies":"Jaw Worm Horde","floor":48,"turns":5},{"damage":63,"enemies":"Awakened One","floor":50,"turns":16}],"seed_played":"-3970402876288145477","potions_obtained":[{"floor":13,"key":"Ancient Potion"},{"floor":16,"key":"SpeedPotion"},{"floor":18,"key":"Regen Potion"},{"floor":45,"key":"SteroidPotion"}],"is_trial":false,"path_per_floor":["M","M","$","M","?","R","?","R","T","$","?","$","M","?","R","B",null,"M","?","?","M","?","R","M","$","T","R","T","R","$","?","R","B",null,"M","?","?","?","T","R","?","R","T","?","M","R","?","M","R","B",null],"character_chosen":"DEFECT","items_purchased":["Hello World","Conserve Battery"],"campfire_rested":2,"item_purchase_floors":[3,30],"current_hp_per_floor":[75,75,75,72,72,72,72,72,72,72,57,57,57,57,57,57,75,70,70,70,61,53,63,57,57,57,57,57,57,57,41,66,46,85,77,77,77,77,77,77,77,77,77,77,76,76,76,56,80,29],"gold":1314,"neow_bonus":"BOSS_RELIC","is_prod":false,"is_daily":false,"chose_seed":false,"campfire_upgraded":2,"win_rate":0,"timestamp":1560259351,"path_taken":["M","?","$","?","?","R","?","R","T","$","?","$","M","?","R","BOSS","M","?","?","M","?","R","M","$","T","R","?","R","?","?","R","BOSS","M","?","?","?","?","R","?","R","T","?","M","R","?","M","R","BOSS"],"build_version":"2019-01-23","purchased_purges":3,"victory":true,"max_hp_per_floor":[75,75,75,75,75,75,75,75,75,75,75,75,75,75,75,75,75,75,75,75,75,75,85,85,85,85,85,85,85,85,85,85,85,85,85,85,81,81,81,81,81,81,81,81,81,81,81,81,81,81],"card_choices":[{"not_picked":["Leap","Beam Cell"],"picked":"Hello World","floor":1},{"not_picked":["Steam","Rebound"],"picked":"Hologram","floor":2},{"not_picked":["Compile Driver","Hello World"],"picked":"Electrodynamics","floor":4},{"not_picked":["Reprogram","Turbo","Beam Cell"],"picked":"SKIP","floor":13},{"not_picked":["Creative AI","Machine Learning"],"picked":"Thunder Strike","floor":16},{"not_picked":["Gash+1","Scrape"],"picked":"Heatsinks+1","floor":18},{"not_picked":["BootSequence","Hologram"],"picked":"Leap+1","floor":21},{"not_picked":["Rebound","Double Energy","Leap"],"picked":"SKIP","floor":24},{"not_picked":["Double Energy","Leap"],"picked":"Rebound","floor":24},{"not_picked":["All For One","Meteor Strike"],"picked":"Rainbow","floor":33},{"not_picked":["Steam","Stack"],"picked":"Hologram+1","floor":35},{"not_picked":["HandOfGreed","Chrysalis"],"picked":"Panache","floor":38},{"not_picked":["Steam+1","Sweeping Beam+1","Stack"],"picked":"Ball Lightning","floor":45},{"not_picked":["Reprogram","Lockon+1","Stack"],"picked":"Hello World","floor":48}],"player_experience":1483951,"relics_obtained":[{"floor":9,"key":"Shovel"},{"floor":15,"key":"Juzu Bracelet"},{"floor":23,"key":"Pear"},{"floor":26,"key":"Ancient Tea Set"},{"floor":27,"key":"Bronze Scales"},{"floor":28,"key":"Torii"},{"floor":29,"key":"Calipers"},{"floor":31,"key":"Necronomicon"},{"floor":39,"key":"Smiling Mask"},{"floor":40,"key":"Gambling Chip"},{"floor":42,"key":"Ginger"},{"floor":43,"key":"Question Card"},{"floor":46,"key":"DataDisk"}],"event_choices":[{"damage_healed":0,"gold_gain":175,"player_choice":"AGREE","damage_taken":0,"max_hp_gain":0,"max_hp_loss":0,"event_name":"Liars Game","floor":5,"gold_loss":0,"cards_obtained":["Doubt"]},{"damage_healed":0,"gold_gain":0,"player_choice":"Box","damage_taken":0,"relics_obtained":["Meat on the Bone"],"max_hp_gain":0,"max_hp_loss":0,"event_name":"Big Fish","floor":7,"gold_loss":0,"cards_obtained":["Regret"]},{"damage_healed":0,"gold_gain":0,"player_choice":"Entered Light","damage_taken":15,"max_hp_gain":0,"max_hp_loss":0,"event_name":"Shining Light","floor":11,"gold_loss":0,"cards_upgraded":["Dualcast","Defend_B"]},{"damage_healed":0,"gold_gain":0,"player_choice":"Grow","damage_taken":0,"max_hp_gain":0,"max_hp_loss":0,"event_name":"Living Wall","floor":14,"gold_loss":0,"cards_upgraded":["Hello World"]},{"damage_healed":0,"gold_gain":0,"player_choice":"Opened","damage_taken":0,"relics_obtained":["Mercury Hourglass"],"max_hp_gain":0,"max_hp_loss":0,"event_name":"The Mausoleum","floor":19,"gold_loss":0,"cards_obtained":["Writhe"]},{"damage_healed":0,"gold_gain":0,"player_choice":"Obtained Relic","damage_taken":0,"relics_obtained":["Turnip"],"max_hp_gain":0,"max_hp_loss":0,"event_name":"Addict","floor":20,"gold_loss":85},{"damage_healed":0,"gold_gain":0,"player_choice":"Fight","damage_taken":0,"max_hp_gain":0,"max_hp_loss":0,"event_name":"Colosseum","floor":22,"gold_loss":0},{"damage_healed":0,"gold_gain":0,"player_choice":"Fled From Nobs","damage_taken":0,"max_hp_gain":0,"max_hp_loss":0,"event_name":"Colosseum","floor":22,"gold_loss":0},{"damage_healed":0,"gold_gain":0,"player_choice":"Obtained Book","damage_taken":16,"max_hp_gain":0,"max_hp_loss":0,"event_name":"Cursed Tome","floor":31,"gold_loss":0},{"damage_healed":0,"gold_gain":999,"player_choice":"Gold","damage_taken":0,"max_hp_gain":0,"max_hp_loss":0,"event_name":"MindBloom","floor":36,"gold_loss":0,"cards_obtained":["Normality","Normality"]},{"damage_healed":0,"gold_gain":0,"player_choice":"Max HP","damage_taken":0,"max_hp_gain":0,"max_hp_loss":4,"event_name":"Winding Halls","floor":37,"gold_loss":0},{"damage_healed":0,"gold_gain":0,"player_choice":"Memory 1","damage_taken":0,"max_hp_gain":0,"max_hp_loss":0,"event_name":"SensoryStone","floor":38,"gold_loss":0},{"damage_healed":0,"gold_gain":0,"player_choice":"Trade","damage_taken":0,"relics_obtained":["CultistMask"],"max_hp_gain":0,"max_hp_loss":0,"event_name":"FaceTrader","floor":41,"gold_loss":0},{"damage_healed":0,"gold_gain":0,"player_choice":"Ignored","damage_taken":0,"max_hp_gain":0,"max_hp_loss":0,"event_name":"Tomb of Lord Red Mask","floor":44,"gold_loss":0},{"damage_healed":0,"gold_gain":0,"player_choice":"Ignored","damage_taken":0,"max_hp_gain":0,"max_hp_loss":0,"event_name":"Mysterious Sphere","floor":47,"gold_loss":0}],"is_beta":false,"boss_relics":[{"not_picked":["Snecko Eye","Black Star"],"picked":"Fusion Hammer"},{"not_picked":["Sozu","Calling Bell"],"picked":"Nuclear Battery"}],"items_purged_floors":[10,12,25],"is_endless":false,"potions_floor_spawned":[13,16,18,21,35,45],"ascension_level":0}