{"gold_per_floor":[369,544,119,135,151,181,181,181,257,257,283,299,299,333,333,333],"floor_reached":16,"playtime":1517,"items_purged":["Doubt"],"score":172,"play_id":"795e0fdd-3982-4cdd-869e-2120cccd78b1","local_time":"20190127014008","is_ascension_mode":true,"campfire_choices":[{"floor":8,"key":"REST"},{"floor":13,"key":"REST"},{"data":"Envenom","floor":15,"key":"SMITH"}],"neow_cost":"TEN_PERCENT_HP_LOSS","seed_source_timestamp":336741463948968,"circlet_count":0,"master_deck":["Defend_G","Defend_G","Defend_G","Defend_G","Defend_G","Strike_G","Strike_G","Strike_G","Strike_G","Survivor","Neutralize","Sucker Punch","Caltrops","Flying Knee","Quick Slash","Flying Knee","Envenom+1","Dodge and Roll","Malaise"],"relics":["Ring of the Snake","Question Card","Art of War","Kunai","Bottled Lightning","Pear"],"potions_floor_usage":[11,16,16],"damage_taken":[{"damage":0,"enemies":"Cultist","floor":1,"turns":4},{"damage":4,"enemies":"Jaw Worm","floor":4,"turns":4},{"damage":4,"enemies":"2 Louse","floor":5,"turns":4},{"damage":38,"enemies":"Lagavulin","floor":6,"turns":7},{"damage":17,"enemies":"Gremlin Nob","floor":11,"turns":4},{"damage":0,"enemies":"Exordium Wildlife","floor":12,"turns":3},{"damage":0,"enemies":"Lagavulin","floor":14,"turns":6},{"damage":42,"enemies":"Slime Boss","floor":16,"turns":14}],"seed_played":"-294998424300038753","potions_obtained":[{"floor":4,"key":"GamblersBrew"},{"floor":6,"key":"Explosive Potion"},{"floor":12,"key":"SpeedPotion"}],"is_trial":false,"path_per_floor":["M","?","$","M","M","E","?","R","T","?","E","M","R","E","R","B"],"character_chosen":"THE_SILENT","items_purchased":["Question Card","Caltrops","Flying Knee"],"campfire_rested":2,"item_purchase_floors":[3,3,3],"current_hp_per_floor":[63,63,63,59,55,17,10,28,28,28,11,11,29,39,39,0],"gold":333,"neow_bonus":"TWO_FIFTY_GOLD","is_prod":false,"is_daily":false,"chose_seed":false,"campfire_upgraded":1,"win_rate":0,"timestamp":1548571208,"path_taken":["M","?","$","M","M","E","?","R","T","?","E","?","R","E","R","BOSS"],"build_version":"2019-01-23","purchased_purges":1,"victory":false,"max_hp_per_floor":[63,63,63,63,63,63,63,63,63,63,63,63,63,73,73,73],"card_choices":[{"not_picked":["Acrobatics","Cloak And Dagger"],"picked":"Sucker Punch","floor":1},{"not_picked":["Backflip","Blade Dance","Flechettes"],"picked":"Quick Slash","floor":4},{"not_picked":["Caltrops","Slice","Escape Plan"],"picked":"Flying Knee","floor":5},{"not_picked":["Outmaneuver","Dagger Throw","Underhanded Strike"],"picked":"Envenom","floor":6},{"not_picked":["Underhanded Strike","Sucker Punch","Noxious Fumes"],"picked":"Dodge and Roll","floor":11},{"not_picked":["Flying Knee","Setup","Poisoned Stab","Accuracy"],"picked":"SKIP","floor":12},{"not_picked":["Prepared","Flying Knee","Catalyst"],"picked":"Malaise","floor":14}],"player_experience":1417684,"relics_obtained":[{"floor":6,"key":"Art of War"},{"floor":9,"key":"Kunai"},{"floor":11,"key":"Bottled Lightning"},{"floor":14,"key":"Pear"}],"event_choices":[{"damage_healed":0,"gold_gain":175,"player_choice":"AGREE","damage_taken":0,"max_hp_gain":0,"max_hp_loss":0,"event_name":"Liars Game","floor":2,"gold_loss":0,"cards_obtained":["Doubt"]},{"cards_removed":["Strike_G"],"damage_healed":0,"gold_gain":0,"player_choice":"Card Removal","damage_taken":7,"max_hp_gain":0,"max_hp_loss":0,"event_name":"Golden Wing","floor":7,"gold_loss":0},{"damage_healed":0,"gold_gain":0,"player_choice":"Searched \u00270\u0027 times","damage_taken":0,"max_hp_gain":0,"max_hp_loss":0,"event_name":"Dead Adventurer","floor":10,"gold_loss":0}],"is_beta":false,"boss_relics":[],"items_purged_floors":[3],"is_endless":false,"potions_floor_spawned":[4,6,12],"killed_by":"Slime Boss","ascension_level":4}