{"gold_per_floor":[212,40,40,54,54,54,93,93,120,151,174,174,249,27,27,121,121,142,142,161,161,84,84,84,108,108,108,108,142,142,157,157,256,256,279,279,279,19,43,43,66,191,215,140,164,64,107,107],"floor_reached":48,"playtime":1968,"items_purged":["Strike_B","Parasite"],"score":964,"play_id":"fbdcb868-5864-4d0a-bb54-5e59cd9567a9","local_time":"20190624191809","is_ascension_mode":true,"campfire_choices":[{"data":"Rip and Tear","floor":6.0,"key":"SMITH"},{"floor":8.0,"key":"REST"},{"data":"Go for the Eyes","floor":12.0,"key":"SMITH"},{"data":"Doom and Gloom","floor":15.0,"key":"SMITH"},{"floor":23.0,"key":"REST"},{"floor":28.0,"key":"REST"},{"floor":30.0,"key":"REST"},{"data":"Consume","floor":32.0,"key":"SMITH"},{"floor":40.0,"key":"REST"}],"neow_cost":"NONE","seed_source_timestamp":734370016438843,"circlet_count":0,"master_deck":["AscendersBane","Strike_B","Strike_B","Defend_B","Defend_B","Defend_B","Defend_B","Zap+1","Dualcast","Rip and Tear+1","Go for the Eyes+1","Leap","Biased Cognition","Capacitor","Doom and Gloom+1","Electrodynamics","Conserve Battery","Leap","Consume+1","Self Repair","Chaos","Echo Form","Undo","Chill","Core Surge","Defragment+1","Static Discharge","Coolheaded","Reinforced Body+1"],"special_seed":0,"relics":["Cracked Core","Lantern","Golden Idol","DataDisk","Bronze Scales","Question Card","Inserter","Bottled Tornado","Enchiridion","Ancient Tea Set","Fusion Hammer","Incense Burner","Oddly Smooth Stone"],"potions_floor_usage":[47],"damage_taken":[{"damage":6.0,"enemies":"Cultist","floor":1.0,"turns":4.0},{"damage":5.0,"enemies":"2 Louse","floor":4.0,"turns":2.0},{"damage":35.0,"enemies":"3 Sentries","floor":7.0,"turns":10.0},{"damage":8.0,"enemies":"Gremlin Nob","floor":10.0,"turns":3.0},{"damage":12.0,"enemies":"Jaw Worm","floor":11.0,"turns":2.0},{"damage":11.0,"enemies":"The Guardian","floor":16.0,"turns":7.0},{"damage":6.0,"enemies":"Spheric Guardian","floor":18.0,"turns":3.0},{"damage":20.0,"enemies":"Shell Parasite","floor":20.0,"turns":3.0},{"damage":17.0,"enemies":"Sentry and Sphere","floor":25.0,"turns":3.0},{"damage":30.0,"enemies":"Slavers","floor":29.0,"turns":2.0},{"damage":4.0,"enemies":"Centurion and Healer","floor":31.0,"turns":4.0},{"damage":33.0,"enemies":"Champ","floor":33.0,"turns":12.0},{"damage":26.0,"enemies":"3 Darklings","floor":35.0,"turns":4.0},{"damage":18.0,"enemies":"Orb Walker","floor":39.0,"turns":3.0},{"damage":18.0,"enemies":"Writhing Mass","floor":41.0,"turns":4.0},{"damage":0,"enemies":"Mind Bloom Boss Battle","floor":42,"turns":5},{"damage":0,"enemies":"4 Shapes","floor":45,"turns":2},{"damage":31,"enemies":"Reptomancer","floor":47,"turns":6},{"damage":26,"enemies":"3 Darklings","floor":48,"turns":2}],"seed_played":"-2924324290766398007","potions_obtained":[{"floor":1.0,"key":"Fruit Juice"},{"floor":7.0,"key":"Regen Potion"},{"floor":16.0,"key":"GamblersBrew"},{"floor":20.0,"key":"PowerPotion"},{"floor":25.0,"key":"Explosive Potion"},{"floor":29.0,"key":"Regen Potion"},{"floor":33.0,"key":"SteroidPotion"},{"floor":35.0,"key":"SpeedPotion"},{"floor":39.0,"key":"Fire Potion"},{"floor":45,"key":"Explosive Potion"}],"is_trial":false,"path_per_floor":["M","$","?","M","?","R","E","R","T","E","M","R","?","$","R","B",null,"M","?","M","?","$","R","?","M","T","?","R","E","R","M","R","B",null,"M","?","?","$","M","R","M","?","T","$","M","$","E","M"],"character_chosen":"DEFECT","items_purchased":["Lantern","Doom and Gloom","PowerPotion","Dexterity Potion","Consume","Chill","Core Surge","Static Discharge"],"campfire_rested":5,"item_purchase_floors":[2,14,14,14,22,38,38,44],"current_hp_per_floor":[58,58,58,53,53,53,18,37,37,38,26,26,15,20,20,9,54,48,48,28,28,28,48,48,38,38,17,37,7,27,42,42,16,56,44,44,44,44,26,46,35,49,49,49,49,49,18,0],"gold":107,"neow_bonus":"HUNDRED_GOLD","is_prod":false,"is_daily":false,"chose_seed":false,"campfire_upgraded":4,"win_rate":0,"timestamp":1561429089,"path_taken":["M","?","?","M","?","R","E","R","T","E","M","R","?","?","R","BOSS","M","?","?","?","$","R","?","M","T","?","R","E","R","M","R","BOSS","M","?","?","?","M","R","M","?","T","$","M","$","E","M"],"build_version":"2019-06-21","purchased_purges":2,"victory":false,"max_hp_per_floor":[71,71,71,71,64,64,64,64,64,64,64,64,64,69,69,69,69,69,69,69,69,69,69,69,69,69,69,69,69,69,69,69,69,69,69,69,69,69,69,69,69,69,69,69,69,66,66,66],"card_choices":[{"not_picked":["Reprogram","Stack"],"picked":"Rip and Tear","floor":1.0},{"not_picked":["Redo","Coolheaded"],"picked":"Go for the Eyes","floor":4.0},{"not_picked":["Tempest","Streamline"],"picked":"Leap","floor":7.0},{"not_picked":["Skim","Glacier"],"picked":"Biased Cognition","floor":10.0},{"not_picked":["Sweeping Beam","Conserve Battery","Turbo"],"picked":"Capacitor","floor":11.0},{"not_picked":["Machine Learning","Buffer","Hyperbeam"],"picked":"Electrodynamics","floor":16.0},{"not_picked":["Turbo","Fusion","Streamline"],"picked":"Conserve Battery","floor":18.0},{"not_picked":["Gash","Streamline","Rebound"],"picked":"Leap","floor":20.0},{"not_picked":["Rebound","Go for the Eyes","Conserve Battery","Hologram"],"picked":"SKIP","floor":25.0},{"not_picked":["Heatsinks","Gash","Rainbow","Beam Cell+1"],"picked":"SKIP","floor":29.0},{"not_picked":["Sweeping Beam+1","Streamline","Rip and Tear"],"picked":"Chaos","floor":31.0},{"not_picked":["Thunder Strike","Core Surge","Machine Learning"],"picked":"Echo Form","floor":33.0},{"not_picked":["Consume","Sweeping Beam+1","Streamline"],"picked":"Undo","floor":35.0},{"not_picked":["Hologram","Conserve Battery","Rebound+1","Go for the Eyes"],"picked":"SKIP","floor":39.0},{"not_picked":["Scrape","Blizzard","Gash+1","Aggregate"],"picked":"SKIP","floor":41.0},{"not_picked":["Steam","Rebound","Hologram"],"picked":"Defragment+1","floor":42},{"not_picked":["Fusion","Stack+1","Steam+1"],"picked":"Coolheaded","floor":45},{"not_picked":["Beam Cell+1","Melter","Steam"],"picked":"Reinforced Body+1","floor":47}],"player_experience":1687853,"relics_obtained":[{"floor":7.0,"key":"DataDisk"},{"floor":9.0,"key":"Bronze Scales"},{"floor":10.0,"key":"Question Card"},{"floor":26.0,"key":"Bottled Tornado"},{"floor":27.0,"key":"Enchiridion"},{"floor":29.0,"key":"Ancient Tea Set"},{"floor":42,"key":"Incense Burner"},{"floor":47,"key":"Oddly Smooth Stone"}],"event_choices":[{"damage_healed":0.0,"max_hp_gain":0.0,"max_hp_loss":0.0,"gold_gain":0.0,"event_name":"Living Wall","player_choice":"Grow","floor":3.0,"gold_loss":0.0,"damage_taken":0.0,"cards_upgraded":["Zap"]},{"damage_healed":0.0,"max_hp_gain":0.0,"max_hp_loss":7.0,"gold_gain":0.0,"event_name":"Golden Idol","player_choice":"Lose Max HP","floor":5.0,"gold_loss":0.0,"damage_taken":0.0,"relics_obtained":["Golden Idol"]},{"damage_healed":0.0,"max_hp_gain":0.0,"max_hp_loss":0.0,"gold_gain":75.0,"event_name":"World of Goop","player_choice":"Gather Gold","floor":13.0,"gold_loss":0.0,"damage_taken":11.0},{"damage_healed":0.0,"max_hp_gain":0.0,"max_hp_loss":0.0,"gold_gain":0.0,"event_name":"N\u0027loth","player_choice":"Ignored","floor":19.0,"gold_loss":0.0,"damage_taken":0.0},{"damage_healed":0.0,"max_hp_gain":0.0,"max_hp_loss":0.0,"gold_gain":0.0,"event_name":"The Mausoleum","player_choice":"Ignored","floor":21.0,"gold_loss":0.0,"damage_taken":0.0},{"damage_healed":0.0,"max_hp_gain":0.0,"max_hp_loss":0.0,"gold_gain":0.0,"event_name":"The Library","player_choice":"Read","floor":24.0,"gold_loss":0.0,"damage_taken":0.0,"cards_obtained":["Self Repair"]},{"damage_healed":0.0,"max_hp_gain":0.0,"max_hp_loss":0.0,"gold_gain":0.0,"event_name":"Cursed Tome","player_choice":"Obtained Book","floor":27.0,"gold_loss":0.0,"damage_taken":21.0},{"cards_removed":["Strike_B"],"damage_healed":0.0,"max_hp_gain":0.0,"max_hp_loss":0.0,"gold_gain":0.0,"event_name":"Falling","player_choice":"Removed Attack","floor":36.0,"gold_loss":0.0,"damage_taken":0.0},{"damage_healed":0.0,"max_hp_gain":0.0,"max_hp_loss":0.0,"gold_gain":0.0,"event_name":"Tomb of Lord Red Mask","player_choice":"Ignored","floor":37.0,"gold_loss":0.0,"damage_taken":0.0},{"damage_healed":0,"gold_gain":0,"player_choice":"Fight","damage_taken":0,"max_hp_gain":0,"max_hp_loss":0,"event_name":"MindBloom","floor":42,"gold_loss":0}],"is_beta":true,"boss_relics":[{"not_picked":["Busted Crown","Black Star"],"picked":"Inserter"},{"not_picked":["FrozenCore","Runic Dome"],"picked":"Fusion Hammer"}],"items_purged_floors":[14,46],"is_endless":false,"potions_floor_spawned":[1,7,16,20,25,29,33,35,39,45],"killed_by":"3 Darklings","ascension_level":20}