{"gold_per_floor":[118,2,13,23,34,34,64,64,64,64,64,64,98,119,119,242,242,242,242,167,167,21,21,21,21,21,21,21,21,21,21,21,21],"floor_reached":33,"playtime":1182,"items_purged":["Defend_B","Strike_B"],"score":279,"play_id":"d5c275b2-4817-4dad-815c-735c6df9a335","local_time":"20190522023756","is_ascension_mode":false,"campfire_choices":[{"data":"Zap","floor":6,"key":"SMITH"},{"data":"Fission","floor":10,"key":"SMITH"},{"data":"Dualcast","floor":12,"key":"SMITH"},{"data":"Hologram","floor":15,"key":"SMITH"},{"data":"Fusion","floor":24,"key":"SMITH"},{"data":"Self Repair","floor":28,"key":"SMITH"},{"data":"Tempest","floor":32,"key":"SMITH"}],"neow_cost":"NONE","seed_source_timestamp":5112521098585,"circlet_count":0,"master_deck":["Strike_B","Strike_B","Strike_B","Defend_B","Defend_B","Defend_B","Zap+1","Dualcast+1","Conserve Battery","Glacier","Conserve Battery","Ball Lightning","Self Repair+1","Fission+1","Rebound","Hologram+1","Electrodynamics","Fusion+1","Rebound","Sweeping Beam+1","Sunder+1","Tempest+1","Blizzard+1","Ball Lightning"],"relics":["Cracked Core","NeowsBlessing","Bag of Marbles","Lantern","Golden Idol","Mummified Hand","Ectoplasm","Sundial","Blood Vial","Frozen Egg 2"],"potions_floor_usage":[7,16,18,33,33],"damage_taken":[{"damage":0,"enemies":"Jaw Worm","floor":1,"turns":1},{"damage":0,"enemies":"Cultist","floor":3,"turns":1},{"damage":0,"enemies":"Small Slimes","floor":4,"turns":1},{"damage":0,"enemies":"Blue Slaver","floor":5,"turns":4},{"damage":16,"enemies":"Gremlin Nob","floor":7,"turns":4},{"damage":15,"enemies":"Lagavulin","floor":13,"turns":8},{"damage":0,"enemies":"Large Slime","floor":14,"turns":3},{"damage":30,"enemies":"Slime Boss","floor":16,"turns":10},{"damage":0,"enemies":"2 Thieves","floor":18,"turns":1},{"damage":3,"enemies":"Chosen","floor":19,"turns":4},{"damage":12,"enemies":"Snecko","floor":21,"turns":5},{"damage":9,"enemies":"Centurion and Healer","floor":23,"turns":5},{"damage":34,"enemies":"Book of Stabbing","floor":25,"turns":4},{"damage":0,"enemies":"Sentry and Sphere","floor":29,"turns":3},{"damage":10,"enemies":"Cultist and Chosen","floor":30,"turns":5},{"damage":0,"enemies":"Chosen and Byrds","floor":31,"turns":3},{"damage":73,"enemies":"Champ","floor":33,"turns":8}],"seed_played":"-5025384258610385286","potions_obtained":[{"floor":5,"key":"PowerPotion"},{"floor":13,"key":"Dexterity Potion"},{"floor":14,"key":"FearPotion"},{"floor":16,"key":"AttackPotion"},{"floor":18,"key":"Energy Potion"},{"floor":25,"key":"EssenceOfSteel"},{"floor":30,"key":"Energy Potion"}],"is_trial":false,"path_per_floor":["M","$","M","M","M","R","E","?","T","R","?","R","E","M","R","B",null,"M","M","$","M","$","M","R","E","T","?","R","M","M","M","R","B"],"character_chosen":"DEFECT","items_purchased":["Glacier","Conserve Battery","Rebound"],"campfire_rested":0,"item_purchase_floors":[2,2,22],"current_hp_per_floor":[75,75,75,75,75,75,66,71,71,71,71,71,63,70,70,47,74,74,74,74,69,69,67,67,33,33,33,33,35,37,49,49,0],"gold":21,"neow_bonus":"THREE_ENEMY_KILL","is_prod":false,"is_daily":false,"chose_seed":false,"campfire_upgraded":7,"win_rate":0,"timestamp":1558514276,"path_taken":["M","$","M","M","M","R","E","?","T","R","?","R","E","M","R","BOSS","M","M","$","M","$","M","R","E","T","?","R","M","?","M","R","BOSS"],"build_version":"2019-01-23","purchased_purges":2,"victory":false,"max_hp_per_floor":[75,75,75,75,75,75,75,80,80,80,74,74,74,74,74,74,74,74,74,74,74,74,74,74,74,74,74,74,74,74,74,74,74],"card_choices":[{"not_picked":["Turbo","Leap"],"picked":"Conserve Battery","floor":1},{"not_picked":["Seek","Static Discharge"],"picked":"Ball Lightning","floor":3},{"not_picked":["Stack","Redo","Streamline"],"picked":"SKIP","floor":4},{"not_picked":["Melter","Genetic Algorithm"],"picked":"Self Repair","floor":5},{"not_picked":["Steam","Stack"],"picked":"Fission","floor":7},{"not_picked":["Go for the Eyes","Stack"],"picked":"Rebound","floor":13},{"not_picked":["Reinforced Body","Coolheaded"],"picked":"Hologram","floor":14},{"not_picked":["Amplify","Creative AI"],"picked":"Electrodynamics","floor":16},{"not_picked":["Stack","Gash","Compile Driver"],"picked":"SKIP","floor":18},{"not_picked":["Compile Driver","Genetic Algorithm","Leap"],"picked":"SKIP","floor":19},{"not_picked":["Glacier+1","Skim"],"picked":"Fusion","floor":21},{"not_picked":["Blizzard+1","Coolheaded"],"picked":"Sweeping Beam+1","floor":23},{"not_picked":["Barrage","Chill"],"picked":"Sunder+1","floor":25},{"not_picked":["Beam Cell","Conserve Battery+1"],"picked":"Tempest","floor":29},{"not_picked":["Fusion","Gash"],"picked":"Blizzard+1","floor":30},{"not_picked":["Hologram+1","Streamline"],"picked":"Ball Lightning","floor":31}],"player_experience":1463003,"relics_obtained":[{"floor":7,"key":"Bag of Marbles"},{"floor":9,"key":"Lantern"},{"floor":13,"key":"Mummified Hand"},{"floor":25,"key":"Sundial"},{"floor":26,"key":"Blood Vial"}],"event_choices":[{"damage_healed":0,"gold_gain":0,"player_choice":"Donut","damage_taken":0,"max_hp_gain":5,"max_hp_loss":0,"event_name":"Big Fish","floor":8,"gold_loss":0},{"damage_healed":0,"gold_gain":0,"player_choice":"Lose Max HP","damage_taken":0,"relics_obtained":["Golden Idol"],"max_hp_gain":0,"max_hp_loss":6,"event_name":"Golden Idol","floor":11,"gold_loss":0},{"damage_healed":0,"gold_gain":0,"player_choice":"Gave Potion","damage_taken":0,"relics_obtained":["Frozen Egg 2"],"max_hp_gain":0,"max_hp_loss":0,"event_name":"WeMeetAgain","floor":27,"gold_loss":0}],"is_beta":false,"boss_relics":[{"not_picked":["Eternal Feather","Tiny House"],"picked":"Ectoplasm"}],"items_purged_floors":[20,22],"is_endless":false,"potions_floor_spawned":[5,13,14,16,18,25,30],"killed_by":"Champ","ascension_level":0}