{"gold_per_floor":[118,134,151,151,151,186,201,72,72,72,84,3,178,211,211,315,315,333,353,353,278,292,292,319,329,329,343,343,62,0,19,19,19],"floor_reached":33,"playtime":3038,"items_purged":[],"score":302,"play_id":"38990d66-0819-462b-9a40-f548191c7d5a","local_time":"20181213205305","is_ascension_mode":false,"campfire_choices":[{"floor":10,"key":"REST"},{"data":"Catalyst","floor":15,"key":"SMITH"},{"floor":23,"key":"REST"},{"floor":32,"key":"REST"}],"neow_cost":"NONE","seed_source_timestamp":10886673906217,"circlet_count":0,"master_deck":["Defend_G","Defend_G","Defend_G","Defend_G+1","Defend_G","Strike_G","Strike_G","Strike_G","Strike_G","Survivor","Neutralize","Poisoned Stab","Well Laid Plans","Deadly Poison+1","PiercingWail","Poisoned Stab","Catalyst+1","Bandage Up","Escape Plan","Noxious Fumes","Poisoned Stab","Tools of the Trade","Underhanded Strike","Bouncing Flask","Catalyst","Sucker Punch+1","Dodge and Roll","Backflip+1","Crippling Poison","Underhanded Strike","Crippling Poison"],"relics":["Ring of the Snake","NeowsBlessing","Ornamental Fan","Paper Crane","Vajra","Black Star","Anchor","Ninja Scroll","Boot","Matryoshka","Membership Card"],"potions_floor_usage":[14,22,24,25,31,33,33],"damage_taken":[{"damage":0,"enemies":"Small Slimes","floor":1,"turns":1},{"damage":0,"enemies":"Cultist","floor":2,"turns":1},{"damage":0,"enemies":"2 Louse","floor":3,"turns":1},{"damage":23,"enemies":"3 Sentries","floor":6,"turns":10},{"damage":0,"enemies":"Exordium Wildlife","floor":7,"turns":4},{"damage":3,"enemies":"2 Fungi Beasts","floor":11,"turns":4},{"damage":0,"enemies":"Lagavulin","floor":14,"turns":6},{"damage":28,"enemies":"Slime Boss","floor":16,"turns":9},{"damage":22,"enemies":"3 Byrds","floor":18,"turns":6},{"damage":9,"enemies":"Spheric Guardian","floor":19,"turns":5},{"damage":18,"enemies":"Shelled Parasite and Fungi","floor":22,"turns":5},{"damage":47,"enemies":"Slavers","floor":24,"turns":6},{"damage":0,"enemies":"Snake Plant","floor":25,"turns":2},{"damage":0,"enemies":"Centurion and Healer","floor":27,"turns":5},{"damage":9,"enemies":"3 Cultists","floor":31,"turns":5},{"damage":47,"enemies":"Champ","floor":33,"turns":10}],"seed_played":"6150106559261518210","potions_obtained":[{"floor":6,"key":"GhostInAJar"},{"floor":7,"key":"Energy Potion"},{"floor":14,"key":"FearPotion"},{"floor":16,"key":"Explosive Potion"},{"floor":24,"key":"Energy Potion"},{"floor":25,"key":"Strength Potion"}],"is_trial":false,"path_per_floor":["M","M","M","?","?","E","M","$","T","R","M","$","?","E","R","B",null,"M","M","?","?","M","R","E","M","T","M","?","$","?","M","R","B"],"character_chosen":"THE_SILENT","items_purchased":["Catalyst","Bandage Up","Noxious Fumes","Membership Card","Crippling Poison","Underhanded Strike","Block Potion"],"campfire_rested":3,"item_purchase_floors":[8,8,12,29,29,29,29],"current_hp_per_floor":[70,70,70,56,56,33,33,33,33,54,55,55,55,59,59,35,70,48,43,43,43,29,50,7,11,11,15,15,15,15,10,31,0],"gold":19,"neow_bonus":"THREE_ENEMY_KILL","is_prod":false,"is_daily":false,"chose_seed":false,"campfire_upgraded":1,"win_rate":0.0,"timestamp":1544752385,"path_taken":["M","M","M","?","?","E","?","$","T","R","M","?","?","E","R","BOSS","M","M","?","?","?","R","E","M","T","M","?","$","?","M","R","BOSS"],"build_version":"2018-12-06","purchased_purges":0,"victory":false,"max_hp_per_floor":[70,70,70,70,70,70,70,70,70,70,70,70,70,70,70,70,70,70,70,70,70,70,70,70,70,70,70,70,70,70,70,70,70],"card_choices":[{"not_picked":["Dagger Spray","Prepared"],"picked":"Poisoned Stab","floor":1},{"not_picked":["Slice","Flying Knee"],"picked":"Well Laid Plans","floor":2},{"not_picked":["Skewer","Backflip"],"picked":"Deadly Poison","floor":3},{"not_picked":["Riddle With Holes","Underhanded Strike"],"picked":"PiercingWail","floor":6},{"not_picked":["Accuracy","Sucker Punch"],"picked":"Poisoned Stab","floor":7},{"not_picked":["Terror","Cloak And Dagger"],"picked":"Escape Plan","floor":11},{"not_picked":["Terror","Reflex"],"picked":"Poisoned Stab","floor":14},{"not_picked":["Wraith Form v2","Die Die Die"],"picked":"Tools of the Trade","floor":16},{"not_picked":["Blade Dance","Sucker Punch+1"],"picked":"Underhanded Strike","floor":18},{"not_picked":["Cloak And Dagger+1","Dodge and Roll"],"picked":"Bouncing Flask","floor":19},{"not_picked":["Finisher","Tactician"],"picked":"Catalyst","floor":22},{"not_picked":["Prepared","Infinite Blades+1"],"picked":"Sucker Punch+1","floor":24},{"not_picked":["Distraction","Dagger Spray"],"picked":"Dodge and Roll","floor":25},{"not_picked":["Acrobatics","Deflect"],"picked":"Backflip+1","floor":27},{"not_picked":["Glass Knife","Prepared+1"],"picked":"Crippling Poison","floor":31}],"player_experience":83135,"relics_obtained":[{"floor":6,"key":"Ornamental Fan"},{"floor":9,"key":"Paper Crane"},{"floor":14,"key":"Vajra"},{"floor":24,"key":"Ninja Scroll"},{"floor":24,"key":"Boot"},{"floor":26,"key":"Matryoshka"}],"event_choices":[{"damage_healed":0,"gold_gain":0,"player_choice":"Entered Light","damage_taken":14,"max_hp_gain":0,"max_hp_loss":0,"event_name":"Shining Light","floor":4,"gold_loss":0,"cards_upgraded":["Defend_G","Deadly Poison"]},{"cards_removed":["Strike_G"],"damage_healed":0,"gold_gain":0,"player_choice":"Offered Basic","damage_taken":0,"max_hp_gain":0,"max_hp_loss":0,"event_name":"Bonfire Elementals","floor":5,"gold_loss":0},{"damage_healed":0,"gold_gain":175,"player_choice":"AGREE","damage_taken":0,"max_hp_gain":0,"max_hp_loss":0,"event_name":"Liars Game","floor":13,"gold_loss":0,"cards_obtained":["Doubt"]},{"damage_healed":0,"gold_gain":0,"player_choice":"Opened","damage_taken":0,"relics_obtained":["Anchor"],"max_hp_gain":0,"max_hp_loss":0,"event_name":"The Mausoleum","floor":20,"gold_loss":0},{"cards_removed":["Doubt"],"damage_healed":0,"gold_gain":0,"player_choice":"Gave Gold","damage_taken":0,"max_hp_gain":0,"max_hp_loss":0,"event_name":"Beggar","floor":21,"gold_loss":75},{"damage_healed":0,"gold_gain":0,"player_choice":"Ignored","damage_taken":0,"max_hp_gain":0,"max_hp_loss":0,"event_name":"Vampires","floor":28,"gold_loss":0},{"damage_healed":0,"gold_gain":0,"player_choice":"Paid Fearfully","damage_taken":0,"max_hp_gain":0,"max_hp_loss":0,"event_name":"Masked Bandits","floor":30,"gold_loss":62}],"is_beta":false,"boss_relics":[{"not_picked":["Busted Crown","HoveringKite"],"picked":"Black Star"}],"items_purged_floors":[],"is_endless":false,"potions_floor_spawned":[6,7,14,16,24,25],"killed_by":"Champ","ascension_level":0}