{"gold_per_floor":[118,134,152,152,169,169,200,200,200,211,241,260,108,122,122,218,218,230,230,230,92,103,103,135,135,160,160,195,209,209,236,236,333,333,348,348,448,458,105,105,131,142,168,168,180,191,220,230,230,230,230,230,36,61,61],"floor_reached":56,"playtime":4985,"items_purged":["Strike_B","Strike_B","Strike_B","Defend_B"],"score":1953,"play_id":"6694806b-22b3-4cbf-b7ca-7a60b3014b38","local_time":"20190707100849","is_ascension_mode":true,"campfire_choices":[{"data":"Zap","floor":6.0,"key":"SMITH"},{"floor":15.0,"key":"REST"},{"floor":23.0,"key":"REST"},{"data":"Streamline","floor":27.0,"key":"SMITH"},{"data":"Consume","floor":30.0,"key":"SMITH"},{"data":"Dualcast","floor":32.0,"key":"SMITH"},{"floor":40.0,"key":"RECALL"},{"floor":49.0,"key":"REST"},{"floor":52.0,"key":"REST"}],"neow_cost":"NONE","seed_source_timestamp":0,"circlet_count":0,"master_deck":["Defend_B","Defend_B","Defend_B","Zap+1","Dualcast+1","Ball Lightning","Seek","Streamline+1","FTL","Sweeping Beam","Genetic Algorithm","Loop+1","Coolheaded+1","Buffer+1","Consume+1","Self Repair+1","Conserve Battery+1","Ghostly","Ghostly","Ghostly+1","Ghostly","Ghostly","Reboot+1","Capacitor+1","Fission+1","Hologram+1","Chill+1","Defragment+1","Seek+1","Darkness+1","Conserve Battery+1","Defragment+1"],"special_seed":0,"relics":["Black Star","Gambling Chip","Frozen Egg 2","CultistMask","Singing Bowl","Letter Opener","Boot","Sozu","Enchiridion","Mercury Hourglass","Happy Flower","War Paint","Ginger","Toxic Egg 2","Fusion Hammer","Nunchaku","Smiling Mask","Ancient Tea Set","Bronze Scales","Omamori","Regal Pillow","Bag of Preparation","Mummified Hand","Bottled Tornado"],"potions_floor_usage":[55],"damage_taken":[{"damage":1.0,"enemies":"Cultist","floor":1.0,"turns":4.0},{"damage":4.0,"enemies":"Small Slimes","floor":2.0,"turns":4.0},{"damage":8.0,"enemies":"2 Louse","floor":3.0,"turns":2.0},{"damage":16.0,"enemies":"Large Slime","floor":5.0,"turns":6.0},{"damage":16.0,"enemies":"Gremlin Nob","floor":7.0,"turns":3.0},{"damage":3.0,"enemies":"Blue Slaver","floor":10.0,"turns":3.0},{"damage":12.0,"enemies":"3 Sentries","floor":11.0,"turns":6.0},{"damage":3.0,"enemies":"Exordium Wildlife","floor":12.0,"turns":3.0},{"damage":6.0,"enemies":"2 Fungi Beasts","floor":14.0,"turns":4.0},{"damage":19.0,"enemies":"The Guardian","floor":16.0,"turns":10.0},{"damage":9.0,"enemies":"Shell Parasite","floor":18.0,"turns":6.0},{"damage":12.0,"enemies":"2 Thieves","floor":22.0,"turns":4.0},{"damage":20.0,"enemies":"Book of Stabbing","floor":24.0,"turns":6.0},{"damage":0.0,"enemies":"Slavers","floor":28.0,"turns":3.0},{"damage":2.0,"enemies":"Centurion and Healer","floor":29.0,"turns":5.0},{"damage":0.0,"enemies":"Champ","floor":33.0,"turns":9.0},{"damage":0.0,"enemies":"3 Shapes","floor":35.0,"turns":3.0},{"damage":0.0,"enemies":"Mind Bloom Boss Battle","floor":37.0,"turns":7.0},{"damage":0.0,"enemies":"3 Darklings","floor":38.0,"turns":5.0},{"damage":0.0,"enemies":"Nemesis","floor":41.0,"turns":6.0},{"damage":0.0,"enemies":"Spire Growth","floor":42.0,"turns":4.0},{"damage":0.0,"enemies":"Sphere and 2 Shapes","floor":45.0,"turns":4.0},{"damage":0.0,"enemies":"3 Darklings","floor":46.0,"turns":4.0},{"damage":0.0,"enemies":"Reptomancer","floor":47.0,"turns":4.0},{"damage":0.0,"enemies":"Maw","floor":48.0,"turns":5.0},{"damage":0.0,"enemies":"Donu and Deca","floor":50.0,"turns":6.0},{"damage":0.0,"enemies":"Shield and Spear","floor":54.0,"turns":6.0},{"damage":20,"enemies":"The Heart","floor":55,"turns":9}],"seed_played":"1889140198997196982","potions_obtained":[{"floor":2.0,"key":"Energy Potion"},{"floor":10.0,"key":"Dexterity Potion"},{"floor":12.0,"key":"FearPotion"},{"floor":16.0,"key":"Strength Potion"}],"is_trial":false,"path_per_floor":["?","?","M","M","?","?","?","M","T","?","?","?"],"character_chosen":"DEFECT","items_purchased":["Loop+1","Self Repair+1","Defragment+1","Seek+1","Bag of Preparation"],"campfire_rested":4,"item_purchase_floors":[13,21,39,39,53],"current_hp_per_floor":[67,63,55,55,39,39,23,23,23,20,10,7,7,1,24,5,59,50,36,20,20,18,42,24,24,24,24,34,42,42,42,42,42,42,42,42,44,44,44,44,44,44,44,44,46,48,50,52,52,52,52,52,52,52,42],"gold":61,"neow_bonus":"BOSS_RELIC","is_prod":false,"is_daily":false,"chose_seed":false,"campfire_upgraded":4,"win_rate":0,"timestamp":1562483329,"path_taken":["M","M","M","?","M","R","E","?","T","?","E","M","$","?","R","BOSS","M","?","?","$","M","R","E","?","T","R","E","?","R","?","R","BOSS","M","?","?","M","$","R","E","M","T","?","M","M","E","M","R","BOSS","R","$","E","BOSS"],"build_version":"2019-01-23","purchased_purges":4,"victory":true,"max_hp_per_floor":[75,75,75,75,75,75,75,75,75,75,77,77,77,77,77,77,77,77,82,82,82,82,82,84,42,42,42,42,42,42,42,42,42,42,42,42,44,44,44,44,44,44,44,44,46,48,50,52,52,52,52,52,52,52,52],"card_choices":[{"not_picked":["Gash","Beam Cell","Turbo"],"picked":"SKIP","floor":1.0},{"not_picked":["Self Repair","Turbo"],"picked":"Ball Lightning","floor":2.0},{"not_picked":["Reprogram","Rebound"],"picked":"Seek","floor":3.0},{"not_picked":["Leap","Turbo"],"picked":"Streamline","floor":5.0},{"not_picked":["Gash","Redo"],"picked":"FTL","floor":7.0},{"not_picked":["Compile Driver","Steam"],"picked":"Sweeping Beam","floor":10.0},{"not_picked":["Electrodynamics+1","Redo","Rip and Tear"],"picked":"Singing Bowl","floor":11.0},{"not_picked":["Ball Lightning","Force Field"],"picked":"Genetic Algorithm","floor":12.0},{"not_picked":["Static Discharge+1","Blizzard"],"picked":"Coolheaded","floor":14.0},{"not_picked":["Electrodynamics+1","Hyperbeam"],"picked":"Buffer+1","floor":16.0},{"not_picked":["Reprogram+1","FTL"],"picked":"Consume","floor":18.0},{"not_picked":["Steam Power","White Noise"],"picked":"Conserve Battery+1","floor":22.0},{"not_picked":["Rebound","Gash","Stack"],"picked":"Singing Bowl","floor":24.0},{"not_picked":["Turbo","Reinforced Body"],"picked":"Reboot","floor":28.0},{"not_picked":["Turbo+1","Rebound+1"],"picked":"Capacitor+1","floor":29.0},{"not_picked":["Buffer+1","Electrodynamics+1"],"picked":"Fission+1","floor":33.0},{"not_picked":["Compile Driver","Darkness+1"],"picked":"Hologram+1","floor":35.0},{"not_picked":["Double Energy+1","Leap+1","BootSequence+1"],"picked":"Singing Bowl","floor":37.0},{"not_picked":["Rip and Tear+1","Cold Snap"],"picked":"Chill+1","floor":38.0},{"not_picked":["Barrage","Stack+1"],"picked":"Darkness+1","floor":41.0},{"not_picked":["Beam Cell+1","Hologram+1"],"picked":"Conserve Battery+1","floor":42.0},{"not_picked":["Steam+1","Turbo+1","Reinforced Body+1"],"picked":"Singing Bowl","floor":45.0},{"not_picked":["Glacier+1","Meteor Strike","Hologram+1"],"picked":"Singing Bowl","floor":46.0},{"not_picked":["Double Energy+1","Leap+1","Storm+1"],"picked":"Singing Bowl","floor":47.0},{"not_picked":["Go for the Eyes+1","Leap+1","Turbo+1"],"picked":"Singing Bowl","floor":48.0},{"not_picked":["Hyperbeam","Scrape"],"picked":"Defragment+1","floor":54.0}],"player_experience":298968,"relics_obtained":[{"floor":7.0,"key":"Gambling Chip"},{"floor":7.0,"key":"Frozen Egg 2"},{"floor":9.0,"key":"Singing Bowl"},{"floor":11.0,"key":"Letter Opener"},{"floor":11.0,"key":"Boot"},{"floor":20.0,"key":"Enchiridion"},{"floor":24.0,"key":"Mercury Hourglass"},{"floor":24.0,"key":"Happy Flower"},{"floor":26.0,"key":"War Paint"},{"floor":28.0,"key":"Ginger"},{"floor":28.0,"key":"Toxic Egg 2"},{"floor":37.0,"key":"Nunchaku"},{"floor":41.0,"key":"Smiling Mask"},{"floor":41.0,"key":"Ancient Tea Set"},{"floor":43.0,"key":"Bronze Scales"},{"floor":47.0,"key":"Omamori"},{"floor":47.0,"key":"Regal Pillow"},{"floor":54.0,"key":"Mummified Hand"},{"floor":54.0,"key":"Bottled Tornado"}],"event_choices":[{"cards_removed":["Strike_B"],"damage_healed":0.0,"max_hp_gain":0.0,"max_hp_loss":0.0,"gold_gain":0.0,"event_name":"Living Wall","player_choice":"Forget","floor":4.0,"gold_loss":0.0,"damage_taken":0.0},{"damage_healed":0.0,"max_hp_gain":0.0,"max_hp_loss":0.0,"gold_gain":0.0,"event_name":"FaceTrader","player_choice":"Trade","floor":8.0,"gold_loss":0.0,"damage_taken":0.0,"relics_obtained":["CultistMask"]},{"damage_healed":0.0,"max_hp_gain":5.0,"max_hp_loss":0.0,"gold_gain":0.0,"event_name":"Forgotten Altar","player_choice":"Shed Blood","floor":19.0,"gold_loss":0.0,"damage_taken":19.0},{"damage_healed":0.0,"max_hp_gain":0.0,"max_hp_loss":0.0,"gold_gain":0.0,"event_name":"Cursed Tome","player_choice":"Obtained Book","floor":20.0,"gold_loss":0.0,"damage_taken":16.0},{"damage_healed":0.0,"max_hp_gain":0.0,"max_hp_loss":42.0,"gold_gain":0.0,"event_name":"Ghosts","player_choice":"Became a Ghost","floor":25.0,"gold_loss":0.0,"damage_taken":0.0,"cards_obtained":["Ghostly","Ghostly","Ghostly","Ghostly","Ghostly"]},{"damage_healed":0.0,"max_hp_gain":0.0,"max_hp_loss":0.0,"gold_gain":0.0,"event_name":"Tomb of Lord Red Mask","player_choice":"Ignored","floor":36.0,"gold_loss":0.0,"damage_taken":0.0},{"damage_healed":0.0,"max_hp_gain":0.0,"max_hp_loss":0.0,"gold_gain":0.0,"event_name":"MindBloom","player_choice":"Fight","floor":37.0,"gold_loss":0.0,"damage_taken":0.0},{"damage_healed":0.0,"max_hp_gain":0.0,"max_hp_loss":0.0,"gold_gain":0.0,"event_name":"Lab","player_choice":"Got Potions","floor":44.0,"gold_loss":0.0,"damage_taken":0.0}],"is_beta":false,"boss_relics":[{"not_picked":["Lizard Tail","Runic Dome"],"picked":"Sozu"},{"not_picked":["Runic Pyramid","Busted Crown"],"picked":"Fusion Hammer"}],"items_purged_floors":[13,21,39,53],"is_endless":false,"potions_floor_spawned":[2,10,12,16,22,28,35,45,46,54],"ascension_level":9}