{"gold_per_floor":[16,16,36,54,69,69,102,102,102,102,120,145,165,165,165,270,270,289,214,234,234,16,16,31,61,84,84,84,184,195,195,195,297,297,309,33,0,20,33,59,59,69,69,100,100,100,117,117,117,117,117,117,42,71,71],"floor_reached":56,"playtime":5802,"items_purged":["Strike_B","Strike_B","Strike_B"],"score":1608,"play_id":"f9245b71-cc8f-4ae9-ad7a-4bc4cb49a9b5","local_time":"20190624165522","is_ascension_mode":true,"campfire_choices":[{"data":"Zap","floor":6.0,"key":"SMITH"},{"data":"Genetic Algorithm","floor":8.0,"key":"SMITH"},{"data":"Coolheaded","floor":10.0,"key":"SMITH"},{"data":"Defragment","floor":15.0,"key":"SMITH"},{"data":"Seek","floor":23.0,"key":"SMITH"},{"data":"Loop","floor":27.0,"key":"SMITH"},{"data":"Double Energy","floor":32.0,"key":"SMITH"},{"floor":41,"key":"RECALL"},{"data":"Defragment","floor":49,"key":"SMITH"},{"data":"Hologram","floor":52,"key":"SMITH"}],"neow_cost":"NO_GOLD","seed_source_timestamp":238015196211124,"circlet_count":0,"master_deck":["Strike_B","Defend_B","Defend_B","Defend_B","Defend_B","Zap+1","Dualcast","Genetic Algorithm+1","Cold Snap","Capacitor+1","Compile Driver","Coolheaded+1","Conserve Battery","Defragment+1","Double Energy+1","Machine Learning","Defragment+1","Chaos+1","Seek+1","Ball Lightning","Loop+1","Sunder+1","Go for the Eyes+1","Seek","Fusion","Loop","Hologram+1","Buffer","Force Field+1","Defragment+1","Capacitor","Seek"],"special_seed":0,"relics":["Cracked Core","Gambling Chip","NlothsMask","Bronze Scales","Odd Mushroom","Mango","Black Star","Blood Vial","Happy Flower","Anchor","Du-Vu Doll","Meat on the Bone","Turnip","Nuclear Battery","PreservedInsect","Red Mask","Pocketwatch","Torii","Vajra","Gremlin Horn","Strawberry","Bag of Marbles"],"potions_floor_usage":[55,55,55],"damage_taken":[{"damage":7.0,"enemies":"Small Slimes","floor":1.0,"turns":3.0},{"damage":1.0,"enemies":"Cultist","floor":3.0,"turns":4.0},{"damage":2.0,"enemies":"Jaw Worm","floor":4.0,"turns":3.0},{"damage":4.0,"enemies":"Large Slime","floor":5.0,"turns":8.0},{"damage":12.0,"enemies":"Lagavulin","floor":7.0,"turns":8.0},{"damage":1.0,"enemies":"Blue Slaver","floor":11.0,"turns":3.0},{"damage":4.0,"enemies":"The Mushroom Lair","floor":12.0,"turns":3.0},{"damage":0.0,"enemies":"Exordium Thugs","floor":13.0,"turns":5.0},{"damage":27.0,"enemies":"Slime Boss","floor":16.0,"turns":11.0},{"damage":0.0,"enemies":"Chosen","floor":18.0,"turns":4.0},{"damage":1.0,"enemies":"3 Byrds","floor":20.0,"turns":3.0},{"damage":9.0,"enemies":"Centurion and Healer","floor":24.0,"turns":6.0},{"damage":11.0,"enemies":"Book of Stabbing","floor":25.0,"turns":4.0},{"damage":5.0,"enemies":"Colosseum Slavers","floor":29.0,"turns":4.0},{"damage":12.0,"enemies":"Colosseum Nobs","floor":29.0,"turns":4.0},{"damage":0.0,"enemies":"Snake Plant","floor":30.0,"turns":4.0},{"damage":0.0,"enemies":"Collector","floor":33.0,"turns":9.0},{"damage":20.0,"enemies":"3 Darklings","floor":35.0,"turns":5.0},{"damage":5.0,"enemies":"Orb Walker","floor":38.0,"turns":3.0},{"damage":0.0,"enemies":"Jaw Worm Horde","floor":39.0,"turns":5.0},{"damage":0,"enemies":"Reptomancer","floor":40,"turns":5},{"damage":0,"enemies":"Maw","floor":42,"turns":6},{"damage":1,"enemies":"Nemesis","floor":44,"turns":9},{"damage":1,"enemies":"Sphere and 2 Shapes","floor":47,"turns":6},{"damage":0,"enemies":"Time Eater","floor":50,"turns":9},{"damage":2,"enemies":"Shield and Spear","floor":54,"turns":6},{"damage":37,"enemies":"The Heart","floor":55,"turns":13}],"seed_played":"3580924927754166462","potions_obtained":[{"floor":3.0,"key":"SkillPotion"},{"floor":5.0,"key":"Regen Potion"},{"floor":20.0,"key":"Swift Potion"},{"floor":24.0,"key":"Ancient Potion"},{"floor":30.0,"key":"Explosive Potion"},{"floor":39.0,"key":"Regen Potion"},{"floor":54,"key":"Weak Potion"}],"is_trial":false,"path_per_floor":["?","M","?","?","?","$","?","T","?","?","?","M","?"],"character_chosen":"DEFECT","items_purchased":["Seek","Ball Lightning","PreservedInsect","Capacitor"],"campfire_rested":0,"item_purchase_floors":[22,22,36,53],"current_hp_per_floor":[61,61,60,58,54,54,42,42,42,42,41,46,46,53,53,26,73,73,73,72,72,72,72,63,52,52,52,52,39,53,53,53,55,81,63,63,63,60,62,64,64,73,73,81,81,81,82,82,82,84,85,85,85,90,67],"gold":71,"neow_bonus":"ONE_RARE_RELIC","is_prod":false,"is_daily":false,"chose_seed":false,"campfire_upgraded":9,"win_rate":0,"timestamp":1561384522,"path_taken":["M","?","?","M","M","R","E","R","T","R","M","?","M","?","R","BOSS","M","$","M","?","$","R","M","E","T","R","?","?","M","?","R","BOSS","M","$","?","M","M","E","R","M","T","E","?","?","?","?","R","BOSS","R","$","E","BOSS"],"build_version":"2019-01-23","purchased_purges":3,"victory":true,"max_hp_per_floor":[75,75,75,75,75,75,75,75,75,75,75,75,75,89,89,89,89,89,89,89,89,89,89,89,89,89,89,89,89,89,89,89,89,89,89,89,89,89,89,89,89,89,89,89,89,85,85,85,85,85,85,85,85,92,92],"card_choices":[{"not_picked":["Rebound","Turbo"],"picked":"Genetic Algorithm","floor":1.0},{"not_picked":["Melter","Force Field"],"picked":"Cold Snap","floor":3.0},{"not_picked":["Streamline","Leap"],"picked":"Capacitor","floor":4.0},{"not_picked":["Turbo","Barrage"],"picked":"Compile Driver","floor":5.0},{"not_picked":["FTL","Hologram"],"picked":"Coolheaded","floor":7.0},{"not_picked":["FTL","Rainbow"],"picked":"Conserve Battery","floor":11.0},{"not_picked":["Conserve Battery","Hologram"],"picked":"Defragment","floor":12.0},{"not_picked":["Glacier","FTL"],"picked":"Double Energy","floor":13.0},{"not_picked":["Meteor Strike","Fission"],"picked":"Machine Learning","floor":16.0},{"not_picked":["Turbo","Steam+1"],"picked":"Defragment+1","floor":18.0},{"not_picked":["Rebound","Recycle"],"picked":"Chaos+1","floor":20.0},{"not_picked":["Ball Lightning","Skim"],"picked":"Loop","floor":24.0},{"not_picked":["Beam Cell","Skim","Leap"],"picked":"SKIP","floor":25.0},{"not_picked":["Coolheaded","BootSequence"],"picked":"Sunder+1","floor":29.0},{"not_picked":["Rebound","Blizzard+1"],"picked":"Go for the Eyes+1","floor":30.0},{"not_picked":["Reboot","Multi-Cast"],"picked":"Seek","floor":33.0},{"not_picked":["Coolheaded+1","Gash"],"picked":"Fusion","floor":35.0},{"not_picked":["Sweeping Beam+1","Recycle+1"],"picked":"Loop","floor":38.0},{"not_picked":["Scrape+1","Go for the Eyes"],"picked":"Hologram","floor":39.0},{"not_picked":["Streamline","Steam+1"],"picked":"Self Repair","floor":40},{"not_picked":["Gash","Go for the Eyes"],"picked":"Buffer","floor":42},{"not_picked":["Undo","Auto Shields"],"picked":"Force Field+1","floor":44},{"not_picked":["Melter","Lockon"],"picked":"Defragment","floor":47},{"not_picked":["Gash+1","FTL"],"picked":"Seek","floor":54}],"player_experience":228301,"relics_obtained":[{"floor":7.0,"key":"Bronze Scales"},{"floor":12.0,"key":"Odd Mushroom"},{"floor":25.0,"key":"Blood Vial"},{"floor":25.0,"key":"Happy Flower"},{"floor":26.0,"key":"Anchor"},{"floor":29.0,"key":"Du-Vu Doll"},{"floor":29.0,"key":"Meat on the Bone"},{"floor":31.0,"key":"Turnip"},{"floor":40,"key":"Pocketwatch"},{"floor":40,"key":"Torii"},{"floor":44,"key":"Vajra"},{"floor":44,"key":"Gremlin Horn"},{"floor":54,"key":"Strawberry"},{"floor":54,"key":"Bag of Marbles"}],"event_choices":[{"damage_healed":0.0,"max_hp_gain":0.0,"max_hp_loss":0.0,"gold_gain":0.0,"event_name":"FaceTrader","player_choice":"Trade","floor":2.0,"gold_loss":0.0,"damage_taken":0.0,"relics_obtained":["NlothsMask"]},{"damage_healed":0.0,"max_hp_gain":0.0,"max_hp_loss":0.0,"gold_gain":0.0,"event_name":"Mushrooms","player_choice":"Fought Mushrooms","floor":12.0,"gold_loss":0.0,"damage_taken":0.0},{"damage_healed":0.0,"max_hp_gain":0.0,"max_hp_loss":0.0,"gold_gain":0.0,"event_name":"Scrap Ooze","player_choice":"Success","floor":14.0,"gold_loss":0.0,"damage_taken":7.0,"relics_obtained":["Mango"]},{"damage_healed":0.0,"max_hp_gain":0.0,"max_hp_loss":0.0,"gold_gain":0.0,"event_name":"Upgrade Shrine","player_choice":"Upgraded","floor":21.0,"gold_loss":0.0,"damage_taken":0.0,"cards_upgraded":["Capacitor"]},{"damage_healed":0.0,"max_hp_gain":0.0,"max_hp_loss":0.0,"gold_gain":0.0,"event_name":"Colosseum","player_choice":"Fight","floor":29.0,"gold_loss":0.0,"damage_taken":0.0},{"damage_healed":0.0,"max_hp_gain":0.0,"max_hp_loss":0.0,"gold_gain":0.0,"event_name":"Colosseum","player_choice":"Fought Nobs","floor":29.0,"gold_loss":0.0,"damage_taken":0.0},{"damage_healed":0.0,"max_hp_gain":0.0,"max_hp_loss":0.0,"gold_gain":0.0,"event_name":"Tomb of Lord Red Mask","player_choice":"Paid","floor":37.0,"gold_loss":33.0,"damage_taken":0.0,"relics_obtained":["Red Mask"]},{"cards_removed":["Self Repair"],"damage_healed":0,"gold_gain":0,"player_choice":"Removed Power","damage_taken":0,"max_hp_gain":0,"max_hp_loss":0,"event_name":"Falling","floor":45,"gold_loss":0},{"damage_healed":0,"gold_gain":0,"player_choice":"Max HP","damage_taken":0,"max_hp_gain":0,"max_hp_loss":4,"event_name":"Winding Halls","floor":46,"gold_loss":0},{"damage_healed":0,"gold_gain":0,"player_choice":"Memory 1","damage_taken":0,"max_hp_gain":0,"max_hp_loss":0,"event_name":"SensoryStone","floor":48,"gold_loss":0}],"is_beta":false,"boss_relics":[{"not_picked":["Eternal Feather","Fusion Hammer"],"picked":"Black Star"},{"not_picked":["Orrery","Busted Crown"],"picked":"Nuclear Battery"}],"items_purged_floors":[19,22,36],"is_endless":false,"potions_floor_spawned":[3,5,20,24,29,30,39,40,54],"ascension_level":6}