{"gold_per_floor":[114,189,139,314,339,339,369,384,439,469,484,499,499],"floor_reached":13,"playtime":419,"items_purged":[],"score":93,"play_id":"302e300b-5dfa-48ea-a84d-8af0c50ead03","local_time":"20190508232747","daily_mods":["Heirloom","Green Cards","Binary"],"is_ascension_mode":false,"campfire_choices":[{"data":"Dagger Spray","floor":6,"key":"SMITH"}],"neow_cost":"","seed_source_timestamp":0,"circlet_count":0,"master_deck":["Strike_R","Strike_R","Strike_R","Strike_R","Defend_R+1","Defend_R","Defend_R","Defend_R+1","Bash","Dagger Spray+1","Doubt","Backstab","Berserk","Flying Knee"],"special_seed":18025,"relics":["Burning Blood","Bird Faced Urn","War Paint","Mummified Hand","Tiny Chest","Red Skull"],"potions_floor_usage":[7,10],"damage_taken":[{"damage":8,"enemies":"Small Slimes","floor":1,"turns":4},{"damage":33,"enemies":"3 Sentries","floor":7,"turns":9},{"damage":7,"enemies":"2 Louse","floor":8,"turns":2},{"damage":36,"enemies":"Lagavulin","floor":10,"turns":5},{"damage":0,"enemies":"Cultist","floor":11,"turns":2},{"damage":8,"enemies":"Blue Slaver","floor":12,"turns":2}],"seed_played":"8493715503740847636","potions_obtained":[{"floor":1,"key":"SteroidPotion"},{"floor":8,"key":"Poison Potion"},{"floor":11,"key":"Energy Potion"},{"floor":12,"key":"AttackPotion"}],"is_trial":false,"path_per_floor":["M","?","?","?","T","R","E","M","T","E","M","M","?"],"character_chosen":"IRONCLAD","items_purchased":[],"campfire_rested":0,"item_purchase_floors":[],"current_hp_per_floor":[78,67,67,67,67,67,40,39,39,9,15,15,0],"gold":499,"neow_bonus":"","is_prod":false,"is_daily":true,"chose_seed":false,"campfire_upgraded":1,"win_rate":0,"timestamp":1557372467,"path_taken":["M","?","?","?","?","R","E","M","T","E","M","?","?"],"build_version":"2019-01-23","purchased_purges":0,"victory":false,"max_hp_per_floor":[80,80,80,80,80,80,80,80,80,80,80,80,80],"card_choices":[{"not_picked":["Poisoned Stab"],"picked":"Dagger Spray","floor":1},{"not_picked":["Searing Blow"],"picked":"Backstab","floor":7},{"not_picked":["Pommel Strike","Acrobatics"],"picked":"SKIP","floor":8},{"not_picked":["Heel Hook"],"picked":"Berserk","floor":10},{"not_picked":["Pummel"],"picked":"Flying Knee","floor":11},{"not_picked":["Headbutt","Body Slam"],"picked":"SKIP","floor":12}],"player_experience":92230,"relics_obtained":[{"floor":5,"key":"War Paint"},{"floor":7,"key":"Mummified Hand"},{"floor":9,"key":"Tiny Chest"},{"floor":10,"key":"Red Skull"}],"event_choices":[{"damage_healed":0,"gold_gain":75,"player_choice":"Gather Gold","damage_taken":11,"max_hp_gain":0,"max_hp_loss":0,"event_name":"World of Goop","floor":2,"gold_loss":0},{"cards_removed":["Strike_R"],"damage_healed":0,"gold_gain":0,"player_choice":"Card Removal","damage_taken":0,"max_hp_gain":0,"max_hp_loss":0,"event_name":"The Cleric","floor":3,"gold_loss":50},{"damage_healed":0,"gold_gain":175,"player_choice":"AGREE","damage_taken":0,"max_hp_gain":0,"max_hp_loss":0,"event_name":"Liars Game","floor":4,"gold_loss":0,"cards_obtained":["Doubt"]}],"is_beta":false,"boss_relics":[],"items_purged_floors":[],"is_endless":false,"potions_floor_spawned":[1,8,11,12],"ascension_level":0}