{"gold_per_floor":[118,137,137,155,169,169,187,265,265,114,143,143,161,184,184,281,281,295,565,578,578,7,7,39,39,93,105,117,152,152,52,52,155,155,174,0,0,16,31,31,131,164,164,164,100,100,114,124,124,124],"floor_reached":51,"playtime":3859,"items_purged":["Strike_G","Strike_G","Strike_G"],"score":981,"play_id":"6b9b4174-5311-43a3-9781-e9dc54417488","local_time":"20190713031849","is_ascension_mode":true,"campfire_choices":[{"data":"Neutralize","floor":6.0,"key":"SMITH"},{"data":"Noxious Fumes","floor":12.0,"key":"SMITH"},{"floor":15.0,"key":"REST"},{"floor":23.0,"key":"REST"},{"data":"Glass Knife","floor":25.0,"key":"SMITH"},{"data":"Night Terror","floor":30.0,"key":"SMITH"},{"data":"Well Laid Plans","floor":32.0,"key":"SMITH"},{"data":"Dodge and Roll","floor":40,"key":"SMITH"},{"data":"1","floor":44,"key":"LIFT"},{"data":"2","floor":49,"key":"LIFT"}],"neow_cost":"TEN_PERCENT_HP_LOSS","seed_source_timestamp":0,"circlet_count":0,"master_deck":["Defend_G","Defend_G","Defend_G","Defend_G","Defend_G","Strike_G","Survivor","Neutralize+1","Glass Knife+1","Deadly Poison","Noxious Fumes+1","Slice","Dodge and Roll+1","Well Laid Plans+1","Deflect","Deadly Poison","Night Terror+1","Ghostly","Ghostly","Ghostly","Ghostly","Ghostly","Glass Knife+1","Escape Plan","Prepared+1","Catalyst","Poisoned Stab+1","Escape Plan+1"],"special_seed":0,"relics":["Ring of the Snake","Tiny Chest","Calipers","The Courier","Odd Mushroom","Busted Crown","Mango","Letter Opener","Snake Skull","Happy Flower","PreservedInsect","Eternal Feather","Red Mask","Girya","Prayer Wheel"],"potions_floor_usage":[50,50,50],"damage_taken":[{"damage":0.0,"enemies":"2 Louse","floor":1.0,"turns":2.0},{"damage":0.0,"enemies":"Cultist","floor":2.0,"turns":3.0},{"damage":0.0,"enemies":"Small Slimes","floor":4.0,"turns":2.0},{"damage":17.0,"enemies":"Gremlin Gang","floor":5.0,"turns":5.0},{"damage":2.0,"enemies":"3 Louse","floor":7.0,"turns":4.0},{"damage":21.0,"enemies":"3 Sentries","floor":11.0,"turns":7.0},{"damage":22.0,"enemies":"Exordium Thugs","floor":13.0,"turns":4.0},{"damage":0.0,"enemies":"The Mushroom Lair","floor":14.0,"turns":4.0},{"damage":12.0,"enemies":"The Guardian","floor":16.0,"turns":10.0},{"damage":12.0,"enemies":"2 Thieves","floor":18.0,"turns":4.0},{"damage":11.0,"enemies":"Spheric Guardian","floor":20.0,"turns":5.0},{"damage":3.0,"enemies":"Book of Stabbing","floor":24.0,"turns":7.0},{"damage":2.0,"enemies":"Cultist and Chosen","floor":27.0,"turns":6.0},{"damage":0.0,"enemies":"Centurion and Healer","floor":28.0,"turns":9.0},{"damage":3.0,"enemies":"Gremlin Leader","floor":29.0,"turns":7.0},{"damage":3.0,"enemies":"Collector","floor":33.0,"turns":8.0},{"damage":0.0,"enemies":"3 Darklings","floor":35.0,"turns":4.0},{"damage":0,"enemies":"Orb Walker","floor":38,"turns":4},{"damage":0,"enemies":"Jaw Worm Horde","floor":39,"turns":5},{"damage":1,"enemies":"Mind Bloom Boss Battle","floor":41,"turns":7},{"damage":2,"enemies":"Giant Head","floor":42,"turns":9},{"damage":0,"enemies":"Maw","floor":47,"turns":8},{"damage":0,"enemies":"Spire Growth","floor":48,"turns":6},{"damage":38,"enemies":"Awakened One","floor":50,"turns":16}],"seed_played":"-4392749567782857434","potions_obtained":[{"floor":1.0,"key":"Swift Potion"},{"floor":4.0,"key":"Swift Potion"},{"floor":11.0,"key":"Strength Potion"},{"floor":20.0,"key":"Block Potion"},{"floor":28.0,"key":"Fire Potion"},{"floor":29.0,"key":"Dexterity Potion"},{"floor":48,"key":"Strength Potion"}],"is_trial":false,"path_per_floor":["?","M","T","?","?","M","?","$","?","?","?","$","?","M"],"character_chosen":"THE_SILENT","items_purchased":["Well Laid Plans","Mango","Letter Opener","Glass Knife","Catalyst"],"campfire_rested":2,"item_purchase_floors":[10,22,22,22,45],"current_hp_per_floor":[63,63,63,63,46,46,44,44,44,44,23,23,1,1,19,7,49,37,13,2,2,16,29,26,26,26,24,24,21,21,21,21,18,38,38,38,38,38,38,43,42,40,40,43,43,43,43,43,43,5],"gold":124,"neow_bonus":"THREE_RARE_CARDS","is_prod":false,"is_daily":false,"chose_seed":false,"campfire_upgraded":6,"win_rate":0,"timestamp":1562977129,"path_taken":["M","M","?","M","M","R","?","?","T","$","E","R","M","?","R","BOSS","M","?","?","?","$","R","E","R","T","M","M","E","R","?","R","BOSS","M","?","?","M","M","R","?","E","T","R","?","?","M","?","R","BOSS"],"build_version":"2019-01-23","purchased_purges":3,"victory":true,"max_hp_per_floor":[63,63,63,63,63,63,63,63,63,63,63,63,63,63,63,63,63,63,63,63,31,45,45,45,45,45,45,45,45,45,45,45,45,45,45,45,43,43,43,43,43,43,43,43,43,43,43,43,43,43],"card_choices":[{"not_picked":["Storm of Steel","Night Terror"],"picked":"Glass Knife","floor":0.0},{"not_picked":["Reflex","Flechettes"],"picked":"Deadly Poison","floor":1.0},{"not_picked":["Dagger Throw","Blade Dance"],"picked":"Noxious Fumes","floor":2.0},{"not_picked":["Escape Plan","Cloak And Dagger","Outmaneuver"],"picked":"SKIP","floor":4.0},{"not_picked":["Acrobatics","Tactician"],"picked":"Slice","floor":5.0},{"not_picked":["Dagger Spray","Sucker Punch"],"picked":"Dodge and Roll","floor":7.0},{"not_picked":["Quick Slash","Calculated Gamble"],"picked":"Deflect","floor":11.0},{"not_picked":["Accuracy","Cloak And Dagger","Sucker Punch"],"picked":"SKIP","floor":13.0},{"not_picked":["Dagger Throw","Deflect"],"picked":"Deadly Poison","floor":14.0},{"not_picked":["Grand Finale","Phantasmal Killer"],"picked":"Night Terror","floor":16.0},{"not_picked":["Flechettes+1"],"picked":"SKIP","floor":18.0},{"not_picked":["Acrobatics"],"picked":"SKIP","floor":20.0},{"not_picked":[],"picked":"Escape Plan","floor":24.0},{"not_picked":["Flying Knee"],"picked":"SKIP","floor":27.0},{"not_picked":["Bane+1"],"picked":"SKIP","floor":28.0},{"not_picked":["Finisher"],"picked":"SKIP","floor":29.0},{"not_picked":[],"picked":"Prepared+1","floor":35.0},{"not_picked":["Flying Knee+1"],"picked":"SKIP","floor":38},{"not_picked":["Endless Agony"],"picked":"SKIP","floor":39},{"not_picked":["Blur+1"],"picked":"SKIP","floor":42},{"not_picked":[],"picked":"Poisoned Stab+1","floor":47},{"not_picked":["Cloak And Dagger"],"picked":"SKIP","floor":47},{"not_picked":[],"picked":"Escape Plan+1","floor":48},{"not_picked":["Bouncing Flask"],"picked":"SKIP","floor":48}],"player_experience":383560,"relics_obtained":[{"floor":8.0,"key":"Tiny Chest"},{"floor":9.0,"key":"Calipers"},{"floor":11.0,"key":"The Courier"},{"floor":14.0,"key":"Odd Mushroom"},{"floor":24.0,"key":"Snake Skull"},{"floor":26.0,"key":"Happy Flower"},{"floor":29.0,"key":"PreservedInsect"},{"floor":41,"key":"Girya"},{"floor":43,"key":"Prayer Wheel"}],"event_choices":[{"damage_healed":0.0,"max_hp_gain":0.0,"max_hp_loss":0.0,"gold_gain":0.0,"event_name":"Upgrade Shrine","player_choice":"Upgraded","floor":3.0,"gold_loss":0.0,"damage_taken":0.0,"cards_upgraded":["Glass Knife"]},{"damage_healed":0.0,"max_hp_gain":0.0,"max_hp_loss":0.0,"gold_gain":0.0,"event_name":"Mushrooms","player_choice":"Fought Mushrooms","floor":14.0,"gold_loss":0.0,"damage_taken":0.0},{"damage_healed":0.0,"max_hp_gain":0.0,"max_hp_loss":0.0,"gold_gain":270.0,"event_name":"Knowing Skull","player_choice":"GOLD GOLD GOLD ","floor":19.0,"potions_obtained":[],"gold_loss":0.0,"damage_taken":24.0,"cards_obtained":[]},{"damage_healed":0.0,"max_hp_gain":0.0,"max_hp_loss":32.0,"gold_gain":0.0,"event_name":"Ghosts","player_choice":"Became a Ghost","floor":21.0,"gold_loss":0.0,"damage_taken":0.0,"cards_obtained":["Ghostly","Ghostly","Ghostly","Ghostly","Ghostly"]},{"damage_healed":0.0,"max_hp_gain":0.0,"max_hp_loss":0.0,"gold_gain":0.0,"event_name":"Tomb of Lord Red Mask","player_choice":"Paid","floor":36.0,"gold_loss":174.0,"damage_taken":0.0,"relics_obtained":["Red Mask"]},{"damage_healed":0.0,"max_hp_gain":0.0,"max_hp_loss":2.0,"gold_gain":0.0,"event_name":"Winding Halls","player_choice":"Max HP","floor":37.0,"gold_loss":0.0,"damage_taken":0.0},{"damage_healed":0,"gold_gain":0,"player_choice":"Fight","damage_taken":0,"max_hp_gain":0,"max_hp_loss":0,"event_name":"MindBloom","floor":41,"gold_loss":0},{"cards_removed":["Strike_G"],"damage_healed":0,"gold_gain":0,"player_choice":"Removed Attack","damage_taken":0,"max_hp_gain":0,"max_hp_loss":0,"event_name":"Falling","floor":46,"gold_loss":0}],"is_beta":false,"boss_relics":[{"not_picked":["HoveringKite","Runic Dome"],"picked":"Busted Crown"},{"not_picked":["Black Star","Calling Bell"],"picked":"Eternal Feather"}],"items_purged_floors":[10,22,31],"is_endless":false,"potions_floor_spawned":[1,4,11,20,28,29,41,48],"ascension_level":8}