{"gold_per_floor":[114,114,129,144,159,159,189,204,204,204],"floor_reached":10,"playtime":648,"items_purged":[],"score":70,"play_id":"450dd5c5-9503-47ad-9fe4-5c3bdec2f16f","local_time":"20190510172916","daily_mods":["Chimera","ControlledChaos","Elite Swarm"],"is_ascension_mode":false,"campfire_choices":[{"data":"Zap","floor":6,"key":"SMITH"}],"neow_cost":"","seed_source_timestamp":0,"circlet_count":0,"master_deck":["Bash","Survivor","Zap+1","Strike_R","Strike_G","Strike_B","Defend_R","Defend_G","Defend_B","Concentrate","Underhanded Strike","Acrobatics","Choke","After Image","Dagger Spray"],"special_seed":18026,"relics":["Ring of the Snake","Frozen Eye","Calipers","Question Card"],"potions_floor_usage":[4,7],"damage_taken":[{"damage":11,"enemies":"2 Louse","floor":1,"turns":2},{"damage":10,"enemies":"Jaw Worm","floor":3,"turns":4},{"damage":3,"enemies":"Small Slimes","floor":4,"turns":3},{"damage":12,"enemies":"Blue Slaver","floor":5,"turns":2},{"damage":13,"enemies":"3 Sentries","floor":7,"turns":6},{"damage":9,"enemies":"Looter","floor":8,"turns":4},{"damage":12,"enemies":"Gremlin Nob","floor":10,"turns":2}],"seed_played":"4631106122310564373","potions_obtained":[{"floor":1,"key":"EssenceOfSteel"},{"floor":3,"key":"Swift Potion"}],"is_trial":false,"path_per_floor":["M","?","M","M","M","R","E","M","T","E"],"character_chosen":"THE_SILENT","items_purchased":[],"campfire_rested":0,"item_purchase_floors":[],"current_hp_per_floor":[59,59,49,46,34,34,21,12,12,0],"gold":204,"neow_bonus":"","is_prod":false,"is_daily":true,"chose_seed":false,"campfire_upgraded":1,"win_rate":0.0,"timestamp":1557523756,"path_taken":["M","?","M","M","M","R","E","M","T","E"],"build_version":"2019-01-23","purchased_purges":0,"victory":false,"max_hp_per_floor":[70,70,70,70,70,70,70,70,70,70],"card_choices":[{"not_picked":["Acrobatics","Poisoned Stab"],"picked":"Concentrate","floor":1},{"not_picked":["Acrobatics","Cloak And Dagger"],"picked":"Underhanded Strike","floor":3},{"not_picked":["Concentrate","Flechettes"],"picked":"Acrobatics","floor":4},{"not_picked":["Finisher","Outmaneuver"],"picked":"Choke","floor":5},{"not_picked":["Doppelganger","Envenom"],"picked":"After Image","floor":7},{"not_picked":["Flying Knee","Cloak And Dagger"],"picked":"Dagger Spray","floor":8}],"player_experience":101538,"relics_obtained":[{"floor":7,"key":"Calipers"},{"floor":9,"key":"Question Card"}],"event_choices":[{"damage_healed":0,"gold_gain":0,"player_choice":"Fled","damage_taken":0,"max_hp_gain":0,"max_hp_loss":0,"event_name":"Scrap Ooze","floor":2,"gold_loss":0}],"is_beta":false,"boss_relics":[],"items_purged_floors":[],"is_endless":false,"potions_floor_spawned":[1,3],"killed_by":"Gremlin Nob","ascension_level":0}