{"gold_per_floor":[114,114,89,89,104,119,149,149,149,149,30,30,30,60,60,160,160,175,175,183,198,76,76,76,76,76,106,205,220,220,235,235,335,335,350,365,380,380,8,8,8,8,8,38,38,53,83,98,98,98],"floor_reached":50,"playtime":3188,"items_purged":[],"score":649,"play_id":"b8da8382-dd98-49bb-8c0d-2beb127c21e2","local_time":"20190511223634","daily_mods":["Specialized","Flight","DeadlyEvents"],"is_ascension_mode":false,"campfire_choices":[{"data":"Blade Dance","floor":8,"key":"SMITH"},{"floor":10,"key":"REST"},{"data":"Infinite Blades","floor":13,"key":"SMITH"},{"floor":15,"key":"REST"},{"floor":23,"key":"REST"},{"data":"Infinite Blades","floor":24,"key":"SMITH"},{"floor":25,"key":"REST"},{"floor":30,"key":"REST"},{"floor":32,"key":"REST"},{"data":"Envenom","floor":40,"key":"SMITH"},{"floor":42,"key":"REST"},{"floor":49,"key":"REST"}],"neow_cost":"","seed_source_timestamp":2642085767995147,"circlet_count":0,"master_deck":["Defend_G","Defend_G","Defend_G","Defend_G","Defend_G","Strike_G","Strike_G","Strike_G","Strike_G","Survivor","Neutralize+1","Accuracy","Accuracy","Accuracy","Accuracy","Accuracy","Prepared+1","Quick Slash","Predator","Blade Dance+1","Tools of the Trade","Cloak And Dagger","Infinite Blades+1","Venomology","Envenom+1","Cloak And Dagger","Cloak And Dagger","Infinite Blades+1","Escape Plan","Burst","Blade Dance+1","Cloak And Dagger+1","Backstab+1","Madness","Madness","Well Laid Plans","Dark Shackles","Pain","Prepared+1","Blade Dance+1","Prepared"],"special_seed":18028,"relics":["Ring of the Serpent","Bottled Tornado","Dead Branch","Pocketwatch","Bag of Marbles","Red Mask","Mummified Hand","Bag of Preparation","WristBlade","Strange Spoon","WarpedTongs","Ninja Scroll","Thread and Needle","Tough Bandages"],"potions_floor_usage":[7,16,18,18,20,27,31,33,33,36,37,47,47],"damage_taken":[{"damage":9,"enemies":"2 Louse","floor":1,"turns":3},{"damage":11,"enemies":"Jaw Worm","floor":5,"turns":4},{"damage":4,"enemies":"Cultist","floor":6,"turns":3},{"damage":24,"enemies":"Lagavulin","floor":7,"turns":6},{"damage":10,"enemies":"Gremlin Nob","floor":14,"turns":3},{"damage":39,"enemies":"The Guardian","floor":16,"turns":6},{"damage":27,"enemies":"2 Thieves","floor":18,"turns":4},{"damage":27,"enemies":"Masked Bandits","floor":20,"turns":4},{"damage":0,"enemies":"Spheric Guardian","floor":21,"turns":3},{"damage":30,"enemies":"Slavers","floor":27,"turns":4},{"damage":10,"enemies":"Centurion and Healer","floor":29,"turns":3},{"damage":22,"enemies":"Snake Plant","floor":31,"turns":3},{"damage":20,"enemies":"Champ","floor":33,"turns":7},{"damage":11,"enemies":"3 Shapes","floor":35,"turns":2},{"damage":17,"enemies":"3 Darklings","floor":36,"turns":3},{"damage":2,"enemies":"Sphere and 2 Shapes","floor":37,"turns":4},{"damage":19,"enemies":"Reptomancer","floor":44,"turns":4},{"damage":25,"enemies":"4 Shapes","floor":46,"turns":2},{"damage":0,"enemies":"Nemesis","floor":47,"turns":3},{"damage":0,"enemies":"Writhing Mass","floor":48,"turns":3},{"damage":39,"enemies":"Awakened One","floor":50,"turns":3}],"seed_played":"-3356535960329970887","potions_obtained":[{"floor":6,"key":"Explosive Potion"},{"floor":14,"key":"Fire Potion"},{"floor":16,"key":"Weak Potion"},{"floor":20,"key":"Weak Potion"},{"floor":29,"key":"Explosive Potion"},{"floor":31,"key":"Fire Potion"},{"floor":35,"key":"Dexterity Potion"},{"floor":36,"key":"GhostInAJar"}],"is_trial":false,"path_per_floor":["M","?","$","?","M","M","E","R","T","R","$","?","R","E","R","B",null,"M","?","?","M","$","R","R","R","T","E","?","M","R","M","R","B",null,"M","M","M","?","$","R","?","R","T","E","$","M","E","M","R","B"],"character_chosen":"THE_SILENT","items_purchased":["Quick Slash","Cloak And Dagger","Infinite Blades","Infinite Blades","Escape Plan","Well Laid Plans","Dark Shackles","Strange Spoon"],"campfire_rested":8,"item_purchase_floors":[3,11,11,22,22,39,39,39],"current_hp_per_floor":[61,61,61,61,50,46,22,22,22,43,43,43,43,33,54,15,70,43,43,16,16,16,37,37,58,58,28,28,18,39,17,38,18,70,59,42,40,31,31,31,31,52,52,33,33,8,8,8,29,0],"gold":98,"neow_bonus":"","is_prod":false,"is_daily":true,"chose_seed":false,"campfire_upgraded":4,"win_rate":0,"timestamp":1557628594,"path_taken":["M","?","$","?","M","M","?","R","T","R","$","?","R","?","R","BOSS","M","?","?","M","$","R","R","R","T","?","?","?","R","M","R","BOSS","M","M","M","?","$","R","?","R","T","?","?","M","?","M","R","BOSS"],"build_version":"2019-01-23","purchased_purges":0,"victory":false,"max_hp_per_floor":[70,70,70,70,70,70,70,70,70,70,70,70,70,70,70,70,70,70,70,70,70,70,70,70,70,70,70,70,70,70,70,70,70,70,70,70,70,70,70,70,70,70,70,70,70,70,70,70,70,70],"card_choices":[{"not_picked":["PiercingWail","Sucker Punch"],"picked":"Prepared","floor":1},{"not_picked":["Sucker Punch","Poisoned Stab"],"picked":"Predator","floor":5},{"not_picked":["Deflect","PiercingWail"],"picked":"Blade Dance","floor":6},{"not_picked":["Dagger Spray","All Out Attack"],"picked":"Tools of the Trade","floor":7},{"not_picked":["Dagger Throw","Reflex"],"picked":"Venomology","floor":14},{"not_picked":["Corpse Explosion","Doppelganger"],"picked":"Envenom","floor":16},{"not_picked":["Escape Plan","Footwork"],"picked":"Cloak And Dagger","floor":18},{"not_picked":["Accuracy+1","Heel Hook"],"picked":"Cloak And Dagger","floor":20},{"not_picked":["All Out Attack","Deflect","Flying Knee"],"picked":"SKIP","floor":21},{"not_picked":["Quick Slash","Setup+1","Sucker Punch"],"picked":"SKIP","floor":27},{"not_picked":["Dagger Spray","Backflip","Crippling Poison"],"picked":"SKIP","floor":29},{"not_picked":["Flying Knee","Backflip+1","Outmaneuver"],"picked":"SKIP","floor":31},{"not_picked":["Corpse Explosion","Unload"],"picked":"Burst","floor":33},{"not_picked":["Footwork","Dodge and Roll"],"picked":"Blade Dance+1","floor":35},{"not_picked":["Deflect","Concentrate+1"],"picked":"Cloak And Dagger+1","floor":36},{"not_picked":["Escape Plan+1","Expertise+1"],"picked":"Backstab+1","floor":37},{"not_picked":["Slice","Underhanded Strike"],"picked":"Prepared+1","floor":44},{"not_picked":["Dagger Throw+1","Predator"],"picked":"Blade Dance+1","floor":46},{"not_picked":["Flying Knee","Cloak And Dagger"],"picked":"Prepared","floor":47},{"not_picked":["Expertise+1","Catalyst","Deadly Poison+1"],"picked":"SKIP","floor":48}],"player_experience":128136,"relics_obtained":[{"floor":7,"key":"Bottled Tornado"},{"floor":9,"key":"Dead Branch"},{"floor":14,"key":"Pocketwatch"},{"floor":20,"key":"Red Mask"},{"floor":26,"key":"Mummified Hand"},{"floor":27,"key":"Bag of Preparation"},{"floor":43,"key":"Ninja Scroll"},{"floor":44,"key":"Thread and Needle"},{"floor":47,"key":"Tough Bandages"}],"event_choices":[{"damage_healed":0,"gold_gain":0,"player_choice":"Grow","damage_taken":0,"max_hp_gain":0,"max_hp_loss":0,"event_name":"Living Wall","floor":2,"gold_loss":0,"cards_upgraded":["Neutralize"]},{"damage_healed":0,"gold_gain":0,"player_choice":"Upgraded","damage_taken":0,"max_hp_gain":0,"max_hp_loss":0,"event_name":"Upgrade Shrine","floor":4,"gold_loss":0,"cards_upgraded":["Prepared"]},{"cards_removed":["Strike_G"],"damage_healed":0,"gold_gain":0,"player_choice":"Purged","damage_taken":0,"max_hp_gain":0,"max_hp_loss":0,"event_name":"Purifier","floor":12,"gold_loss":0},{"damage_healed":0,"gold_gain":0,"player_choice":"Opened","damage_taken":0,"relics_obtained":["Bag of Marbles"],"max_hp_gain":0,"max_hp_loss":0,"event_name":"The Mausoleum","floor":19,"gold_loss":0},{"damage_healed":0,"gold_gain":0,"player_choice":"Fought Bandits","damage_taken":0,"max_hp_gain":0,"max_hp_loss":0,"event_name":"Masked Bandits","floor":20,"gold_loss":0},{"damage_healed":0,"gold_gain":99,"player_choice":"Stole From Cult","damage_taken":0,"max_hp_gain":0,"max_hp_loss":0,"event_name":"Nest","floor":28,"gold_loss":0},{"damage_healed":0,"gold_gain":0,"player_choice":"Embrace Madness","damage_taken":9,"max_hp_gain":0,"max_hp_loss":0,"event_name":"Winding Halls","floor":38,"gold_loss":0,"cards_obtained":["Madness","Madness"]},{"damage_healed":0,"gold_gain":0,"player_choice":"Rummage","damage_taken":0,"relics_obtained":["WarpedTongs"],"max_hp_gain":0,"max_hp_loss":0,"event_name":"Accursed Blacksmith","floor":41,"gold_loss":0,"cards_obtained":["Pain"]}],"is_beta":false,"boss_relics":[{"not_picked":["Snecko Eye","Ectoplasm"],"picked":"Ring of the Serpent"},{"not_picked":["Orrery","Fusion Hammer"],"picked":"WristBlade"}],"items_purged_floors":[],"is_endless":false,"potions_floor_spawned":[6,14,16,20,29,31,35,36],"killed_by":"Awakened One","ascension_level":0}