{"gold_per_floor":[118,138,55,55,55,84,102,102,102,135,135,50,125,125,125,204,204,222,232,182,16,31,31,31,49,49,80,80,94,94,110,110,110],"floor_reached":33,"playtime":1438,"items_purged":[],"score":546,"play_id":"bd92646f-4150-4e0d-9a13-bfdda9da8cff","local_time":"20190712013650","is_ascension_mode":true,"campfire_choices":[{"data":"Static Discharge","floor":8,"key":"SMITH"},{"data":"Ball Lightning","floor":11,"key":"SMITH"},{"data":"Rainbow","floor":15,"key":"SMITH"},{"floor":23,"key":"REST"},{"floor":30,"key":"REST"},{"floor":32,"key":"REST"}],"neow_cost":"NONE","seed_source_timestamp":150031259767503,"circlet_count":0,"master_deck":["AscendersBane","Zap","Dualcast","Lockon","Steam Power","Chill","Rainbow+1","Stack+1","Static Discharge+1","Heatsinks","Ball Lightning+1","Go for the Eyes+1","Static Discharge+1","Ball Lightning","Undo","Auto Shields","Amplify+1","Leap","Capacitor","Glacier","Reinforced Body","Shame","Leap","Parasite","Machine Learning+1","Reprogram","Loop"],"relics":["Pandora\u0027s Box","Gremlin Horn","Bottled Flame","Bottled Tornado","Cursed Key","War Paint","Mummified Hand","Potion Belt"],"potions_floor_usage":[22,27,29,31,33],"damage_taken":[{"damage":8,"enemies":"Jaw Worm","floor":1,"turns":3},{"damage":3,"enemies":"2 Louse","floor":2,"turns":3},{"damage":6,"enemies":"Gremlin Nob","floor":6,"turns":3},{"damage":0,"enemies":"Cultist","floor":7,"turns":3},{"damage":15,"enemies":"3 Sentries","floor":10,"turns":4},{"damage":11,"enemies":"Hexaghost","floor":16,"turns":7},{"damage":8,"enemies":"Chosen","floor":18,"turns":3},{"damage":5,"enemies":"Shell Parasite","floor":19,"turns":3},{"damage":7,"enemies":"Centurion and Healer","floor":22,"turns":10},{"damage":17,"enemies":"Snake Plant","floor":25,"turns":1},{"damage":29,"enemies":"Book of Stabbing","floor":27,"turns":4},{"damage":1,"enemies":"Snecko","floor":29,"turns":6},{"damage":11,"enemies":"Centurion and Healer","floor":31,"turns":7},{"damage":42,"enemies":"Collector","floor":33,"turns":9}],"seed_played":"3954088176920793382","potions_obtained":[{"floor":10,"key":"SkillPotion"},{"floor":16,"key":"FocusPotion"},{"floor":25,"key":"SpeedPotion"},{"floor":27,"key":"SkillPotion"},{"floor":29,"key":"Weak Potion"}],"is_trial":false,"path_per_floor":["M","M","$","?","?","E","M","R","T","E","R","$","?","?","R","B",null,"M","M","?","$","M","R","?","M","T","E","?","M","R","M","R","B"],"character_chosen":"DEFECT","items_purchased":["Static Discharge","Auto Shields","Capacitor","Glacier"],"campfire_rested":3,"item_purchase_floors":[3,12,21,21],"current_hp_per_floor":[56,53,53,46,46,40,40,40,40,25,25,25,14,14,14,3,54,46,41,41,41,34,55,55,38,38,9,9,8,29,18,39,0],"gold":110,"neow_bonus":"BOSS_RELIC","is_prod":false,"is_daily":false,"chose_seed":false,"campfire_upgraded":3,"win_rate":0,"timestamp":1562888210,"path_taken":["M","M","$","?","?","E","M","R","T","E","R","$","?","?","R","BOSS","M","M","?","$","?","R","?","M","T","E","?","?","R","M","R","BOSS"],"build_version":"2019-07-05","purchased_purges":0,"victory":false,"max_hp_per_floor":[71,71,71,71,71,71,71,71,71,71,71,71,71,71,71,71,71,71,71,71,71,71,71,71,71,71,71,71,71,71,71,71,71],"card_choices":[{"not_picked":["Redo","Rebound"],"picked":"Ball Lightning","floor":1},{"not_picked":["Leap","Coolheaded"],"picked":"Go for the Eyes","floor":2},{"not_picked":["Steam","Cold Snap","BootSequence"],"picked":"SKIP","floor":6},{"not_picked":["Heatsinks","Cold Snap"],"picked":"Ball Lightning","floor":7},{"not_picked":["Barrage","White Noise"],"picked":"Undo","floor":10},{"not_picked":["Creative AI","Fission"],"picked":"Amplify","floor":16},{"not_picked":["Recycle","Redo+1"],"picked":"Leap","floor":18},{"not_picked":["Streamline","Double Energy","Redo"],"picked":"SKIP","floor":19},{"not_picked":["Beam Cell","Steam"],"picked":"Reinforced Body","floor":22},{"not_picked":["Heatsinks","Rebound"],"picked":"Leap","floor":25},{"not_picked":["Skim","Tempest"],"picked":"Machine Learning","floor":27},{"not_picked":["Redo","Leap"],"picked":"Reprogram","floor":29},{"not_picked":["Leap","Turbo"],"picked":"Loop","floor":31}],"player_experience":619325,"relics_obtained":[{"floor":6,"key":"Gremlin Horn"},{"floor":9,"key":"Bottled Flame"},{"floor":10,"key":"Bottled Tornado"},{"floor":26,"key":"Mummified Hand"},{"floor":27,"key":"Potion Belt"}],"event_choices":[{"cards_removed":["Stack"],"damage_healed":0,"gold_gain":0,"player_choice":"Card Removal","damage_taken":7,"max_hp_gain":0,"max_hp_loss":0,"event_name":"Golden Wing","floor":4,"gold_loss":0},{"damage_healed":0,"gold_gain":0,"player_choice":"Grow","damage_taken":0,"max_hp_gain":0,"max_hp_loss":0,"event_name":"Living Wall","floor":5,"gold_loss":0,"cards_upgraded":["Static Discharge"]},{"damage_healed":0,"gold_gain":75,"player_choice":"Gather Gold","damage_taken":11,"max_hp_gain":0,"max_hp_loss":0,"event_name":"World of Goop","floor":13,"gold_loss":0},{"damage_healed":0,"gold_gain":0,"player_choice":"Ignored","damage_taken":0,"max_hp_gain":0,"max_hp_loss":0,"event_name":"Shining Light","floor":14,"gold_loss":0},{"damage_healed":0,"gold_gain":0,"player_choice":"Upgrade","damage_taken":0,"max_hp_gain":0,"max_hp_loss":0,"event_name":"Designer","floor":20,"gold_loss":50,"cards_upgraded":["Go for the Eyes"]},{"damage_healed":0,"gold_gain":0,"player_choice":"Stole Relic","damage_taken":0,"relics_obtained":["War Paint"],"max_hp_gain":0,"max_hp_loss":0,"event_name":"Addict","floor":24,"gold_loss":0,"cards_obtained":["Shame"]},{"damage_healed":0,"gold_gain":0,"player_choice":"Forge","damage_taken":0,"max_hp_gain":0,"max_hp_loss":0,"event_name":"Accursed Blacksmith","floor":28,"gold_loss":0,"cards_upgraded":["Machine Learning"]}],"is_beta":false,"boss_relics":[{"not_picked":["Philosopher\u0027s Stone","Tiny House"],"picked":"Cursed Key"}],"items_purged_floors":[],"is_endless":false,"potions_floor_spawned":[10,16,25,27,29],"killed_by":"Collector","ascension_level":20}