{"gold_per_floor":[114,129,144,144,159,159,189,189,214,214,139,154,169,184,184,284,284,299,314,14,29,44,74,74,74,74,74,89,89,104,53,53,53],"floor_reached":33,"playtime":1257,"items_purged":["Defend_G","Defend_R"],"score":321,"play_id":"95ec77fc-29b4-4a96-a2c5-e0606dfcbd71","local_time":"20190513202117","daily_mods":["Chimera","Uncertain Future","Lethality"],"is_ascension_mode":false,"campfire_choices":[{"data":"Inflame","floor":6,"key":"SMITH"},{"data":"Armaments","floor":8,"key":"SMITH"},{"data":"Warcry","floor":15,"key":"SMITH"},{"data":"Armaments","floor":25,"key":"SMITH"},{"data":"Zap","floor":29,"key":"SMITH"},{"data":"Flex","floor":32,"key":"SMITH"}],"neow_cost":"","seed_source_timestamp":0,"circlet_count":0,"master_deck":["Bash","Survivor","Zap+1","Defend_B","Anger","Inflame+1","Bloodletting","Armaments+1","Warcry+1","Pommel Strike","Thunderclap","Limit Break","Armaments+1","Combust+1","Armaments+1","Thunderclap+1","Uppercut","Iron Wave","Bite","Bite","Bite","Bite","Bite","Rampage","Flex+1"],"special_seed":18030,"relics":["Burning Blood","Blue Candle","Strawberry","Bottled Lightning","Busted Crown","DollysMirror","Unceasing Top","Pear","Meat on the Bone"],"potions_floor_usage":[12,14,16,16,22,23,23,33],"damage_taken":[{"damage":9,"enemies":"Cultist","floor":1,"turns":3},{"damage":6,"enemies":"2 Louse","floor":2,"turns":3},{"damage":1,"enemies":"Jaw Worm","floor":3,"turns":3},{"damage":11,"enemies":"Large Slime","floor":5,"turns":4},{"damage":32,"enemies":"Lagavulin","floor":7,"turns":4},{"damage":13,"enemies":"Looter","floor":12,"turns":3},{"damage":3,"enemies":"Exordium Wildlife","floor":13,"turns":2},{"damage":0,"enemies":"2 Fungi Beasts","floor":14,"turns":2},{"damage":66,"enemies":"The Guardian","floor":16,"turns":6},{"damage":0,"enemies":"Chosen","floor":18,"turns":4},{"damage":3,"enemies":"Spheric Guardian","floor":19,"turns":3},{"damage":31,"enemies":"Snecko","floor":21,"turns":5},{"damage":0,"enemies":"Snake Plant","floor":22,"turns":2},{"damage":3,"enemies":"Gremlin Leader","floor":23,"turns":4},{"damage":19,"enemies":"3 Cultists","floor":28,"turns":4},{"damage":15,"enemies":"Cultist and Chosen","floor":30,"turns":3},{"damage":85,"enemies":"Collector","floor":33,"turns":5}],"seed_played":"7474928015794905263","potions_obtained":[{"floor":1,"key":"Poison Potion"},{"floor":7,"key":"Regen Potion"},{"floor":12,"key":"Energy Potion"},{"floor":13,"key":"FearPotion"},{"floor":16,"key":"GamblersBrew"},{"floor":18,"key":"EssenceOfSteel"},{"floor":21,"key":"Energy Potion"},{"floor":28,"key":"Fire Potion"}],"is_trial":false,"path_per_floor":["M","M","M","?","M","R","E","R","T","T","$","M","M","M","R","B",null,"M","M","$","M","M","E","?","R","T","?","M","R","M","$","R","B"],"character_chosen":"IRONCLAD","items_purchased":["DollysMirror","Flex"],"campfire_rested":0,"item_purchase_floors":[20,31],"current_hp_per_floor":[77,77,80,85,80,80,54,54,61,61,61,63,66,72,72,12,92,92,92,92,67,73,76,64,64,74,74,67,67,61,61,61,0],"gold":53,"neow_bonus":"","is_prod":false,"is_daily":true,"chose_seed":false,"campfire_upgraded":6,"win_rate":0,"timestamp":1557793277,"path_taken":["M","?","M","?","M","R","E","R","T","?","$","M","M","M","R","BOSS","M","M","$","M","M","E","?","R","T","?","M","R","M","?","R","BOSS"],"build_version":"2019-01-23","purchased_purges":2,"victory":false,"max_hp_per_floor":[80,80,80,85,85,85,85,85,92,92,92,92,92,92,92,92,92,92,92,92,92,92,92,64,64,74,74,74,74,74,74,74,74],"card_choices":[{"not_picked":["Second Wind","Clash","Sword Boomerang"],"picked":"SKIP","floor":1},{"not_picked":["Armaments","Disarm"],"picked":"Anger","floor":2},{"not_picked":["Thunderclap","Clothesline"],"picked":"Inflame","floor":3},{"not_picked":["Body Slam","Feel No Pain"],"picked":"Bloodletting","floor":5},{"not_picked":["Sword Boomerang","Wild Strike"],"picked":"Armaments","floor":7},{"not_picked":["Perfected Strike","Ghostly Armor"],"picked":"Warcry","floor":12},{"not_picked":["Clothesline","Disarm"],"picked":"Pommel Strike","floor":13},{"not_picked":["Wild Strike","Sentinel"],"picked":"Thunderclap","floor":14},{"not_picked":["Impervious","Dark Embrace"],"picked":"Limit Break","floor":16},{"not_picked":[],"picked":"Armaments","floor":18},{"not_picked":[],"picked":"Combust+1","floor":19},{"not_picked":[],"picked":"Thunderclap+1","floor":21},{"not_picked":[],"picked":"Uppercut","floor":22},{"not_picked":[],"picked":"Iron Wave","floor":23},{"not_picked":[],"picked":"Rampage","floor":28},{"not_picked":["Whirlwind"],"picked":"SKIP","floor":30}],"player_experience":147519,"relics_obtained":[{"floor":7,"key":"Blue Candle"},{"floor":9,"key":"Strawberry"},{"floor":10,"key":"Bottled Lightning"},{"floor":23,"key":"Unceasing Top"},{"floor":26,"key":"Pear"}],"event_choices":[{"damage_healed":0,"gold_gain":0,"player_choice":"Donut","damage_taken":0,"max_hp_gain":5,"max_hp_loss":0,"event_name":"Big Fish","floor":4,"gold_loss":0},{"damage_healed":0,"gold_gain":0,"player_choice":"Became a vampire","damage_taken":0,"max_hp_gain":0,"max_hp_loss":28,"event_name":"Vampires","floor":24,"gold_loss":0,"cards_obtained":["Bite","Bite","Bite","Bite","Bite"]},{"damage_healed":0,"gold_gain":0,"player_choice":"Opened","damage_taken":0,"relics_obtained":["Meat on the Bone"],"max_hp_gain":0,"max_hp_loss":0,"event_name":"The Mausoleum","floor":27,"gold_loss":0}],"is_beta":false,"boss_relics":[{"not_picked":["Ectoplasm","Fusion Hammer"],"picked":"Busted Crown"}],"items_purged_floors":[11,20],"is_endless":false,"potions_floor_spawned":[1,7,12,13,16,18,21,28],"killed_by":"Collector","ascension_level":0}