{"gold_per_floor":[150,186,222,222,222,222,303,303,303,381,8,104,155,197,197,494,494,524,560,3,60,60,60,150,150,150,252,291,384,384,437,437,728,728,761,761,818,872,908,989,989,1091,1091,1091,1139,1139,248,335,335,335],"floor_reached":51,"playtime":6185,"items_purged":[],"score":1521,"play_id":"bf289b23-754b-447b-957b-2df406a1a60b","local_time":"20190603221717","daily_mods":["Vintage","Allstar","Heirloom","Time Dilation","Elite Swarm","Midas","Uncertain Future"],"is_ascension_mode":true,"campfire_choices":[{"floor":6.0,"key":"REST"},{"floor":8.0,"key":"REST"},{"floor":15.0,"key":"REST"},{"floor":23,"key":"REST"},{"floor":30,"key":"REST"},{"floor":32,"key":"REST"},{"floor":41,"key":"REST"},{"floor":44,"key":"REST"},{"floor":49,"key":"REST"}],"neow_cost":"","seed_source_timestamp":0,"circlet_count":0,"master_deck":["Survivor","Neutralize","Forethought","PanicButton","Mayhem+1","Deep Breath","Thinking Ahead","Venomology","Metamorphosis","Cloak And Dagger","Venomology","Corpse Explosion","Adrenaline","Calculated Gamble","Quick Slash+1","Catalyst","Deflect","Malaise","All Out Attack+1","A Thousand Cuts","Apotheosis+1","Crippling Poison","Infinite Blades+1","Glass Knife+1","Envenom+1","Glass Knife+1","After Image+1","Deadly Poison","Night Terror+1","Adrenaline","Noxious Fumes+1","Catalyst","Flying Knee+1","Master of Strategy","Burst"],"special_seed":0,"relics":["Ring of the Snake","Torii","Ornamental Fan","Letter Opener","Darkstone Periapt","Incense Burner","Art of War","Molten Egg 2","Meat on the Bone","Vajra","Omamori","Unceasing Top","Lantern","Pandora\u0027s Box","Pantograph","Gremlin Horn","Frozen Egg 2","Question Card","Mummified Hand","Necronomicon","Bottled Lightning","Boot","Blue Candle","Happy Flower","Centennial Puzzle","Fusion Hammer","PreservedInsect","Snake Skull","Ninja Scroll","Potion Belt","Blood Vial","Pear","Tingsha","Mercury Hourglass","War Paint","Chemical X","Orichalcum","StoneCalendar"],"potions_floor_usage":[16,16,16,21,24,27,27,28,28,33,33,37,38,39,42,45,50,50,50,50,50,50],"damage_taken":[{"damage":0.0,"enemies":"Cultist","floor":1.0,"turns":4.0},{"damage":0.0,"enemies":"Small Slimes","floor":2.0,"turns":5.0},{"damage":0.0,"enemies":"2 Louse","floor":3.0,"turns":4.0},{"damage":10.0,"enemies":"Lagavulin","floor":7.0,"turns":12.0},{"damage":10.0,"enemies":"3 Sentries","floor":10.0,"turns":12.0},{"damage":17.0,"enemies":"Gremlin Nob","floor":12.0,"turns":5.0},{"damage":0.0,"enemies":"Exordium Thugs","floor":13.0,"turns":4.0},{"damage":1.0,"enemies":"Exordium Wildlife","floor":14.0,"turns":3.0},{"damage":15,"enemies":"The Guardian","floor":16,"turns":7},{"damage":0,"enemies":"3 Byrds","floor":18,"turns":2},{"damage":0,"enemies":"2 Thieves","floor":19,"turns":2},{"damage":2,"enemies":"Chosen and Byrds","floor":21,"turns":3},{"damage":10,"enemies":"Slavers","floor":24,"turns":2},{"damage":0,"enemies":"Gremlin Leader","floor":27,"turns":3},{"damage":0,"enemies":"Centurion and Healer","floor":28,"turns":2},{"damage":0,"enemies":"Book of Stabbing","floor":29,"turns":4},{"damage":25,"enemies":"Champ","floor":33,"turns":5},{"damage":0,"enemies":"3 Darklings","floor":35,"turns":1},{"damage":1,"enemies":"3 Shapes","floor":37,"turns":2},{"damage":0,"enemies":"Transient","floor":38,"turns":5},{"damage":0,"enemies":"4 Shapes","floor":39,"turns":1},{"damage":0,"enemies":"Reptomancer","floor":40,"turns":2},{"damage":0,"enemies":"Giant Head","floor":42,"turns":4},{"damage":0,"enemies":"3 Darklings","floor":45,"turns":1},{"damage":0,"enemies":"Reptomancer","floor":48,"turns":2},{"damage":0,"enemies":"Awakened One","floor":50,"turns":3}],"seed_played":"3386298254709694653","potions_obtained":[{"floor":1.0,"key":"Block Potion"},{"floor":12.0,"key":"LiquidBronze"},{"floor":14.0,"key":"Strength Potion"},{"floor":18,"key":"Fire Potion"},{"floor":27,"key":"Strength Potion"},{"floor":28,"key":"PowerPotion"},{"floor":39,"key":"LiquidBronze"},{"floor":40,"key":"EntropicBrew"}],"is_trial":true,"path_per_floor":["M","?","?","?","?","T","?","M","?"],"character_chosen":"THE_SILENT","items_purchased":["Metamorphosis","Vajra","Cloak And Dagger","Apotheosis","Crippling Poison","Frozen Egg 2","Infinite Blades+1","Noxious Fumes+1","Catalyst","War Paint","Chemical X","Flying Knee+1","Master of Strategy","Dexterity Potion","Orichalcum"],"campfire_rested":9,"item_purchase_floors":[11,11,11,20,20,20,20,47,47,47,47,47,47,47,47],"current_hp_per_floor":[63,63,63,49,37,58,48,69,69,59,59,42,42,41,62,47,64,64,64,64,70,70,70,60,44,44,44,44,44,65,65,70,45,64,64,64,63,63,63,63,70,80,80,80,80,80,80,80,80,80],"gold":335,"neow_bonus":"","is_prod":false,"is_daily":false,"chose_seed":false,"campfire_upgraded":0,"win_rate":0,"timestamp":1559589437,"path_taken":["M","M","?","?","?","R","E","R","T","E","$","E","M","M","R","BOSS","M","M","$","M","?","R","E","?","T","E","M","E","R","?","R","BOSS","M","?","?","M","M","E","R","E","T","R","M","?","$","E","R","BOSS"],"build_version":"2019-01-23","purchased_purges":0,"victory":true,"max_hp_per_floor":[70,70,70,70,70,70,70,70,70,70,70,70,70,70,70,70,70,70,70,70,70,70,70,70,70,70,70,70,70,70,70,70,70,70,70,70,70,70,70,70,70,80,80,80,80,80,80,80,80,80],"card_choices":[{"not_picked":["Doppelganger","Unload"],"picked":"Venomology","floor":7.0},{"not_picked":["Wraith Form v2","Grand Finale+1","Bullet Time"],"picked":"SKIP","floor":10.0},{"not_picked":["Night Terror","Bullet Time"],"picked":"Venomology","floor":12.0},{"not_picked":["Bullet Time","Malaise"],"picked":"Corpse Explosion","floor":16},{"not_picked":["Storm of Steel","Unload+1","Grand Finale+1"],"picked":"Glass Knife+1","floor":24},{"not_picked":["Burst","Unload+1","Bullet Time"],"picked":"Envenom+1","floor":27},{"not_picked":["Storm of Steel","Malaise","A Thousand Cuts+1"],"picked":"Glass Knife+1","floor":29},{"not_picked":["Glass Knife+1","Wraith Form v2+1","Venomology"],"picked":"After Image+1","floor":33},{"not_picked":["Doppelganger","Venomology","Storm of Steel"],"picked":"Night Terror","floor":40},{"not_picked":["Storm of Steel","Tools of the Trade+1","A Thousand Cuts+1"],"picked":"Adrenaline","floor":42},{"not_picked":["A Thousand Cuts+1","Phantasmal Killer","Corpse Explosion"],"picked":"Burst","floor":48}],"player_experience":168674,"relics_obtained":[{"floor":1.0,"key":"Ornamental Fan"},{"floor":2.0,"key":"Letter Opener"},{"floor":3.0,"key":"Darkstone Periapt"},{"floor":7.0,"key":"Art of War"},{"floor":9.0,"key":"Molten Egg 2"},{"floor":10.0,"key":"Meat on the Bone"},{"floor":12.0,"key":"Omamori"},{"floor":13.0,"key":"Unceasing Top"},{"floor":14.0,"key":"Lantern"},{"floor":18,"key":"Pantograph"},{"floor":19,"key":"Gremlin Horn"},{"floor":21,"key":"Question Card"},{"floor":24,"key":"Mummified Hand"},{"floor":25,"key":"Necronomicon"},{"floor":26,"key":"Bottled Lightning"},{"floor":27,"key":"Boot"},{"floor":28,"key":"Blue Candle"},{"floor":29,"key":"Happy Flower"},{"floor":31,"key":"Centennial Puzzle"},{"floor":35,"key":"PreservedInsect"},{"floor":37,"key":"Snake Skull"},{"floor":38,"key":"Ninja Scroll"},{"floor":39,"key":"Potion Belt"},{"floor":40,"key":"Blood Vial"},{"floor":42,"key":"Pear"},{"floor":43,"key":"Tingsha"},{"floor":45,"key":"Mercury Hourglass"},{"floor":48,"key":"StoneCalendar"}],"event_choices":[{"damage_healed":0.0,"max_hp_gain":0.0,"max_hp_loss":0.0,"gold_gain":0.0,"event_name":"Shining Light","player_choice":"Entered Light","floor":4.0,"gold_loss":0.0,"damage_taken":14.0,"cards_upgraded":["Defend_G","Mayhem"]},{"damage_healed":0.0,"max_hp_gain":0.0,"max_hp_loss":0.0,"gold_gain":0.0,"event_name":"Scrap Ooze","player_choice":"Success","floor":5.0,"gold_loss":0.0,"damage_taken":12.0,"relics_obtained":["Incense Burner"]},{"cards_removed":["Eviscerate"],"damage_healed":0,"gold_gain":0,"player_choice":"Elegance","damage_taken":0,"max_hp_gain":0,"max_hp_loss":0,"event_name":"Back to Basics","floor":22,"gold_loss":0},{"damage_healed":0,"gold_gain":0,"player_choice":"Obtained Book","damage_taken":16,"max_hp_gain":0,"max_hp_loss":0,"event_name":"Cursed Tome","floor":25,"gold_loss":0},{"damage_healed":0,"gold_gain":0,"cards_transformed":["Reflex"],"player_choice":"Transformed","damage_taken":0,"max_hp_gain":0,"max_hp_loss":0,"event_name":"Transmorgrifier","floor":36,"gold_loss":0,"cards_obtained":["Deadly Poison"]},{"damage_healed":0,"gold_gain":0,"player_choice":"Bought 0 Potions","damage_taken":0,"max_hp_gain":0,"max_hp_loss":0,"event_name":"The Woman in Blue","floor":46,"gold_loss":0}],"is_beta":false,"boss_relics":[{"not_picked":["Empty Cage","Ectoplasm"],"picked":"Pandora\u0027s Box"},{"not_picked":["Lizard Tail","Velvet Choker"],"picked":"Fusion Hammer"}],"items_purged_floors":[],"is_endless":false,"potions_floor_spawned":[1,12,14,18,21,27,28,37,39,40,48],"ascension_level":9}