{"gold_per_floor":[114,114,114,114,139,154,154,208,208,223,238,238,253,327,327,427,427,442,79,94,94,207,207,222,41,91,91,91,190,190],"floor_reached":30,"playtime":1580,"items_purged":[],"score":243,"play_id":"ffcfcb4c-4c12-4ea5-bfc4-89ad7c5edec0","local_time":"20190517231159","daily_mods":["Specialized","Red Cards","Night Terrors"],"is_ascension_mode":false,"campfire_choices":[{"data":"mysticmod:PowerSlash","floor":7,"key":"SMITH"},{"floor":12,"key":"REST"},{"data":"mysticmod:Discipline","floor":15,"key":"SMITH"},{"data":"mysticmod:PureInstinct","floor":23,"key":"SMITH"}],"neow_cost":"","seed_source_timestamp":0,"circlet_count":0,"master_deck":["mysticmod:Strike_Mystic","mysticmod:Strike_Mystic","mysticmod:Strike_Mystic","mysticmod:Strike_Mystic","mysticmod:Defend_Mystic","mysticmod:Defend_Mystic","mysticmod:Defend_Mystic","mysticmod:Defend_Mystic","mysticmod:ArcaneDodge","mysticmod:ShockingGrasp","mysticmod:Grapple","mysticmod:Grapple","mysticmod:Grapple","mysticmod:Grapple","mysticmod:Grapple","mysticmod:DiviningBlow+1","mysticmod:PowerSlash+1","mysticmod:Flourish","mysticmod:Discipline+1","mysticmod:Riposte","mysticmod:LightningBolt","mysticmod:KnowledgePool","mysticmod:VorpalThrust","mysticmod:PureInstinct+1","mysticmod:DiviningBlow","mysticmod:MagicWeapon","mysticmod:TomeOfSpells","mysticmod:SuddenClarity+1","mysticmod:Flourish","mysticmod:MightyMagic","Decay"],"special_seed":18034,"relics":["mysticmod:SpellBook","mysticmod:RabbitsFoot","Smiling Mask","Potion Belt","Matryoshka","Runic Pyramid","Membership Card","Shuriken","Gremlin Horn","Boot","hubris:TenFootPole","hubris:SphereOfDissonance","hubris:DeckOfHolding"],"potions_floor_usage":[13,13,18,18,24,30],"damage_taken":[{"damage":0,"enemies":"Jaw Worm","floor":1,"turns":5},{"damage":0,"enemies":"2 Louse","floor":6,"turns":3},{"damage":38,"enemies":"Lagavulin Event","floor":8,"turns":8},{"damage":13,"enemies":"Small Slimes","floor":10,"turns":4},{"damage":4,"enemies":"3 Louse","floor":11,"turns":2},{"damage":6,"enemies":"Red Slaver","floor":13,"turns":3},{"damage":55,"enemies":"Hexaghost","floor":16,"turns":12},{"damage":14,"enemies":"2 Thieves","floor":18,"turns":3},{"damage":30,"enemies":"3 Byrds","floor":20,"turns":5},{"damage":4,"enemies":"Sentry and Sphere","floor":22,"turns":4},{"damage":23,"enemies":"Shelled Parasite and Fungi","floor":24,"turns":8},{"damage":6,"enemies":"Centurion and Healer","floor":30,"turns":2}],"seed_played":"2607773541543886392","potions_obtained":[{"floor":1,"key":"Explosive Potion"},{"floor":6,"key":"LiquidBronze"},{"floor":10,"key":"Ancient Potion"},{"floor":16,"key":"mysticmod:EssenceOfMagic"},{"floor":22,"key":"construct:ShiftPotion"},{"floor":24,"key":"LiquidBronze"}],"is_trial":false,"path_per_floor":["M","?","?","$","T","M","R","?","T","M","M","R","M","?","R","B",null,"M","$","M","?","M","R","M","$","T","?","T","?","M"],"character_chosen":"MYSTIC_CLASS","items_purchased":["Membership Card","mysticmod:PureInstinct","Shuriken","mysticmod:DiviningBlow","mysticmod:Flourish","mysticmod:MightyMagic","Gremlin Horn"],"campfire_rested":1,"item_purchase_floors":[19,19,19,19,25,25,25],"current_hp_per_floor":[77,77,77,77,77,77,77,39,39,26,22,72,66,66,66,11,72,58,58,28,28,24,24,1,1,1,1,1,1,0],"gold":190,"neow_bonus":"","is_prod":false,"is_daily":true,"chose_seed":false,"campfire_upgraded":3,"win_rate":0.0,"timestamp":1558149119,"path_taken":["M","?","?","$","?","M","R","?","T","M","M","R","M","?","R","BOSS","M","$","M","?","M","R","?","?","T","?","?","?","M"],"build_version":"2019-01-23","purchased_purges":0,"victory":false,"max_hp_per_floor":[77,77,77,77,77,77,77,77,77,77,77,72,72,72,72,72,72,72,72,72,72,72,72,72,72,72,72,72,72,72],"card_choices":[{"not_picked":["mysticmod:SuddenClarity","mysticmod:Fly"],"picked":"mysticmod:DiviningBlow","floor":1},{"not_picked":["mysticmod:SuddenClarity","mysticmod:Snowball"],"picked":"mysticmod:PowerSlash","floor":6},{"not_picked":["mysticmod:Stoneskin","mysticmod:Snowball"],"picked":"mysticmod:Flourish","floor":8},{"not_picked":["mysticmod:Alacrity","mysticmod:Dedication"],"picked":"mysticmod:Discipline","floor":10},{"not_picked":["mysticmod:ArcaneAccuracy","mysticmod:Shield"],"picked":"mysticmod:Riposte","floor":11},{"not_picked":["mysticmod:BulkUp","mysticmod:EarthenWall"],"picked":"mysticmod:LightningBolt","floor":13},{"not_picked":["mysticmod:Doublecast","mysticmod:MirrorEntity"],"picked":"mysticmod:KnowledgePool","floor":16},{"not_picked":["mysticmod:TomeOfSpells","mysticmod:CorrosiveTouch"],"picked":"mysticmod:VorpalThrust","floor":18},{"not_picked":["mysticmod:CorrosiveTouch+1","mysticmod:Disengage"],"picked":"mysticmod:MagicWeapon","floor":20},{"not_picked":["mysticmod:EbbAndFlow","mysticmod:PowerAttack"],"picked":"mysticmod:TomeOfSpells","floor":22},{"not_picked":["mysticmod:Sideswipe","mysticmod:Probe"],"picked":"mysticmod:SuddenClarity+1","floor":24}],"player_experience":197315,"relics_obtained":[{"floor":5,"key":"Smiling Mask"},{"floor":9,"key":"Matryoshka"},{"floor":26,"key":"Boot"},{"floor":26,"key":"hubris:TenFootPole"},{"floor":28,"key":"hubris:SphereOfDissonance"},{"floor":28,"key":"hubris:DeckOfHolding"}],"event_choices":[{"damage_healed":0,"gold_gain":0,"player_choice":"Grow","damage_taken":0,"max_hp_gain":0,"max_hp_loss":0,"event_name":"Living Wall","floor":2,"gold_loss":0,"cards_upgraded":["mysticmod:DiviningBlow"]},{"damage_healed":0,"gold_gain":0,"player_choice":"Box","damage_taken":0,"relics_obtained":["mysticmod:RabbitsFoot"],"max_hp_gain":0,"max_hp_loss":0,"event_name":"Big Fish","floor":3,"gold_loss":0,"cards_obtained":["Regret"]},{"damage_healed":0,"gold_gain":30,"player_choice":"Searched \u00273\u0027 times","damage_taken":0,"relics_obtained":["Potion Belt"],"max_hp_gain":0,"max_hp_loss":0,"event_name":"Dead Adventurer","floor":8,"gold_loss":0},{"damage_healed":0,"gold_gain":74,"player_choice":"Gained Gold","damage_taken":0,"max_hp_gain":0,"max_hp_loss":0,"event_name":"Golden Wing","floor":14,"gold_loss":0},{"cards_removed":["Regret"],"damage_healed":0,"gold_gain":0,"player_choice":"Removed Curses","damage_taken":0,"max_hp_gain":0,"max_hp_loss":0,"event_name":"Fountain of Cleansing","floor":21,"gold_loss":0},{"damage_healed":0,"gold_gain":0,"player_choice":"Smashed Altar","damage_taken":0,"max_hp_gain":0,"max_hp_loss":0,"event_name":"Forgotten Altar","floor":27,"gold_loss":0,"cards_obtained":["Decay"]},{"damage_healed":0,"gold_gain":99,"player_choice":"Stole From Cult","damage_taken":0,"max_hp_gain":0,"max_hp_loss":0,"event_name":"Nest","floor":29,"gold_loss":0}],"is_beta":false,"boss_relics":[{"not_picked":["Busted Crown","Ectoplasm"],"picked":"Runic Pyramid"}],"items_purged_floors":[],"is_endless":false,"potions_floor_spawned":[1,6,10,16,22,24],"killed_by":"Centurion and Healer","ascension_level":0}