{"gold_per_floor":[114,129,231,246,246,246,246,246,296,315,154,173,173,192,192,317,380,399,418,168,83,108,108,127,127],"floor_reached":25,"playtime":1552,"items_purged":[],"score":193,"play_id":"aa0e960f-a57c-4790-8811-0b08b65c7545","local_time":"20190519173458","daily_mods":["SealedDeck","ControlledChaos","Lethality"],"is_ascension_mode":false,"campfire_choices":[{"floor":6,"key":"REST"},{"floor":8,"key":"REST"},{"floor":15,"key":"REST"},{"floor":23,"key":"REST"}],"neow_cost":"","seed_source_timestamp":0,"circlet_count":0,"master_deck":["Revamp","TimeWarp","Spin","Spin","Spin","Rearm+1","Alleviate+1","Alleviate","BottledTime","BottledTime","Starlight","SurpressingFire","RealityMarble","SilverBlades","Potential","Starlight","Discovery","Solidify","Dilation","DoubleEdge","Luminosity"],"special_seed":18035,"relics":["Uniform","Frozen Eye","hubris:DisguiseKit","Golden Idol","Omamori","hubris:EvacipatedBox","Vajra","Tiny House","Gremlin Horn","Oddly Smooth Stone","infinitespire:Satchel"],"potions_floor_usage":[12,18,18,24,25,25],"damage_taken":[{"damage":0,"enemies":"Small Slimes","floor":1,"turns":1},{"damage":5,"enemies":"Jaw Worm","floor":2,"turns":2},{"damage":11,"enemies":"2 Louse","floor":4,"turns":3},{"damage":0,"enemies":"Gremlin Gang","floor":10,"turns":1},{"damage":24,"enemies":"Exordium Thugs","floor":12,"turns":3},{"damage":0,"enemies":"3 Louse","floor":14,"turns":1},{"damage":24,"enemies":"Slime Boss","floor":16,"turns":8},{"damage":15,"enemies":"2 Thieves","floor":18,"turns":3},{"damage":40,"enemies":"3 Byrds","floor":19,"turns":3},{"damage":26,"enemies":"Centurion and Healer","floor":24,"turns":5},{"damage":19,"enemies":"Cultist and Chosen","floor":25,"turns":4}],"seed_played":"-6451152529473643589","potions_obtained":[{"floor":2,"key":"Swift Potion"},{"floor":10,"key":"Weak Potion"},{"floor":16,"key":"SpeedPotion"},{"floor":17,"key":"Weak Potion"},{"floor":19,"key":"Swift Potion"},{"floor":24,"key":"Poison Potion"}],"is_trial":false,"path_per_floor":["M","M","?","M","?","R","?","R","T","M","$","M","$","M","R","B",null,"M","M","$","?","T","R","M","M"],"character_chosen":"THE_SERVANT","items_purchased":["Potential","Starlight","Discovery","hubris:EvacipatedBox","Gremlin Horn"],"campfire_rested":4,"item_purchase_floors":[11,11,11,13,20],"current_hp_per_floor":[65,60,53,42,26,45,45,64,64,64,64,40,21,21,40,16,70,55,15,15,15,15,36,10,0],"gold":127,"neow_bonus":"","is_prod":false,"is_daily":true,"chose_seed":false,"campfire_upgraded":0,"win_rate":0.0,"timestamp":1558301698,"path_taken":["M","M","?","M","?","R","?","R","T","?","$","M","?","M","R","BOSS","M","M","$","?","?","R","M","M"],"build_version":"2019-01-23","purchased_purges":0,"victory":false,"max_hp_per_floor":[65,65,65,65,65,65,65,65,65,65,65,65,65,65,65,65,70,70,70,70,70,70,70,70,70],"card_choices":[{"not_picked":["Revamp","ShatteredReality"],"picked":"Starlight","floor":1},{"not_picked":["ShatteredReality","Potential"],"picked":"SurpressingFire","floor":2},{"not_picked":["BottledTime","Alleviate","Hemokinesis"],"picked":"RealityMarble","floor":4},{"not_picked":["Barrier","RealityMarble","Wild Strike"],"picked":"SilverBlades","floor":10},{"not_picked":["Defy","Collapse","Barrier","Hemokinesis"],"picked":"SKIP","floor":12},{"not_picked":["Ricochet","Alleviate","Clash"],"picked":"Solidify","floor":14},{"not_picked":["LightFlow","TrueSight","Dark Embrace"],"picked":"Dilation","floor":16},{"not_picked":["Deadline","Manipulate","Perfected Strike"],"picked":"DoubleEdge","floor":17},{"not_picked":["FastForward","Comet","Fire Breathing"],"picked":"Luminosity","floor":18},{"not_picked":["Revamp","Spin","BestPractice","Thunderclap"],"picked":"SKIP","floor":19},{"not_picked":["Barrier","TimeWarp","DoubleEdge","Power Through"],"picked":"SKIP","floor":24}],"player_experience":223888,"relics_obtained":[{"floor":9,"key":"Omamori"},{"floor":22,"key":"infinitespire:Satchel"}],"event_choices":[{"damage_healed":0,"gold_gain":0,"player_choice":"Success","damage_taken":7,"relics_obtained":["hubris:DisguiseKit"],"max_hp_gain":0,"max_hp_loss":0,"event_name":"Scrap Ooze","floor":3,"gold_loss":0},{"damage_healed":0,"gold_gain":0,"player_choice":"Take Damage","damage_taken":16,"relics_obtained":["Golden Idol"],"max_hp_gain":0,"max_hp_loss":0,"event_name":"Golden Idol","floor":5,"gold_loss":0},{"damage_healed":0,"gold_gain":0,"player_choice":"Forge","damage_taken":0,"max_hp_gain":0,"max_hp_loss":0,"event_name":"Accursed Blacksmith","floor":7,"gold_loss":0,"cards_upgraded":["Rearm"]},{"damage_healed":0,"gold_gain":0,"player_choice":"Obtained Relic","damage_taken":0,"relics_obtained":["Oddly Smooth Stone"],"max_hp_gain":0,"max_hp_loss":0,"event_name":"Addict","floor":21,"gold_loss":85}],"is_beta":false,"boss_relics":[{"not_picked":["hubris:VirtuousBlindfold","Philosopher\u0027s Stone","hubris:HollowSoul"],"picked":"Tiny House"}],"items_purged_floors":[],"is_endless":false,"potions_floor_spawned":[2,10,16,19,24],"killed_by":"Cultist and Chosen","ascension_level":0}