{"gold_per_floor":[415,415,415,432,432,432,464,464,491,187,199,199,199,225,225,330,330,344,361,67,67,67,96,96,124,124,124,124,151,151,177,177,280,280,293,130,130,130,145,145,145,145,171,171,171,198,49,62,62,62],"floor_reached":51,"playtime":2166,"items_purged":[],"score":1126,"play_id":"87fa3153-c63a-4528-bf93-acd84be33a89","local_time":"20190710230647","daily_mods":["SealedDeck","Heirloom","Time Dilation","Flight","DeadlyEvents","Elite Swarm"],"is_ascension_mode":false,"campfire_choices":[{"data":"Searing Blow","floor":6.0,"key":"SMITH"},{"data":"Searing Blow+1","floor":8.0,"key":"SMITH"},{"data":"Searing Blow+2","floor":12.0,"key":"SMITH"},{"data":"Searing Blow+3","floor":13.0,"key":"SMITH"},{"data":"Armaments","floor":15.0,"key":"SMITH"},{"data":"Searing Blow+4","floor":24,"key":"SMITH"},{"data":"Searing Blow+5","floor":27,"key":"SMITH"},{"data":"Searing Blow+6","floor":28,"key":"SMITH"},{"data":"Searing Blow+7","floor":30,"key":"SMITH"},{"data":"Searing Blow+8","floor":32,"key":"SMITH"},{"data":"Searing Blow+9","floor":40,"key":"SMITH"},{"data":"Searing Blow+10","floor":41,"key":"SMITH"},{"data":"Searing Blow+11","floor":42,"key":"SMITH"},{"data":"Searing Blow+12","floor":44,"key":"SMITH"},{"data":"Searing Blow+13","floor":45,"key":"SMITH"},{"data":"Searing Blow+14","floor":49,"key":"SMITH"}],"neow_cost":"","seed_source_timestamp":0,"circlet_count":0,"master_deck":["Clothesline","Iron Wave","Ghostly Armor+1","Clothesline+1","True Grit+1","Corruption","Sever Soul+1","Thunderclap+1","Searing Blow+15","Armaments+1","Impervious","Fiend Fire","Reaper","Shockwave","Uppercut+1","Metallicize+1","Immolate","Impervious+1","Metallicize+1","Demon Form+1"],"special_seed":0,"relics":["Snecko Eye","Unceasing Top","Old Coin","Omamori","Smiling Mask","Whetstone","Happy Flower","Bottled Lightning","Orrery","Mango","Frozen Egg 2","Ancient Tea Set","Matryoshka","Bottled Flame","Pen Nib","Dead Branch","Singing Bowl","Coffee Dripper","War Paint","Anchor","Mummified Hand","Vajra"],"potions_floor_usage":[50,50],"damage_taken":[{"damage":0.0,"enemies":"Jaw Worm","floor":1.0,"turns":2.0},{"damage":0.0,"enemies":"Small Slimes","floor":4.0,"turns":2.0},{"damage":0.0,"enemies":"Gremlin Nob","floor":7.0,"turns":2.0},{"damage":0.0,"enemies":"Cultist","floor":11.0,"turns":2.0},{"damage":0.0,"enemies":"Lagavulin","floor":14.0,"turns":3.0},{"damage":0.0,"enemies":"Hexaghost","floor":16.0,"turns":3.0},{"damage":4.0,"enemies":"3 Byrds","floor":18.0,"turns":5.0},{"damage":0.0,"enemies":"Shell Parasite","floor":19.0,"turns":1.0},{"damage":5,"enemies":"Book of Stabbing","floor":23,"turns":4},{"damage":1,"enemies":"Slavers","floor":25,"turns":4},{"damage":0,"enemies":"Book of Stabbing","floor":29,"turns":2},{"damage":6,"enemies":"Slavers","floor":31,"turns":3},{"damage":0,"enemies":"Automaton","floor":33,"turns":2},{"damage":0,"enemies":"Orb Walker","floor":35,"turns":1},{"damage":0,"enemies":"3 Shapes","floor":39,"turns":1},{"damage":0,"enemies":"Reptomancer","floor":46,"turns":1},{"damage":0,"enemies":"3 Darklings","floor":48,"turns":2},{"damage":0,"enemies":"Awakened One","floor":50,"turns":3}],"seed_played":"6097423106077581050","potions_obtained":[{"floor":11.0,"key":"PowerPotion"},{"floor":19.0,"key":"BloodPotion"},{"floor":23,"key":"Swift Potion"}],"is_trial":true,"path_per_floor":["?","?","E","M","M","?","T","E","E","?","?","M","E"],"character_chosen":"IRONCLAD","items_purchased":["Whetstone","Happy Flower","Mango","Impervious","Vajra"],"campfire_rested":0,"item_purchase_floors":[10,10,20,36,47],"current_hp_per_floor":[80,64,56,56,56,56,56,56,56,56,56,56,56,56,56,56,80,76,76,90,90,90,94,94,93,93,93,93,93,93,96,96,98,98,100,100,99,104,104,104,104,104,104,104,104,104,104,106,106,106],"gold":62,"neow_bonus":"","is_prod":false,"is_daily":false,"chose_seed":false,"campfire_upgraded":16,"win_rate":0,"timestamp":1562789207,"path_taken":["M","?","?","M","$","R","?","R","T","$","?","R","R","E","R","BOSS","M","?","$","?","?","E","R","E","T","R","R","?","R","?","R","BOSS","M","$","?","?","?","R","R","R","T","R","R","?","$","M","R","BOSS"],"build_version":"2019-01-23","purchased_purges":0,"victory":true,"max_hp_per_floor":[80,80,80,80,80,80,80,80,80,80,80,80,80,80,80,80,80,80,80,94,94,94,94,94,94,94,94,94,94,94,96,96,98,98,100,100,104,104,104,104,104,104,104,104,104,104,104,106,106,106],"card_choices":[{"not_picked":["Body Slam","Hemokinesis","Headbutt"],"picked":"SKIP","floor":1.0},{"not_picked":["Body Slam","Exhume","Armaments"],"picked":"SKIP","floor":4.0},{"not_picked":["Limit Break","Barricade"],"picked":"Impervious","floor":7.0},{"not_picked":["Heavy Blade","Entrench","Clash"],"picked":"SKIP","floor":11.0},{"not_picked":["Brutality","Barricade"],"picked":"Fiend Fire","floor":14.0},{"not_picked":["Impervious","Fiend Fire"],"picked":"Reaper","floor":16.0},{"not_picked":["Iron Wave","Intimidate"],"picked":"Shockwave","floor":17.0},{"not_picked":["Armaments","Heavy Blade+1"],"picked":"Uppercut+1","floor":18.0},{"not_picked":["Clash","Evolve"],"picked":"Metallicize+1","floor":19.0},{"not_picked":["Juggernaut+1","Exhume","Limit Break"],"picked":"SKIP","floor":23},{"not_picked":["Barricade+1","Juggernaut+1","Double Tap"],"picked":"SKIP","floor":25},{"not_picked":["Limit Break","Impervious"],"picked":"Immolate","floor":29},{"not_picked":["Dark Embrace+1","Offering","Brutality+1"],"picked":"Singing Bowl","floor":31},{"not_picked":["Dark Embrace+1","Berserk+1","Immolate"],"picked":"Singing Bowl","floor":33},{"not_picked":["Sword Boomerang+1","Wild Strike","Armaments"],"picked":"Singing Bowl","floor":35},{"not_picked":["Forethought","Mayhem+1","HandOfGreed"],"picked":"Singing Bowl","floor":37},{"not_picked":["Discovery","Magnetism+1","Trip"],"picked":"Singing Bowl","floor":37},{"not_picked":["Flex+1","Iron Wave+1"],"picked":"Metallicize+1","floor":39},{"not_picked":["Offering","Brutality+1"],"picked":"Demon Form+1","floor":46},{"not_picked":["Body Slam+1","Perfected Strike+1","Second Wind"],"picked":"Singing Bowl","floor":48}],"player_experience":362609,"relics_obtained":[{"floor":7.0,"key":"Omamori"},{"floor":9.0,"key":"Smiling Mask"},{"floor":14.0,"key":"Bottled Lightning"},{"floor":22.0,"key":"Frozen Egg 2"},{"floor":23,"key":"Ancient Tea Set"},{"floor":25,"key":"Matryoshka"},{"floor":26,"key":"Bottled Flame"},{"floor":26,"key":"Pen Nib"},{"floor":29,"key":"Dead Branch"},{"floor":31,"key":"Singing Bowl"},{"floor":43,"key":"War Paint"},{"floor":43,"key":"Anchor"},{"floor":46,"key":"Mummified Hand"}],"event_choices":[{"damage_healed":0.0,"max_hp_gain":0.0,"max_hp_loss":0.0,"gold_gain":0.0,"event_name":"Shining Light","player_choice":"Entered Light","floor":2.0,"gold_loss":0.0,"damage_taken":16.0,"cards_upgraded":["Ghostly Armor","Thunderclap"]},{"damage_healed":0.0,"max_hp_gain":0.0,"max_hp_loss":0.0,"gold_gain":0.0,"event_name":"Wheel of Change","player_choice":"Damaged","floor":3.0,"gold_loss":0.0,"damage_taken":8.0},{"damage_healed":0.0,"max_hp_gain":0.0,"max_hp_loss":0.0,"gold_gain":0.0,"event_name":"Ghosts","player_choice":"Ignored","floor":21.0,"gold_loss":0.0,"damage_taken":0.0},{"damage_healed":0,"gold_gain":0,"player_choice":"Memory 2","damage_taken":5,"max_hp_gain":0,"max_hp_loss":0,"event_name":"SensoryStone","floor":37,"gold_loss":0},{"damage_healed":26,"gold_gain":0,"player_choice":"Writhe","damage_taken":0,"max_hp_gain":0,"max_hp_loss":0,"event_name":"Winding Halls","floor":38,"gold_loss":0,"cards_obtained":["Writhe"]}],"is_beta":false,"boss_relics":[{"not_picked":["Sozu","Busted Crown"],"picked":"Orrery"},{"not_picked":["Eternal Feather","Black Star"],"picked":"Coffee Dripper"}],"items_purged_floors":[],"is_endless":false,"potions_floor_spawned":[11,19,23,29,31,39,46],"ascension_level":0}