{"gold_per_floor":[114,289,289,304,319,319,349,349,374,389,389,389,404,419,419,519,519,534,549,564,564],"floor_reached":21,"playtime":1448,"items_purged":[],"score":183,"play_id":"71cf9ae8-f4e4-4762-9fe7-e411e1da6378","local_time":"20190506205557","daily_mods":["Draft","Green Cards","Binary"],"is_ascension_mode":false,"campfire_choices":[{"data":"Hello World","floor":6,"key":"SMITH"},{"data":"White Noise","floor":8,"key":"SMITH"},{"data":"Genetic Algorithm","floor":11,"key":"SMITH"},{"data":"Dagger Throw","floor":15,"key":"SMITH"}],"neow_cost":"","seed_source_timestamp":0,"circlet_count":0,"master_deck":["Predator","Rip and Tear","White Noise+1","Backflip","Sweeping Beam","Beam Cell","Hello World+1","Acrobatics","Skim","Go for the Eyes","Backflip","Genetic Algorithm+1","Self Repair","Sweeping Beam","Redo","Turbo","Infinite Blades","Caltrops","Dagger Throw+1","Conserve Battery","Static Discharge","Creative AI"],"special_seed":18023,"relics":["Cracked Core","Question Card","Blood Vial","NlothsMask","Empty Cage"],"potions_floor_usage":[14,20],"damage_taken":[{"damage":0,"enemies":"Small Slimes","floor":1,"turns":2},{"damage":6,"enemies":"2 Louse","floor":4,"turns":2},{"damage":6,"enemies":"Cultist","floor":5,"turns":3},{"damage":25,"enemies":"3 Sentries","floor":7,"turns":5},{"damage":19,"enemies":"Lots of Slimes","floor":10,"turns":2},{"damage":0,"enemies":"3 Louse","floor":13,"turns":2},{"damage":0,"enemies":"Red Slaver","floor":14,"turns":3},{"damage":9,"enemies":"Hexaghost","floor":16,"turns":8},{"damage":40,"enemies":"Spheric Guardian","floor":18,"turns":5},{"damage":20,"enemies":"2 Thieves","floor":19,"turns":4},{"damage":2,"enemies":"Snecko","floor":20,"turns":5},{"damage":48,"enemies":"3 Cultists","floor":21,"turns":5}],"seed_played":"-4448055644271088173","potions_obtained":[{"floor":1,"key":"Dexterity Potion"},{"floor":7,"key":"Fire Potion"},{"floor":19,"key":"Regen Potion"}],"is_trial":false,"path_per_floor":["M","?","$","M","M","R","E","R","T","M","R","?","M","M","R","B",null,"M","M","M","M"],"character_chosen":"DEFECT","items_purchased":[],"campfire_rested":0,"item_purchase_floors":[],"current_hp_per_floor":[75,75,75,69,70,70,52,52,52,35,35,35,37,46,46,39,75,42,31,45,0],"gold":564,"neow_bonus":"","is_prod":false,"is_daily":true,"chose_seed":false,"campfire_upgraded":4,"win_rate":0.0,"timestamp":1557190557,"path_taken":["M","?","$","M","M","R","E","R","T","M","R","?","M","M","R","BOSS","M","M","?","M"],"build_version":"2019-01-23","purchased_purges":0,"victory":false,"max_hp_per_floor":[75,75,75,75,75,75,75,75,75,75,75,75,75,75,75,75,75,75,75,75,75],"card_choices":[{"not_picked":["Endless Agony","Bane"],"picked":"Predator","floor":0},{"not_picked":["Eviscerate","Leap"],"picked":"Rip and Tear","floor":0},{"not_picked":["Self Repair","Infinite Blades"],"picked":"White Noise","floor":0},{"not_picked":["Deadly Poison","Underhanded Strike"],"picked":"Backflip","floor":0},{"not_picked":["Tempest","Conserve Battery"],"picked":"Sweeping Beam","floor":0},{"not_picked":["Deflect","Sucker Punch"],"picked":"Beam Cell","floor":0},{"not_picked":["Dagger Spray","Flying Knee"],"picked":"Hello World","floor":0},{"not_picked":["Underhanded Strike","Rebound"],"picked":"Acrobatics","floor":0},{"not_picked":["Beam Cell","Poisoned Stab"],"picked":"Skim","floor":0},{"not_picked":["Caltrops","Cold Snap"],"picked":"Go for the Eyes","floor":0},{"not_picked":["Bane","Stack"],"picked":"Backflip","floor":0},{"not_picked":["Coolheaded","Turbo"],"picked":"Genetic Algorithm","floor":0},{"not_picked":["Conserve Battery","Cold Snap"],"picked":"Self Repair","floor":0},{"not_picked":["Loop","Poisoned Stab"],"picked":"Sweeping Beam","floor":0},{"not_picked":["Rebound","Conserve Battery"],"picked":"Redo","floor":0},{"not_picked":["Masterful Stab"],"picked":"Turbo","floor":1},{"not_picked":["Coolheaded"],"picked":"Infinite Blades","floor":4},{"not_picked":["Cold Snap"],"picked":"Caltrops","floor":5},{"not_picked":["Fusion"],"picked":"Dagger Throw","floor":7},{"not_picked":["Sucker Punch","Bane"],"picked":"Electrodynamics","floor":10},{"not_picked":["Setup","Steam"],"picked":"Conserve Battery","floor":13},{"not_picked":["Acrobatics","Coolheaded"],"picked":"Static Discharge","floor":14},{"not_picked":["Storm of Steel","A Thousand Cuts"],"picked":"Creative AI","floor":16},{"not_picked":["Footwork+1","Blizzard","BootSequence"],"picked":"SKIP","floor":18},{"not_picked":["Steam","Calculated Gamble","Doom and Gloom"],"picked":"SKIP","floor":19},{"not_picked":["Genetic Algorithm","Melter","Prepared"],"picked":"SKIP","floor":20}],"player_experience":55732,"relics_obtained":[{"floor":7,"key":"Question Card"},{"floor":9,"key":"Blood Vial"}],"event_choices":[{"damage_healed":0,"gold_gain":175,"player_choice":"AGREE","damage_taken":0,"max_hp_gain":0,"max_hp_loss":0,"event_name":"Liars Game","floor":2,"gold_loss":0,"cards_obtained":["Doubt"]},{"damage_healed":0,"gold_gain":0,"player_choice":"Trade","damage_taken":0,"relics_obtained":["NlothsMask"],"max_hp_gain":0,"max_hp_loss":0,"event_name":"FaceTrader","floor":12,"gold_loss":0}],"is_beta":false,"boss_relics":[{"not_picked":["Runic Dome","Ectoplasm"],"picked":"Empty Cage"}],"items_purged_floors":[],"is_endless":false,"potions_floor_spawned":[1,7,13,19],"killed_by":"3 Cultists","ascension_level":0}