{"gold_per_floor":[119,194,13,31,45,75,94,94,172,185,185,220,236,246,246,350,350,361,381,391,401,414,414,150,177,177,196,196,215,226,237,237,340,390,410,0,14,25,39,39,69,69,139,159,159,159,179,214,214,214],"floor_reached":50,"playtime":5685,"items_purged":[],"score":669,"play_id":"d6fe45d5-36f3-4820-b349-de74ef55e7bf","local_time":"20190627031708","is_ascension_mode":false,"campfire_choices":[{"floor":8,"key":"REST"},{"floor":15,"key":"REST"},{"floor":23,"key":"REST"},{"data":"Infernal Blade","floor":28,"key":"SMITH"},{"floor":32,"key":"REST"},{"data":"Bludgeon","floor":40,"key":"SMITH"},{"floor":42,"key":"REST"},{"floor":45,"key":"REST"},{"floor":49,"key":"REST"}],"neow_cost":"NONE","seed_source_timestamp":9004478263056,"circlet_count":0,"master_deck":["Strike_R","Strike_R","Strike_R","Strike_R","Strike_R","Defend_R","Defend_R","Defend_R","Defend_R","Bash","Perfected Strike","Enlightenment","Ghostly Armor","Armaments","Bludgeon+1","Iron Wave","Pommel Strike","Thunderclap","Sever Soul","Infernal Blade+1","Cleave","Shrug It Off","Reaper","Iron Wave","Perfected Strike+1","Perfected Strike","Clothesline+1","Headbutt+1","Twin Strike","Jack Of All Trades","Blood for Blood+1","Clothesline+1","Cleave","Battle Trance+1","Seeing Red+1","Clothesline+1","Cleave+1","True Grit+1","Pommel Strike","Clothesline","Pummel+1","Armaments","Impervious","Feed"],"relics":["Burning Blood","StoneCalendar","Bottled Flame","Centennial Puzzle","Velvet Choker","Bag of Marbles","Ancient Tea Set","Darkstone Periapt","Tiny House","Red Mask","Gremlin Horn","Self Forming Clay","Kunai"],"potions_floor_usage":[14,16],"damage_taken":[{"damage":13,"enemies":"Jaw Worm","floor":1,"turns":3},{"damage":5,"enemies":"Small Slimes","floor":4,"turns":4},{"damage":0,"enemies":"2 Louse","floor":5,"turns":3},{"damage":26,"enemies":"3 Sentries","floor":6,"turns":8},{"damage":4,"enemies":"2 Fungi Beasts","floor":7,"turns":4},{"damage":16,"enemies":"Large Slime","floor":10,"turns":7},{"damage":16,"enemies":"Lagavulin","floor":12,"turns":4},{"damage":10,"enemies":"Looter","floor":13,"turns":2},{"damage":20,"enemies":"Gremlin Gang","floor":14,"turns":4},{"damage":0,"enemies":"Slime Boss","floor":16,"turns":8},{"damage":17,"enemies":"2 Thieves","floor":18,"turns":4},{"damage":20,"enemies":"Spheric Guardian","floor":19,"turns":4},{"damage":20,"enemies":"Centurion and Healer","floor":20,"turns":5},{"damage":5,"enemies":"Shelled Parasite and Fungi","floor":21,"turns":2},{"damage":16,"enemies":"Snecko","floor":22,"turns":5},{"damage":16,"enemies":"Slavers","floor":25,"turns":4},{"damage":7,"enemies":"Centurion and Healer","floor":27,"turns":5},{"damage":10,"enemies":"Chosen and Byrds","floor":29,"turns":2},{"damage":6,"enemies":"Snecko","floor":30,"turns":3},{"damage":15,"enemies":"Snake Plant","floor":31,"turns":3},{"damage":71,"enemies":"Champ","floor":33,"turns":8},{"damage":13,"enemies":"Orb Walker","floor":35,"turns":3},{"damage":9,"enemies":"3 Shapes","floor":37,"turns":3},{"damage":14,"enemies":"Jaw Worm Horde","floor":38,"turns":4},{"damage":15,"enemies":"4 Shapes","floor":39,"turns":2},{"damage":63,"enemies":"Giant Head","floor":41,"turns":8},{"damage":11,"enemies":"3 Darklings","floor":44,"turns":3},{"damage":27,"enemies":"Jaw Worm Horde","floor":47,"turns":4},{"damage":19,"enemies":"Reptomancer","floor":48,"turns":6},{"damage":82,"enemies":"Awakened One","floor":50,"turns":18}],"seed_played":"-1784021223083139022","potions_obtained":[{"floor":0,"key":"SkillPotion"},{"floor":0,"key":"SteroidPotion"},{"floor":0,"key":"SpeedPotion"},{"floor":6,"key":"Block Potion"},{"floor":10,"key":"SmokeBomb"},{"floor":20,"key":"SkillPotion"},{"floor":25,"key":"Weak Potion"},{"floor":34,"key":"Strength Potion"},{"floor":37,"key":"BloodPotion"},{"floor":47,"key":"Ancient Potion"}],"is_trial":false,"path_per_floor":["M","?","$","M","M","E","M","R","T","M","?","E","M","M","R","B",null,"M","M","M","M","M","R","$","E","T","M","R","M","M","M","R","B",null,"M","?","M","M","M","R","E","R","T","M","R","?","M","E","R","B"],"character_chosen":"IRONCLAD","items_purchased":["Enlightenment","Ghostly Armor","Armaments","Bag of Marbles","Twin Strike","Jack Of All Trades"],"campfire_rested":7,"item_purchase_floors":[3,3,3,24,24,24],"current_hp_per_floor":[73,62,62,63,69,49,51,75,75,65,65,55,51,37,61,67,80,69,55,45,46,40,64,64,57,57,68,68,64,70,61,80,18,85,78,78,75,67,64,64,10,35,35,30,55,55,46,49,74,0],"gold":214,"neow_bonus":"THREE_SMALL_POTIONS","is_prod":false,"is_daily":false,"chose_seed":false,"campfire_upgraded":2,"win_rate":0.0,"timestamp":1561598228,"path_taken":["M","?","$","M","M","E","M","R","T","M","?","E","M","M","R","BOSS","M","M","M","M","M","R","$","E","T","M","R","M","M","M","R","BOSS","M","?","M","M","M","R","E","R","T","M","R","?","M","E","R","BOSS"],"build_version":"2019-01-23","purchased_purges":0,"victory":false,"max_hp_per_floor":[80,80,80,80,80,80,80,80,80,80,80,80,80,80,80,80,80,80,80,80,80,80,80,80,80,80,80,80,80,80,80,80,80,85,85,85,85,85,85,85,85,85,85,85,85,85,85,85,85,85],"card_choices":[{"not_picked":["Twin Strike","True Grit"],"picked":"Perfected Strike","floor":1},{"not_picked":["Body Slam","Clash"],"picked":"Bludgeon","floor":4},{"not_picked":["Perfected Strike","Clash"],"picked":"Iron Wave","floor":5},{"not_picked":["Feed","Reckless Charge"],"picked":"Flame Barrier","floor":6},{"not_picked":["Shockwave","Reckless Charge"],"picked":"Pommel Strike","floor":7},{"not_picked":["Headbutt","Feel No Pain"],"picked":"Thunderclap","floor":10},{"not_picked":["Combust","Sword Boomerang"],"picked":"Infernal Blade","floor":12},{"not_picked":["Shrug It Off","Thunderclap"],"picked":"Cleave","floor":13},{"not_picked":["Perfected Strike","Clothesline"],"picked":"Shrug It Off","floor":14},{"not_picked":["Fiend Fire","Offering"],"picked":"Reaper","floor":16},{"not_picked":["Dual Wield","Shrug It Off"],"picked":"Iron Wave","floor":18},{"not_picked":["Body Slam+1","Headbutt"],"picked":"Perfected Strike+1","floor":19},{"not_picked":["Brutality","Anger"],"picked":"Perfected Strike","floor":20},{"not_picked":["Heavy Blade","Clash+1"],"picked":"Clothesline+1","floor":21},{"not_picked":["Heavy Blade+1","Power Through"],"picked":"Headbutt","floor":22},{"not_picked":["Heavy Blade","Iron Wave"],"picked":"Blood for Blood+1","floor":25},{"not_picked":["Perfected Strike","Body Slam"],"picked":"Clothesline+1","floor":27},{"not_picked":["Sword Boomerang","Double Tap"],"picked":"Cleave","floor":29},{"not_picked":["Cleave+1","Clothesline"],"picked":"Battle Trance+1","floor":30},{"not_picked":["Inflame","Perfected Strike"],"picked":"Seeing Red+1","floor":31},{"not_picked":["Juggernaut","Demon Form"],"picked":"Berserk","floor":33},{"not_picked":["Fire Breathing+1","Sword Boomerang"],"picked":"Clothesline+1","floor":34},{"not_picked":["Clash+1","Thunderclap+1"],"picked":"Cleave+1","floor":35},{"not_picked":["Sword Boomerang","Feel No Pain"],"picked":"True Grit+1","floor":37},{"not_picked":["Anger","Dual Wield"],"picked":"Pommel Strike","floor":38},{"not_picked":["Sever Soul","Fiend Fire"],"picked":"Clothesline","floor":39},{"not_picked":["Hemokinesis+1","True Grit+1"],"picked":"Pummel+1","floor":41},{"not_picked":["Shrug It Off","Heavy Blade"],"picked":"Armaments","floor":44},{"not_picked":["Pommel Strike","Body Slam+1"],"picked":"Impervious","floor":47},{"not_picked":["Reckless Charge+1","Ghostly Armor+1"],"picked":"Feed","floor":48}],"player_experience":3897,"relics_obtained":[{"floor":6,"key":"StoneCalendar"},{"floor":9,"key":"Bottled Flame"},{"floor":12,"key":"Centennial Puzzle"},{"floor":25,"key":"Ancient Tea Set"},{"floor":26,"key":"Darkstone Periapt"},{"floor":41,"key":"Gremlin Horn"},{"floor":43,"key":"Self Forming Clay"},{"floor":48,"key":"Kunai"}],"event_choices":[{"damage_healed":0,"gold_gain":75,"player_choice":"Gather Gold","damage_taken":11,"max_hp_gain":0,"max_hp_loss":0,"event_name":"World of Goop","floor":2,"gold_loss":0},{"damage_healed":0,"gold_gain":0,"cards_transformed":["Flame Barrier"],"player_choice":"Change","damage_taken":0,"max_hp_gain":0,"max_hp_loss":0,"event_name":"Living Wall","floor":11,"gold_loss":0,"cards_obtained":["Sever Soul"]},{"damage_healed":0,"gold_gain":0,"player_choice":"Paid","damage_taken":0,"relics_obtained":["Red Mask"],"max_hp_gain":0,"max_hp_loss":0,"event_name":"Tomb of Lord Red Mask","floor":36,"gold_loss":410},{"cards_removed":["Berserk"],"damage_healed":0,"gold_gain":0,"player_choice":"Removed Power","damage_taken":0,"max_hp_gain":0,"max_hp_loss":0,"event_name":"Falling","floor":46,"gold_loss":0}],"is_beta":false,"boss_relics":[{"not_picked":["Orrery","Black Blood"],"picked":"Velvet Choker"},{"not_picked":["Coffee Dripper","Black Star"],"picked":"Tiny House"}],"items_purged_floors":[],"is_endless":false,"potions_floor_spawned":[6,10,12,13,20,25,30,33,37,39,47,48],"killed_by":"Awakened One","ascension_level":0}