{"gold_per_floor":[414,429,429,448,448,486,661,52,102,121,140,159,178,197,197,197],"floor_reached":16,"playtime":1018,"items_purged":["Doubt"],"score":106,"play_id":"c13f05c6-0f50-444e-a958-deeaa22df201","local_time":"20190523203654","daily_mods":["Heirloom","Vintage","DeadlyEvents"],"is_ascension_mode":false,"campfire_choices":[{"floor":15,"key":"REST"}],"neow_cost":"","seed_source_timestamp":547770685374144,"circlet_count":0,"master_deck":["Defend_G","Defend_G","Defend_G","Defend_G","Defend_G","Strike_G","Strike_G+1","Strike_G","Strike_G+1","Strike_G","Survivor","Neutralize","Infinite Blades","Dagger Throw"],"special_seed":18040,"relics":["Ring of the Snake","Old Coin","Singing Bowl","Bottled Flame","Golden Idol","Gremlin Horn","Potion Belt","Strawberry","Mummified Hand","Blood Vial","Whetstone","Sundial","Bottled Tornado","Omamori","Art of War"],"potions_floor_usage":[12,12,12,12,13,13,16],"damage_taken":[{"damage":5,"enemies":"2 Louse","floor":1,"turns":2},{"damage":2,"enemies":"Small Slimes","floor":2,"turns":3},{"damage":6,"enemies":"Cultist","floor":4,"turns":3},{"damage":32,"enemies":"3 Sentries","floor":6,"turns":11},{"damage":7,"enemies":"Large Slime","floor":10,"turns":5},{"damage":11,"enemies":"Blue Slaver","floor":11,"turns":3},{"damage":1,"enemies":"2 Fungi Beasts","floor":12,"turns":3},{"damage":8,"enemies":"Gremlin Gang","floor":13,"turns":4},{"damage":3,"enemies":"Lots of Slimes","floor":14,"turns":3},{"damage":48,"enemies":"The Guardian","floor":16,"turns":8}],"seed_played":"8609571646194855566","potions_obtained":[{"floor":2,"key":"GhostInAJar"},{"floor":10,"key":"SmokeBomb"},{"floor":11,"key":"EntropicBrew"}],"is_trial":false,"path_per_floor":["M","M","?","M","?","E","?","$","T","M","M","M","M","M","R","B"],"character_chosen":"THE_SILENT","items_purchased":["Strawberry","Mummified Hand","Infinite Blades","Dagger Throw"],"campfire_rested":1,"item_purchase_floors":[8,8,8,8],"current_hp_per_floor":[65,63,63,57,50,20,20,27,27,22,13,23,17,16,39,0],"gold":197,"neow_bonus":"","is_prod":false,"is_daily":true,"chose_seed":false,"campfire_upgraded":0,"win_rate":0,"timestamp":1558658214,"path_taken":["M","M","?","M","?","E","?","$","T","M","M","M","?","M","R","BOSS"],"build_version":"2019-01-23","purchased_purges":1,"victory":false,"max_hp_per_floor":[70,70,70,70,70,72,72,79,79,79,79,79,79,79,79,79],"card_choices":[{"not_picked":["PiercingWail","Outmaneuver","Blade Dance"],"picked":"Singing Bowl","floor":6}],"player_experience":233973,"relics_obtained":[{"floor":1,"key":"Singing Bowl"},{"floor":2,"key":"Bottled Flame"},{"floor":4,"key":"Gremlin Horn"},{"floor":6,"key":"Potion Belt"},{"floor":9,"key":"Blood Vial"},{"floor":10,"key":"Whetstone"},{"floor":11,"key":"Sundial"},{"floor":12,"key":"Bottled Tornado"},{"floor":13,"key":"Omamori"},{"floor":14,"key":"Art of War"}],"event_choices":[{"damage_healed":0,"gold_gain":0,"player_choice":"Take Wound","damage_taken":0,"relics_obtained":["Golden Idol"],"max_hp_gain":0,"max_hp_loss":0,"event_name":"Golden Idol","floor":3,"gold_loss":0,"cards_obtained":["Injury"]},{"cards_removed":["Injury"],"damage_healed":0,"gold_gain":0,"player_choice":"Card Removal","damage_taken":7,"max_hp_gain":0,"max_hp_loss":0,"event_name":"Golden Wing","floor":5,"gold_loss":0},{"damage_healed":0,"gold_gain":175,"player_choice":"AGREE","damage_taken":0,"max_hp_gain":0,"max_hp_loss":0,"event_name":"Liars Game","floor":7,"gold_loss":0,"cards_obtained":["Doubt"]}],"is_beta":false,"boss_relics":[],"items_purged_floors":[8],"is_endless":false,"potions_floor_spawned":[2,10,11],"killed_by":"The Guardian","ascension_level":0}