{"gold_per_floor":[114,129,144,159,174,204,219,219,219,219,249,264,279,294,294,394,394,409,17,17,17,32,32,47,47,47,9,9,39,54,69,69,169,169,184,0,15,15,30,60,60,75,75,90,90,90],"floor_reached":46,"playtime":2896,"items_purged":[],"score":563,"play_id":"46de6de2-cfae-441d-9caf-25b232664a05","local_time":"20190530103437","daily_mods":["Heirloom","Diverse","Lethality"],"is_ascension_mode":false,"campfire_choices":[{"floor":10,"key":"REST"},{"data":"Dagger Throw","floor":15,"key":"SMITH"},{"data":"Infernal Blade","floor":23,"key":"SMITH"},{"floor":25,"key":"REST"},{"floor":28,"key":"DIG"},{"floor":32,"key":"REST"},{"data":"Seek","floor":41,"key":"SMITH"},{"floor":45,"key":"REST"}],"neow_cost":"","seed_source_timestamp":0,"circlet_count":0,"master_deck":["Bash","Tactician","Well Laid Plans+1","White Noise","Warcry+1","Prepared","Fiend Fire","Die Die Die","PiercingWail","Dagger Throw+1","Storm","Phantasmal Killer","Storm+1","Heatsinks+1","Brutality+1","Thunderclap+1","Discovery","Infernal Blade+1","Bash","Prepared","Well Laid Plans","Turbo+1","Exhume","Seek+1","Warcry","Prepared","Sweeping Beam","Feel No Pain","All Out Attack","Noxious Fumes","Turbo+1","Static Discharge"],"special_seed":18046,"relics":["Burning Blood","Charon\u0027s Ashes","WingedGreaves","Smiling Mask","Nunchaku","Astrolabe","Thread and Needle","Shovel","PreservedInsect","Magic Flower","Pandora\u0027s Box","Red Mask","Question Card","Bottled Lightning"],"potions_floor_usage":[6,11,16,16,22,31,31,39,44,44],"damage_taken":[{"damage":18,"enemies":"Small Slimes","floor":1,"turns":3},{"damage":0,"enemies":"Jaw Worm","floor":2,"turns":3},{"damage":5,"enemies":"2 Louse","floor":3,"turns":2},{"damage":7,"enemies":"Red Slaver","floor":4,"turns":4},{"damage":14,"enemies":"Large Slime","floor":5,"turns":7},{"damage":28,"enemies":"3 Sentries","floor":6,"turns":5},{"damage":15,"enemies":"Blue Slaver","floor":7,"turns":2},{"damage":0,"enemies":"Gremlin Nob","floor":11,"turns":3},{"damage":0,"enemies":"Red Slaver","floor":12,"turns":1},{"damage":0,"enemies":"Looter","floor":13,"turns":1},{"damage":4,"enemies":"2 Fungi Beasts","floor":14,"turns":2},{"damage":0,"enemies":"Slime Boss","floor":16,"turns":5},{"damage":27,"enemies":"Shell Parasite","floor":18,"turns":3},{"damage":7,"enemies":"3 Byrds","floor":22,"turns":3},{"damage":27,"enemies":"Centurion and Healer","floor":24,"turns":3},{"damage":15,"enemies":"Book of Stabbing","floor":29,"turns":2},{"damage":14,"enemies":"Cultist and Chosen","floor":30,"turns":3},{"damage":9,"enemies":"Snake Plant","floor":31,"turns":2},{"damage":70,"enemies":"Collector","floor":33,"turns":6},{"damage":15,"enemies":"Orb Walker","floor":35,"turns":2},{"damage":6,"enemies":"3 Darklings","floor":37,"turns":2},{"damage":6,"enemies":"4 Shapes","floor":39,"turns":2},{"damage":40,"enemies":"Giant Head","floor":40,"turns":6},{"damage":37,"enemies":"Writhing Mass","floor":42,"turns":3},{"damage":11,"enemies":"Transient","floor":44,"turns":5},{"damage":53,"enemies":"2 Orb Walkers","floor":46,"turns":2}],"seed_played":"7249540024689942860","potions_obtained":[{"floor":1,"key":"Strength Potion"},{"floor":6,"key":"EssenceOfSteel"},{"floor":7,"key":"PowerPotion"},{"floor":11,"key":"FearPotion"},{"floor":12,"key":"Swift Potion"},{"floor":29,"key":"LiquidBronze"},{"floor":30,"key":"PowerPotion"},{"floor":35,"key":"Explosive Potion"},{"floor":37,"key":"LiquidBronze"},{"floor":40,"key":"FearPotion"}],"is_trial":false,"path_per_floor":["M","M","M","M","M","E","M","?","T","R","E","M","M","M","R","B",null,"M","$","?","?","M","R","M","R","T","$","R","E","M","M","R","B",null,"M","?","M","?","M","E","R","M","T","M","R","?"],"character_chosen":"IRONCLAD","items_purchased":["Thread and Needle","Discovery","Well Laid Plans"],"campfire_rested":4,"item_purchase_floors":[19,19,27],"current_hp_per_floor":[68,74,75,74,66,44,35,19,19,43,49,55,61,63,63,69,80,59,59,59,59,58,58,37,61,61,61,61,52,47,47,71,10,80,74,74,77,77,80,49,49,21,21,19,43,0],"gold":90,"neow_bonus":"","is_prod":false,"is_daily":true,"chose_seed":false,"campfire_upgraded":3,"win_rate":0,"timestamp":1559226877,"path_taken":["M","M","M","M","M","E","M","?","T","R","E","M","M","M","R","BOSS","M","$","?","?","M","R","?","R","T","?","R","E","M","M","R","BOSS","M","?","M","?","M","E","R","M","T","M","R","?"],"build_version":"2019-01-23","purchased_purges":0,"victory":false,"max_hp_per_floor":[80,80,80,80,80,80,80,80,80,80,80,80,80,80,80,80,80,80,80,80,80,80,80,80,80,80,80,80,80,80,80,80,80,80,80,80,80,80,80,80,80,80,80,80,80,80],"card_choices":[{"not_picked":["Anger","Dagger Throw"],"picked":"Tactician","floor":1},{"not_picked":["Slice","Barrage"],"picked":"Well Laid Plans","floor":2},{"not_picked":["Deadly Poison","Caltrops","Force Field"],"picked":"SKIP","floor":3},{"not_picked":["Gash","Wild Strike"],"picked":"White Noise","floor":4},{"not_picked":["Dagger Spray","Streamline"],"picked":"Warcry","floor":5},{"not_picked":["Dropkick","Chaos"],"picked":"Prepared","floor":6},{"not_picked":["Dagger Spray","Iron Wave"],"picked":"Fiend Fire","floor":7},{"not_picked":["Conserve Battery","Cloak And Dagger"],"picked":"Die Die Die","floor":11},{"not_picked":["Rebound","Barrage"],"picked":"PiercingWail","floor":12},{"not_picked":["Chaos","Barrage"],"picked":"Dagger Throw","floor":13},{"not_picked":["Perfected Strike","Heavy Blade"],"picked":"Storm","floor":14},{"not_picked":["Double Tap","Brutality"],"picked":"Phantasmal Killer","floor":16},{"not_picked":["Rebound+1","Dagger Throw"],"picked":"Thunderclap+1","floor":18},{"not_picked":["Bouncing Flask","Sever Soul+1"],"picked":"Prepared","floor":22},{"not_picked":["Steam Power","Clash","Poisoned Stab"],"picked":"SKIP","floor":24},{"not_picked":["Flex","Quick Slash"],"picked":"Turbo+1","floor":29},{"not_picked":["Clash+1","Rampage"],"picked":"Exhume","floor":30},{"not_picked":["Disarm+1","Sentinel","Flex+1"],"picked":"SKIP","floor":31},{"not_picked":["All For One","Glass Knife"],"picked":"Seek","floor":33},{"not_picked":["Streamline","Chaos","Undo+1"],"picked":"SKIP","floor":35},{"not_picked":["Cold Snap","Bane"],"picked":"Noxious Fumes","floor":37},{"not_picked":["Undo","Flying Knee","Wild Strike"],"picked":"SKIP","floor":39},{"not_picked":["Entrench+1","Perfected Strike","Malaise"],"picked":"SKIP","floor":40},{"not_picked":["Flying Knee","Conserve Battery","Warcry"],"picked":"Turbo+1","floor":42},{"not_picked":["Concentrate+1","Lockon","Outmaneuver+1"],"picked":"Static Discharge","floor":44}],"player_experience":285396,"relics_obtained":[{"floor":6,"key":"WingedGreaves"},{"floor":9,"key":"Smiling Mask"},{"floor":11,"key":"Nunchaku"},{"floor":26,"key":"Shovel"},{"floor":28,"key":"PreservedInsect"},{"floor":29,"key":"Magic Flower"},{"floor":40,"key":"Question Card"},{"floor":43,"key":"Bottled Lightning"}],"event_choices":[{"damage_healed":0,"gold_gain":0,"player_choice":"Entered Light","damage_taken":16,"max_hp_gain":0,"max_hp_loss":0,"event_name":"Shining Light","floor":8,"gold_loss":0,"cards_upgraded":["Well Laid Plans","Warcry"]},{"damage_healed":0,"gold_gain":0,"player_choice":"Read","damage_taken":0,"max_hp_gain":0,"max_hp_loss":0,"event_name":"The Library","floor":20,"gold_loss":0,"cards_obtained":["Infernal Blade"]},{"damage_healed":0,"gold_gain":0,"player_choice":"1 cards matched","damage_taken":0,"max_hp_gain":0,"max_hp_loss":0,"event_name":"Match and Keep!","floor":21,"gold_loss":0,"cards_obtained":["Bash"]},{"damage_healed":0,"gold_gain":0,"player_choice":"Paid","damage_taken":0,"relics_obtained":["Red Mask"],"max_hp_gain":0,"max_hp_loss":0,"event_name":"Tomb of Lord Red Mask","floor":36,"gold_loss":184},{"cards_removed":["Leap"],"damage_healed":0,"gold_gain":0,"player_choice":"Removed Skill","damage_taken":0,"max_hp_gain":0,"max_hp_loss":0,"event_name":"Falling","floor":38,"gold_loss":0},{"damage_healed":0,"gold_gain":0,"player_choice":"Fight","damage_taken":0,"max_hp_gain":0,"max_hp_loss":0,"event_name":"Mysterious Sphere","floor":46,"gold_loss":0}],"is_beta":false,"boss_relics":[{"not_picked":["Black Blood","Velvet Choker"],"picked":"Astrolabe"},{"not_picked":["Snecko Eye","Eternal Feather"],"picked":"Pandora\u0027s Box"}],"items_purged_floors":[],"is_endless":false,"potions_floor_spawned":[1,6,7,11,12,29,30,35,37,40],"killed_by":"2 Orb Walkers","ascension_level":0}