{"gold_per_floor":[111,123,143,143,153,153,188,188,188,200,200,212,228,256,256,361,361,380,295,295,307,323,336,336,363,388,400,512,524,43,62,62,162,162,177,195,195,195,208,208,218,252,252,267,267,283,283,10,10,10],"floor_reached":51,"playtime":7605,"items_purged":[],"score":711,"play_id":"dd2f2630-3ae7-40a3-959d-75a4bdb5e426","local_time":"20190705005142","is_ascension_mode":false,"campfire_choices":[{"floor":6,"key":"REST"},{"data":"Armaments","floor":8,"key":"SMITH"},{"data":"Armaments","floor":11,"key":"SMITH"},{"floor":15,"key":"REST"},{"data":"Double Tap","floor":24,"key":"SMITH"},{"floor":27,"key":"REST"},{"floor":29,"key":"REST"},{"data":"Blood for Blood","floor":32,"key":"SMITH"},{"data":"Bludgeon","floor":40,"key":"SMITH"},{"data":"Bludgeon","floor":45,"key":"SMITH"},{"floor":47,"key":"REST"},{"data":"Armaments","floor":49,"key":"SMITH"}],"neow_cost":"","seed_source_timestamp":3533302325300,"circlet_count":0,"master_deck":["Strike_R","Strike_R","Strike_R","Strike_R","Defend_R","Defend_R","Defend_R","Defend_R","Bash","Twin Strike","Perfected Strike","Combust","Armaments+1","Armaments+1","Iron Wave","Headbutt","Double Tap+1","Perfected Strike","Bludgeon+1","Body Slam+1","Necronomicurse","Seeing Red","Thunderclap+1","Blood for Blood+1","Anger","Headbutt","Bludgeon+1","Rage+1","Perfected Strike","Barricade+1","Carnage+1","Iron Wave","Madness","Madness","Intimidate+1","Rupture+1","Warcry","Pommel Strike","Sword Boomerang+1","Shockwave+1","Armaments+1"],"relics":["Burning Blood","Dream Catcher","Bag of Marbles","Kunai","Black Star","Gremlin Horn","Necronomicon","Mummified Hand","Happy Flower","MawBank","Incense Burner","Sundial","Paper Frog","Frozen Egg 2","White Beast Statue","Darkstone Periapt","Self Forming Clay","Pear","Strawberry","Lantern"],"potions_floor_usage":[7,14,16,16,18,25,28,33,36,36,41,42,42,44,46,50,50,50],"damage_taken":[{"damage":1,"enemies":"Cultist","floor":1,"turns":3},{"damage":6,"enemies":"Jaw Worm","floor":2,"turns":3},{"damage":2,"enemies":"2 Louse","floor":3,"turns":2},{"damage":19,"enemies":"Exordium Wildlife","floor":5,"turns":3},{"damage":22,"enemies":"3 Sentries","floor":7,"turns":6},{"damage":7,"enemies":"Blue Slaver","floor":10,"turns":2},{"damage":6,"enemies":"Exordium Thugs","floor":12,"turns":4},{"damage":0,"enemies":"Exordium Wildlife","floor":13,"turns":3},{"damage":9,"enemies":"Lagavulin","floor":14,"turns":5},{"damage":51,"enemies":"The Guardian","floor":16,"turns":6},{"damage":5,"enemies":"2 Thieves","floor":18,"turns":3},{"damage":10,"enemies":"Spheric Guardian","floor":21,"turns":3},{"damage":0,"enemies":"Snecko","floor":22,"turns":2},{"damage":10,"enemies":"Chosen and Byrds","floor":23,"turns":2},{"damage":23,"enemies":"Slavers","floor":25,"turns":4},{"damage":16,"enemies":"Colosseum Slavers","floor":28,"turns":4},{"damage":12,"enemies":"Colosseum Nobs","floor":28,"turns":4},{"damage":0,"enemies":"Centurion and Healer","floor":31,"turns":1},{"damage":43,"enemies":"Champ","floor":33,"turns":8},{"damage":9,"enemies":"3 Shapes","floor":35,"turns":3},{"damage":2,"enemies":"3 Darklings","floor":36,"turns":2},{"damage":0,"enemies":"Jaw Worm Horde","floor":39,"turns":3},{"damage":14,"enemies":"Maw","floor":41,"turns":5},{"damage":7,"enemies":"Giant Head","floor":42,"turns":3},{"damage":10,"enemies":"3 Darklings","floor":44,"turns":3},{"damage":18,"enemies":"4 Shapes","floor":46,"turns":3},{"damage":80,"enemies":"Awakened One","floor":50,"turns":10}],"seed_played":"2917912191655004391","potions_obtained":[{"floor":5,"key":"SteroidPotion"},{"floor":10,"key":"EssenceOfSteel"},{"floor":13,"key":"SkillPotion"},{"floor":14,"key":"Strength Potion"},{"floor":16,"key":"AttackPotion"},{"floor":22,"key":"PowerPotion"},{"floor":25,"key":"Swift Potion"},{"floor":28,"key":"SteroidPotion"},{"floor":33,"key":"Dexterity Potion"},{"floor":35,"key":"AttackPotion"},{"floor":36,"key":"SkillPotion"},{"floor":39,"key":"SpeedPotion"},{"floor":41,"key":"AttackPotion"},{"floor":42,"key":"Explosive Potion"},{"floor":44,"key":"Energy Potion"},{"floor":46,"key":"LiquidBronze"}],"is_trial":false,"path_per_floor":["M","M","M","?","M","R","E","R","T","M","R","M","M","E","R","B",null,"M","?","?","M","M","M","R","E","T","R","?","R","$","M","R","B",null,"M","M","?","?","M","R","M","E","T","M","R","M","R","$","R","B",null],"character_chosen":"IRONCLAD","items_purchased":["Paper Frog","Frozen Egg 2","Lantern","FearPotion","SpeedPotion","Armaments"],"campfire_rested":5,"item_purchase_floors":[30,30,48,48,48,48],"current_hp_per_floor":[80,80,80,73,60,80,64,64,64,63,63,63,69,66,80,35,80,80,80,64,60,66,62,62,45,45,69,53,77,77,80,80,43,80,77,80,70,70,76,76,68,77,84,80,80,68,97,97,97,23],"gold":10,"neow_bonus":"","is_prod":false,"is_daily":false,"chose_seed":false,"campfire_upgraded":7,"win_rate":0.0,"timestamp":1562280702,"path_taken":["M","?","M","?","M","R","E","R","T","M","R","M","M","E","R","BOSS","M","?","?","?","M","M","R","E","T","R","?","R","?","M","R","BOSS","M","M","?","?","?","R","M","E","T","?","R","M","R","$","R","BOSS"],"build_version":"2019-07-01","purchased_purges":0,"victory":true,"max_hp_per_floor":[80,80,80,80,80,80,80,80,80,80,80,80,80,80,80,80,80,80,80,80,80,80,80,80,80,80,80,80,80,80,80,80,80,80,80,80,80,80,80,80,80,90,97,97,97,97,97,97,97,97],"card_choices":[{"not_picked":["True Grit","Clash"],"picked":"Twin Strike","floor":1},{"not_picked":["Sever Soul","Headbutt"],"picked":"Perfected Strike","floor":2},{"not_picked":["Cleave","Shrug It Off"],"picked":"Combust","floor":3},{"not_picked":["Fiend Fire","Whirlwind"],"picked":"Armaments","floor":5},{"not_picked":["Corruption","Sword Boomerang"],"picked":"Body Slam","floor":7},{"not_picked":["Intimidate","Seeing Red"],"picked":"Armaments","floor":10},{"not_picked":["Bloodletting","Feel No Pain"],"picked":"Iron Wave","floor":12},{"not_picked":["Sword Boomerang","Second Wind"],"picked":"Headbutt","floor":13},{"not_picked":["Dual Wield","Disarm"],"picked":"Double Tap","floor":14},{"not_picked":["Fire Breathing","True Grit"],"picked":"Perfected Strike","floor":15},{"not_picked":["Double Tap","Impervious"],"picked":"Bludgeon","floor":16},{"not_picked":["Shrug It Off","Clash"],"picked":"Body Slam+1","floor":18},{"not_picked":["Feel No Pain+1","Disarm"],"picked":"Seeing Red","floor":21},{"not_picked":["Armaments","Burning Pact+1"],"picked":"Thunderclap+1","floor":22},{"not_picked":["Rage","Clothesline"],"picked":"Blood for Blood","floor":23},{"not_picked":["Body Slam","Bloodletting+1"],"picked":"Anger","floor":25},{"not_picked":["True Grit+1","Armaments"],"picked":"Headbutt","floor":27},{"not_picked":["Sever Soul+1","True Grit"],"picked":"Bludgeon","floor":28},{"not_picked":["Anger","Hemokinesis"],"picked":"Rage+1","floor":29},{"not_picked":["Sword Boomerang","True Grit"],"picked":"Perfected Strike","floor":31},{"not_picked":["Impervious","Offering"],"picked":"Barricade+1","floor":33},{"not_picked":["Headbutt+1","Blood for Blood"],"picked":"Carnage+1","floor":35},{"not_picked":["Headbutt","Shockwave"],"picked":"Iron Wave","floor":36},{"not_picked":["Thunderclap","Anger"],"picked":"Intimidate+1","floor":39},{"not_picked":["Bludgeon","Searing Blow"],"picked":"Rupture+1","floor":41},{"not_picked":["True Grit","Dual Wield"],"picked":"Warcry","floor":42},{"not_picked":["True Grit","Flame Barrier+1"],"picked":"Pommel Strike","floor":44},{"not_picked":["Searing Blow","Warcry+1"],"picked":"Sword Boomerang+1","floor":46},{"not_picked":["Shrug It Off","Sever Soul"],"picked":"Shockwave+1","floor":47}],"player_experience":0,"relics_obtained":[{"floor":7,"key":"Dream Catcher"},{"floor":9,"key":"Bag of Marbles"},{"floor":14,"key":"Kunai"},{"floor":20,"key":"Necronomicon"},{"floor":25,"key":"Mummified Hand"},{"floor":25,"key":"Happy Flower"},{"floor":26,"key":"MawBank"},{"floor":28,"key":"Incense Burner"},{"floor":28,"key":"Sundial"},{"floor":42,"key":"Self Forming Clay"},{"floor":42,"key":"Pear"},{"floor":43,"key":"Strawberry"}],"event_choices":[{"cards_removed":["Strike_R"],"damage_healed":0,"gold_gain":0,"player_choice":"Card Removal","damage_taken":7,"max_hp_gain":0,"max_hp_loss":0,"event_name":"Golden Wing","floor":4,"gold_loss":0},{"damage_healed":0,"gold_gain":0,"player_choice":"Obtained Relic","damage_taken":0,"relics_obtained":["Gremlin Horn"],"max_hp_gain":0,"max_hp_loss":0,"event_name":"Addict","floor":19,"gold_loss":85},{"damage_healed":0,"gold_gain":0,"player_choice":"Obtained Book","damage_taken":16,"max_hp_gain":0,"max_hp_loss":0,"event_name":"Cursed Tome","floor":20,"gold_loss":0},{"damage_healed":0,"gold_gain":0,"player_choice":"Fight","damage_taken":0,"max_hp_gain":0,"max_hp_loss":0,"event_name":"Colosseum","floor":28,"gold_loss":0},{"damage_healed":0,"gold_gain":0,"player_choice":"Fought Nobs","damage_taken":0,"max_hp_gain":0,"max_hp_loss":0,"event_name":"Colosseum","floor":28,"gold_loss":0},{"damage_healed":0,"gold_gain":0,"player_choice":"Embrace Madness","damage_taken":10,"max_hp_gain":0,"max_hp_loss":0,"event_name":"Winding Halls","floor":37,"gold_loss":0,"cards_obtained":["Madness","Madness"]},{"cards_removed":["Body Slam"],"damage_healed":0,"gold_gain":0,"player_choice":"Gave Card","damage_taken":0,"relics_obtained":["Darkstone Periapt"],"max_hp_gain":0,"max_hp_loss":0,"event_name":"WeMeetAgain","floor":38,"gold_loss":0}],"is_beta":false,"boss_relics":[{"not_picked":["Astrolabe","Snecko Eye"],"picked":"Black Star"},{"not_picked":["Orrery","Runic Dome"],"picked":"White Beast Statue"}],"items_purged_floors":[],"is_endless":false,"potions_floor_spawned":[5,10,13,14,16,22,25,28,33,35,36,39,41,42,44,46],"ascension_level":0}