{"gold_per_floor":[117,128,143,143,143,170,95,95,168,195,206,219,219,251,251,346,346,346],"floor_reached":18,"playtime":955,"items_purged":["Pain"],"score":198,"play_id":"4e7f761c-f1c1-4b50-9e00-2cb8c3aba001","local_time":"20190708223939","is_ascension_mode":true,"campfire_choices":[{"floor":8,"key":"REST"},{"floor":13,"key":"REST"},{"data":"Envenom","floor":15,"key":"SMITH"}],"neow_cost":"NONE","seed_source_timestamp":120773790949407,"circlet_count":0,"master_deck":["Strike_G","Strike_G","Strike_G","Strike_G","Strike_G","Defend_G","Defend_G","Defend_G","Defend_G","Survivor","Neutralize","Deflect","Backflip","Well Laid Plans","Backflip","Flying Knee","Quick Slash","Envenom+1","Adrenaline"],"relics":["Ring of the Snake","Ancient Tea Set","WarpedTongs","Dream Catcher","Pantograph","Lantern","Orichalcum","HoveringKite"],"potions_floor_usage":[10,10,10,16,16],"damage_taken":[{"damage":6,"enemies":"Cultist","floor":1,"turns":6},{"damage":4,"enemies":"Small Slimes","floor":2,"turns":3},{"damage":1,"enemies":"Jaw Worm","floor":3,"turns":4},{"damage":32,"enemies":"Lagavulin","floor":6,"turns":10},{"damage":6,"enemies":"Gremlin Nob","floor":10,"turns":4},{"damage":0,"enemies":"Red Slaver","floor":11,"turns":3},{"damage":3,"enemies":"Lots of Slimes","floor":12,"turns":6},{"damage":17,"enemies":"Lagavulin","floor":14,"turns":7},{"damage":5,"enemies":"Hexaghost","floor":16,"turns":9},{"damage":0,"enemies":"3 Byrds","floor":18,"turns":1}],"seed_played":"7639145601774540645","potions_obtained":[{"floor":1,"key":"LiquidBronze"},{"floor":3,"key":"SkillPotion"},{"floor":6,"key":"LiquidBronze"},{"floor":11,"key":"FearPotion"},{"floor":12,"key":"Energy Potion"}],"is_trial":false,"path_per_floor":["M","M","M","?","?","E","$","R","T","E","M","M","R","E","R","B",null,"M"],"character_chosen":"THE_SILENT","items_purchased":[],"campfire_rested":2,"item_purchase_floors":[],"current_hp_per_floor":[64,60,59,59,59,27,27,48,48,42,42,39,60,43,43,63,70,70],"gold":346,"neow_bonus":"RANDOM_COMMON_RELIC","is_prod":false,"is_daily":false,"chose_seed":false,"campfire_upgraded":1,"win_rate":0,"timestamp":1562618379,"path_taken":["M","?","M","?","?","E","$","R","T","E","?","M","R","E","R","BOSS","M"],"build_version":"2019-07-05","purchased_purges":1,"victory":false,"max_hp_per_floor":[70,70,70,70,70,70,70,70,70,70,70,70,70,70,70,70,70,70],"card_choices":[{"not_picked":["Leg Sweep","Dagger Throw"],"picked":"Deflect","floor":1},{"not_picked":["Underhanded Strike","Dodge and Roll"],"picked":"Backflip","floor":2},{"not_picked":["Heel Hook","Acrobatics","Outmaneuver"],"picked":"SKIP","floor":3},{"not_picked":["Dagger Spray","Predator"],"picked":"Backflip","floor":6},{"not_picked":["Outmaneuver","Sucker Punch"],"picked":"Flying Knee","floor":8},{"not_picked":["Underhanded Strike","Choke","Endless Agony"],"picked":"SKIP","floor":10},{"not_picked":["Terror","Leg Sweep","Prepared"],"picked":"SKIP","floor":11},{"not_picked":["Acrobatics","Poisoned Stab"],"picked":"Quick Slash","floor":12},{"not_picked":["Dodge and Roll","Dagger Throw"],"picked":"Envenom","floor":13},{"not_picked":["Bane","Deflect","Bouncing Flask"],"picked":"SKIP","floor":14},{"not_picked":["Glass Knife","Night Terror"],"picked":"Adrenaline","floor":16}],"player_experience":72252,"relics_obtained":[{"floor":6,"key":"Dream Catcher"},{"floor":9,"key":"Pantograph"},{"floor":10,"key":"Lantern"},{"floor":14,"key":"Orichalcum"}],"event_choices":[{"damage_healed":0,"gold_gain":0,"cards_transformed":["Defend_G"],"player_choice":"Change","damage_taken":0,"max_hp_gain":0,"max_hp_loss":0,"event_name":"Living Wall","floor":4,"gold_loss":0,"cards_obtained":["Well Laid Plans"]},{"damage_healed":0,"gold_gain":0,"player_choice":"Rummage","damage_taken":0,"relics_obtained":["WarpedTongs"],"max_hp_gain":0,"max_hp_loss":0,"event_name":"Accursed Blacksmith","floor":5,"gold_loss":0,"cards_obtained":["Pain"]}],"is_beta":false,"boss_relics":[{"not_picked":["Runic Dome","Lizard Tail"],"picked":"HoveringKite"}],"items_purged_floors":[7],"is_endless":false,"potions_floor_spawned":[1,3,6,11,12],"killed_by":"3 Byrds","ascension_level":2}