{"gold_per_floor":[119,138,148,323,337,337,355,355,406,417,452,463,463,476,476,476],"floor_reached":16,"playtime":779,"items_purged":[],"score":106,"play_id":"28e897d4-953c-4897-ada6-e7a2d9de3fff","local_time":"20190506224625","is_ascension_mode":false,"campfire_choices":[{"data":"Rainbow","floor":8,"key":"SMITH"},{"data":"Seek","floor":13,"key":"SMITH"},{"floor":15,"key":"REST"}],"neow_cost":"NONE","seed_source_timestamp":2239033956645525,"circlet_count":0,"master_deck":["Strike_B","Strike_B","Strike_B","Strike_B","Defend_B","Defend_B","Defend_B","Defend_B","Zap","Dualcast","All For One","Barrage","Cold Snap","Capacitor","Doubt","Chill","Rainbow+1","Capacitor","Compile Driver","Seek+1","Hello World","Fusion"],"relics":["Cracked Core","Boot","Mummified Hand"],"potions_floor_usage":[5,10,11,11,16],"damage_taken":[{"damage":0,"enemies":"Cultist","floor":1,"turns":3},{"damage":0,"enemies":"Small Slimes","floor":2,"turns":3},{"damage":6,"enemies":"Jaw Worm","floor":3,"turns":3},{"damage":21,"enemies":"Lots of Slimes","floor":5,"turns":2},{"damage":6,"enemies":"Looter","floor":7,"turns":3},{"damage":1,"enemies":"Exordium Thugs","floor":10,"turns":4},{"damage":24,"enemies":"Gremlin Nob","floor":11,"turns":5},{"damage":0,"enemies":"3 Louse","floor":12,"turns":3},{"damage":13,"enemies":"Looter","floor":14,"turns":3},{"damage":28,"enemies":"The Guardian","floor":16,"turns":9}],"seed_played":"-4126734755402491207","potions_obtained":[{"floor":1,"key":"Explosive Potion"},{"floor":2,"key":"Swift Potion"},{"floor":3,"key":"Energy Potion"},{"floor":10,"key":"SteroidPotion"},{"floor":12,"key":"Poison Potion"}],"is_trial":false,"path_per_floor":["M","M","M","?","M","?","M","R","T","M","E","M","R","M","R","B"],"character_chosen":"DEFECT","items_purchased":[],"campfire_rested":1,"item_purchase_floors":[],"current_hp_per_floor":[75,75,69,69,48,48,42,42,42,41,17,17,17,4,26,0],"gold":476,"neow_bonus":"ONE_RANDOM_RARE_CARD","is_prod":false,"is_daily":false,"chose_seed":false,"campfire_upgraded":2,"win_rate":0.0,"timestamp":1557197185,"path_taken":["M","?","M","?","M","?","?","R","T","M","E","M","R","M","R","BOSS"],"build_version":"2019-01-23","purchased_purges":0,"victory":false,"max_hp_per_floor":[75,75,75,75,75,75,75,75,75,75,75,75,75,75,75,75],"card_choices":[{"not_picked":["Conserve Battery","Reprogram"],"picked":"Barrage","floor":1},{"not_picked":["Compile Driver","Coolheaded"],"picked":"Cold Snap","floor":2},{"not_picked":["Ball Lightning","Coolheaded"],"picked":"Capacitor","floor":3},{"not_picked":["Ball Lightning","Undo"],"picked":"Chill","floor":5},{"not_picked":["Gash","Sunder"],"picked":"Capacitor","floor":7},{"not_picked":["Cold Snap","Steam Power"],"picked":"Compile Driver","floor":10},{"not_picked":["Turbo","Coolheaded"],"picked":"Seek","floor":11},{"not_picked":["Static Discharge","Loop"],"picked":"Hello World","floor":12},{"not_picked":["Ball Lightning","Reinforced Body"],"picked":"Fusion","floor":14}],"player_experience":62863,"relics_obtained":[{"floor":9,"key":"Boot"},{"floor":11,"key":"Mummified Hand"}],"event_choices":[{"damage_healed":0,"gold_gain":175,"player_choice":"AGREE","damage_taken":0,"max_hp_gain":0,"max_hp_loss":0,"event_name":"Liars Game","floor":4,"gold_loss":0,"cards_obtained":["Doubt"]},{"damage_healed":0,"gold_gain":0,"player_choice":"1 cards matched","damage_taken":0,"max_hp_gain":0,"max_hp_loss":0,"event_name":"Match and Keep!","floor":6,"gold_loss":0,"cards_obtained":["Rainbow"]}],"is_beta":false,"boss_relics":[],"items_purged_floors":[],"is_endless":false,"potions_floor_spawned":[1,2,3,10,12],"killed_by":"The Guardian","ascension_level":0}