{"gold_per_floor":[119,119,139,153,228,228,245,245,302,302,302,153,165,179,179,179],"floor_reached":16,"playtime":746,"items_purged":["Strike_G"],"score":101,"play_id":"36ef3cff-6851-4946-ae6a-7028374d8885","local_time":"20190706201303","is_ascension_mode":true,"campfire_choices":[{"floor":6,"key":"REST"},{"data":"Quick Slash","floor":8,"key":"SMITH"},{"data":"Neutralize","floor":10,"key":"SMITH"},{"data":"Footwork","floor":15,"key":"SMITH"}],"neow_cost":"NONE","seed_source_timestamp":9522987142249,"circlet_count":0,"master_deck":["Strike_G","Strike_G","Strike_G","Strike_G","Defend_G","Defend_G","Defend_G","Defend_G","Defend_G","Survivor","Neutralize+1","Quick Slash+1","Quick Slash","Deadly Poison","Poisoned Stab","Quick Slash","Footwork+1","Dash","Finisher"],"relics":["Ring of the Snake","Dream Catcher","Tiny Chest","Strawberry"],"potions_floor_usage":[16],"damage_taken":[{"damage":2,"enemies":"Jaw Worm","floor":1,"turns":4},{"damage":1,"enemies":"Cultist","floor":3,"turns":4},{"damage":1,"enemies":"2 Louse","floor":4,"turns":3},{"damage":4,"enemies":"Blue Slaver","floor":7,"turns":4},{"damage":8,"enemies":"3 Louse","floor":13,"turns":4},{"damage":0,"enemies":"Looter","floor":14,"turns":2},{"damage":67,"enemies":"Slime Boss","floor":16,"turns":17}],"seed_played":"-2427007249872361853","potions_obtained":[{"floor":14,"key":"SkillPotion"}],"is_trial":false,"path_per_floor":["M","?","M","M","?","R","M","R","T","R","T","$","M","M","R","B"],"character_chosen":"THE_SILENT","items_purchased":["Footwork"],"campfire_rested":1,"item_purchase_floors":[12],"current_hp_per_floor":[68,68,67,66,55,70,66,66,66,66,73,73,65,65,65,0],"gold":179,"neow_bonus":"RANDOM_COLORLESS","is_prod":false,"is_daily":false,"chose_seed":false,"campfire_upgraded":3,"win_rate":0,"timestamp":1562436783,"path_taken":["M","?","?","?","?","R","M","R","T","R","?","$","M","M","R","BOSS"],"build_version":"2019-07-05","purchased_purges":1,"victory":false,"max_hp_per_floor":[70,70,70,70,70,70,70,70,70,70,77,77,77,77,77,77],"card_choices":[{"not_picked":["Dagger Spray","Dagger Throw"],"picked":"Quick Slash","floor":1},{"not_picked":["PiercingWail","Underhanded Strike"],"picked":"Quick Slash","floor":3},{"not_picked":["Escape Plan","Expertise"],"picked":"Deadly Poison","floor":4},{"not_picked":["Dodge and Roll","Tactician"],"picked":"Poisoned Stab","floor":6},{"not_picked":["Heel Hook","Deadly Poison"],"picked":"Quick Slash","floor":7},{"not_picked":["Acrobatics","Cloak And Dagger"],"picked":"Dash","floor":13},{"not_picked":["Predator","Distraction"],"picked":"Finisher","floor":14}],"player_experience":59992,"relics_obtained":[{"floor":9,"key":"Tiny Chest"},{"floor":11,"key":"Strawberry"}],"event_choices":[{"cards_removed":["Dramatic Entrance"],"damage_healed":0,"gold_gain":0,"player_choice":"Gave Card","damage_taken":0,"relics_obtained":["Dream Catcher"],"max_hp_gain":0,"max_hp_loss":0,"event_name":"WeMeetAgain","floor":2,"gold_loss":0},{"damage_healed":0,"gold_gain":75,"player_choice":"Gather Gold","damage_taken":11,"max_hp_gain":0,"max_hp_loss":0,"event_name":"World of Goop","floor":5,"gold_loss":0}],"is_beta":false,"boss_relics":[],"items_purged_floors":[12],"is_endless":false,"potions_floor_spawned":[14],"killed_by":"Slime Boss","ascension_level":2}