{"gold_per_floor":[362,374,374,374,62,96,111,111,111,226,226,49,99,119,119,214,214,227,277,4,20,70,70,300,335,335,310,360,360,510,109,109,211,211,226,276,726,740,759,786,801,814,859,859,132,158,118,135,135,135,135,135,35,69,69],"floor_reached":56,"playtime":5730,"items_purged":["Strike_G","Defend_G","Strike_G","Defend_G"],"score":1308,"play_id":"bf0e3559-8109-483d-bb85-065ed29194d7","local_time":"20190627191603","is_ascension_mode":true,"campfire_choices":[{"floor":8.0,"key":"REST"},{"data":"Caltrops","floor":15.0,"key":"SMITH"},{"data":"Malaise","floor":23.0,"key":"SMITH"},{"floor":29.0,"key":"REST"},{"data":"Footwork","floor":32.0,"key":"SMITH"},{"data":"Well Laid Plans","floor":44,"key":"SMITH"},{"floor":49,"key":"RECALL"},{"data":"Cloak And Dagger","floor":52,"key":"SMITH"}],"neow_cost":"PERCENT_DAMAGE","seed_source_timestamp":506189589471344,"circlet_count":0,"master_deck":["Defend_G","Defend_G","Defend_G","Survivor","Neutralize","Cloak And Dagger","Poisoned Stab","Deadly Poison","Well Laid Plans+1","Cloak And Dagger+1","Caltrops+1","Malaise+1","Sucker Punch","Neutralize+1","Venomology","Footwork+1","After Image","Heel Hook+1","After Image","PiercingWail+1","Catalyst+1","Dagger Throw+1","Infinite Blades","Deflect+1","Leg Sweep+1","Predator","Blade Dance","Dodge and Roll","Backflip","Dodge and Roll"],"special_seed":0,"relics":["Ring of the Snake","SsserpentHead","PreservedInsect","Mummified Hand","Juzu Bracelet","Happy Flower","White Beast Statue","Omamori","Blood Vial","Question Card","Nunchaku","Gremlin Horn","Shuriken","Toy Ornithopter","Cursed Key","Old Coin","Art of War","Strawberry","OrangePellets","Ancient Tea Set","Bag of Preparation"],"potions_floor_usage":[41,42,42,46,50,50,54,55,55,55],"damage_taken":[{"damage":5.0,"enemies":"Cultist","floor":1.0,"turns":6.0},{"damage":1.0,"enemies":"Small Slimes","floor":2.0,"turns":4.0},{"damage":14.0,"enemies":"Gremlin Nob","floor":6.0,"turns":3.0},{"damage":0.0,"enemies":"2 Louse","floor":7.0,"turns":2.0},{"damage":15.0,"enemies":"Lagavulin Event","floor":10.0,"turns":5.0},{"damage":0.0,"enemies":"2 Fungi Beasts","floor":14.0,"turns":4.0},{"damage":15.0,"enemies":"Hexaghost","floor":16.0,"turns":8.0},{"damage":3.0,"enemies":"Shell Parasite","floor":18.0,"turns":8.0},{"damage":11.0,"enemies":"Chosen","floor":21.0,"turns":7.0},{"damage":4.0,"enemies":"Gremlin Leader","floor":25.0,"turns":6.0},{"damage":0.0,"enemies":"Colosseum Slavers","floor":30.0,"turns":5.0},{"damage":6.0,"enemies":"Colosseum Nobs","floor":30.0,"turns":6.0},{"damage":22.0,"enemies":"Collector","floor":33.0,"turns":10.0},{"damage":26.0,"enemies":"3 Darklings","floor":35.0,"turns":5.0},{"damage":0.0,"enemies":"Mind Bloom Boss Battle","floor":37.0,"turns":10.0},{"damage":0.0,"enemies":"3 Shapes","floor":38.0,"turns":11.0},{"damage":7.0,"enemies":"Transient","floor":39.0,"turns":5.0},{"damage":15.0,"enemies":"Nemesis","floor":40.0,"turns":9.0},{"damage":15,"enemies":"Spire Growth","floor":41,"turns":7},{"damage":6,"enemies":"3 Darklings","floor":42,"turns":5},{"damage":6,"enemies":"Reptomancer","floor":46,"turns":7},{"damage":0,"enemies":"Sphere and 2 Shapes","floor":48,"turns":6},{"damage":8,"enemies":"Awakened One","floor":50,"turns":14},{"damage":7,"enemies":"Shield and Spear","floor":54,"turns":8},{"damage":34,"enemies":"The Heart","floor":55,"turns":14}],"seed_played":"-1395180893845766388","potions_obtained":[{"floor":2.0,"key":"Poison Potion"},{"floor":6.0,"key":"Weak Potion"},{"floor":7.0,"key":"Explosive Potion"},{"floor":16.0,"key":"Dexterity Potion"},{"floor":18.0,"key":"EssenceOfSteel"},{"floor":21.0,"key":"EssenceOfSteel"},{"floor":25.0,"key":"AttackPotion"},{"floor":30.0,"key":"SkillPotion"},{"floor":33.0,"key":"Weak Potion"},{"floor":35.0,"key":"Strength Potion"},{"floor":38.0,"key":"Fire Potion"},{"floor":39.0,"key":"GhostInAJar"},{"floor":40.0,"key":"SpeedPotion"},{"floor":42,"key":"GamblersBrew"}],"is_trial":false,"path_per_floor":["M","?","?","?","?","?","?","?","?","?","?","?","$","?","?","?"],"character_chosen":"THE_SILENT","items_purchased":["Well Laid Plans","PreservedInsect","Caltrops","Omamori","Shuriken","Toy Ornithopter","Predator","Blade Dance","Dodge and Roll","Well Laid Plans","Strawberry","OrangePellets","Dexterity Potion","Dodge and Roll"],"campfire_rested":2,"item_purchase_floors":[5,5,12,20,31,31,45,45,45,45,45,45,53,53],"current_hp_per_floor":[44,43,43,43,43,29,29,50,50,35,35,35,58,58,58,43,70,67,67,67,56,56,56,35,31,31,31,18,40,38,38,38,28,75,49,49,56,63,68,60,52,58,58,58,65,66,66,68,68,72,82,82,82,75,77],"gold":69,"neow_bonus":"TWO_FIFTY_GOLD","is_prod":false,"is_daily":false,"chose_seed":false,"campfire_upgraded":5,"win_rate":0,"timestamp":1561652163,"path_taken":["M","?","?","?","$","E","M","R","T","?","?","$","?","M","R","BOSS","M","?","$","M","?","R","?","E","T","?","?","R","?","?","R","BOSS","M","?","?","M","M","E","M","M","T","R","$","E","?","M","R","BOSS","R","$","E","BOSS"],"build_version":"2019-01-23","purchased_purges":4,"victory":true,"max_hp_per_floor":[70,70,70,70,70,70,70,70,70,70,70,70,70,70,70,70,70,70,70,70,70,70,70,70,70,70,70,75,75,75,75,75,75,75,75,75,75,75,75,75,75,75,75,75,82,82,82,82,82,82,82,82,82,82,82],"card_choices":[{"not_picked":["Masterful Stab","Reflex"],"picked":"Cloak And Dagger","floor":1.0},{"not_picked":["Bouncing Flask","Dagger Throw"],"picked":"Poisoned Stab","floor":2.0},{"not_picked":["Concentrate","Dagger Spray"],"picked":"Infinite Blades","floor":6.0},{"not_picked":["Blade Dance","Heel Hook","Slice"],"picked":"SKIP","floor":7.0},{"not_picked":["Expertise","Poisoned Stab"],"picked":"Cloak And Dagger","floor":10.0},{"not_picked":["Cloak And Dagger","Slice","Quick Slash"],"picked":"SKIP","floor":14.0},{"not_picked":["Bullet Time","Phantasmal Killer"],"picked":"Malaise","floor":16.0},{"not_picked":["Eviscerate","Endless Agony"],"picked":"Sucker Punch","floor":18.0},{"not_picked":["Flying Knee+1","Escape Plan+1"],"picked":"Footwork","floor":21.0},{"not_picked":["Flying Knee","Distraction"],"picked":"After Image","floor":25.0},{"not_picked":["Acrobatics","Dagger Spray","Slice"],"picked":"Heel Hook+1","floor":30.0},{"not_picked":["Storm of Steel","Die Die Die","Grand Finale"],"picked":"After Image","floor":33.0},{"not_picked":["Dagger Throw","Blade Dance+1","Masterful Stab"],"picked":"PiercingWail+1","floor":35.0},{"not_picked":["Flying Knee+1","Tactician+1","Calculated Gamble"],"picked":"Catalyst+1","floor":38.0},{"not_picked":["PiercingWail+1","Expertise+1","Flechettes"],"picked":"Dagger Throw+1","floor":39.0},{"not_picked":["Finisher","Poisoned Stab","Dagger Throw+1"],"picked":"Infinite Blades","floor":40.0},{"not_picked":["Skewer","Concentrate+1","Acrobatics"],"picked":"Deflect+1","floor":41},{"not_picked":["Blade Dance+1","Terror","Escape Plan+1"],"picked":"Leg Sweep+1","floor":42},{"not_picked":["Sucker Punch+1","A Thousand Cuts","Underhanded Strike+1"],"picked":"Backflip","floor":46},{"not_picked":["Slice+1","Acrobatics+1","Sucker Punch","Skewer+1"],"picked":"SKIP","floor":48},{"not_picked":["Quick Slash+1","Finisher+1","Masterful Stab+1","Eviscerate+1"],"picked":"SKIP","floor":54}],"player_experience":251779,"relics_obtained":[{"floor":6.0,"key":"Mummified Hand"},{"floor":9.0,"key":"Juzu Bracelet"},{"floor":10.0,"key":"Happy Flower"},{"floor":25.0,"key":"Blood Vial"},{"floor":26.0,"key":"Question Card"},{"floor":30.0,"key":"Nunchaku"},{"floor":30.0,"key":"Gremlin Horn"},{"floor":37.0,"key":"Old Coin"},{"floor":40.0,"key":"Art of War"},{"floor":46,"key":"Ancient Tea Set"},{"floor":54,"key":"Bag of Preparation"}],"event_choices":[{"damage_healed":0.0,"max_hp_gain":0.0,"max_hp_loss":0.0,"gold_gain":0.0,"cards_transformed":["Strike_G"],"event_name":"Living Wall","player_choice":"Change","floor":3.0,"gold_loss":0.0,"damage_taken":0.0,"cards_obtained":["Deadly Poison"]},{"damage_healed":0.0,"max_hp_gain":0.0,"max_hp_loss":0.0,"gold_gain":0.0,"event_name":"FaceTrader","player_choice":"Trade","floor":4.0,"gold_loss":0.0,"damage_taken":0.0,"relics_obtained":["SsserpentHead"]},{"damage_healed":0.0,"max_hp_gain":0.0,"max_hp_loss":0.0,"gold_gain":0.0,"event_name":"Dead Adventurer","player_choice":"Searched \u00271\u0027 times","floor":10.0,"gold_loss":0.0,"damage_taken":0.0},{"cards_removed":["Strike_G"],"damage_healed":0.0,"max_hp_gain":0.0,"max_hp_loss":0.0,"gold_gain":0.0,"event_name":"The Cleric","player_choice":"Card Removal","floor":11.0,"gold_loss":50.0,"damage_taken":0.0},{"damage_healed":23.0,"max_hp_gain":0.0,"max_hp_loss":0.0,"gold_gain":0.0,"event_name":"Big Fish","player_choice":"Banana","floor":13.0,"gold_loss":0.0,"damage_taken":0.0},{"damage_healed":0.0,"max_hp_gain":0.0,"max_hp_loss":0.0,"gold_gain":0.0,"event_name":"Match and Keep!","player_choice":"2 cards matched","floor":19.0,"gold_loss":0.0,"damage_taken":0.0,"cards_obtained":["Neutralize","Venomology"]},{"damage_healed":0.0,"max_hp_gain":0.0,"max_hp_loss":0.0,"gold_gain":0.0,"event_name":"Ghosts","player_choice":"Ignored","floor":22.0,"gold_loss":0.0,"damage_taken":0.0},{"damage_healed":0.0,"max_hp_gain":0.0,"max_hp_loss":0.0,"gold_gain":180.0,"event_name":"Knowing Skull","player_choice":"GOLD GOLD ","floor":24.0,"potions_obtained":[],"gold_loss":0.0,"damage_taken":21.0,"cards_obtained":[]},{"cards_removed":["Strike_G"],"damage_healed":0.0,"max_hp_gain":0.0,"max_hp_loss":0.0,"gold_gain":0.0,"event_name":"Beggar","player_choice":"Gave Gold","floor":27.0,"gold_loss":75.0,"damage_taken":0.0},{"damage_healed":0.0,"max_hp_gain":5.0,"max_hp_loss":0.0,"gold_gain":0.0,"event_name":"Forgotten Altar","player_choice":"Shed Blood","floor":28.0,"gold_loss":0.0,"damage_taken":18.0},{"damage_healed":0.0,"max_hp_gain":0.0,"max_hp_loss":0.0,"gold_gain":0.0,"event_name":"Colosseum","player_choice":"Fight","floor":30.0,"gold_loss":0.0,"damage_taken":0.0},{"damage_healed":0.0,"max_hp_gain":0.0,"max_hp_loss":0.0,"gold_gain":0.0,"event_name":"Colosseum","player_choice":"Fought Nobs","floor":30.0,"gold_loss":0.0,"damage_taken":0.0},{"cards_removed":["Infinite Blades"],"damage_healed":0.0,"max_hp_gain":0.0,"max_hp_loss":0.0,"gold_gain":0.0,"event_name":"Falling","player_choice":"Removed Power","floor":36.0,"gold_loss":0.0,"damage_taken":0.0},{"damage_healed":0.0,"max_hp_gain":0.0,"max_hp_loss":0.0,"gold_gain":0.0,"event_name":"MindBloom","player_choice":"Fight","floor":37.0,"gold_loss":0.0,"damage_taken":0.0},{"cards_removed":["Well Laid Plans"],"damage_healed":0,"gold_gain":0,"player_choice":"Upgrade and Remove","damage_taken":0,"max_hp_gain":0,"max_hp_loss":0,"event_name":"Designer","floor":47,"gold_loss":90,"cards_upgraded":["Neutralize"]}],"is_beta":false,"boss_relics":[{"not_picked":["Empty Cage","Coffee Dripper"],"picked":"White Beast Statue"},{"not_picked":["Runic Dome","Astrolabe"],"picked":"Cursed Key"}],"items_purged_floors":[5,12,20,45],"is_endless":false,"potions_floor_spawned":[2,6,7,16,18,21,25,30,30,33,35,37,38,39,40,41,42,46,48,54],"ascension_level":2}