{"gold_per_floor":[362,437,437,457,457,457,487,487,487,412,412,438,16,16,16,115,165,184,184,194,212,66,66,82,82,109,109,109,142,142],"floor_reached":30,"playtime":1594,"items_purged":["Strike_G"],"score":403,"play_id":"3542ede7-4a6d-4411-8248-707e2de77d15","local_time":"20190714080720","is_ascension_mode":true,"campfire_choices":[{"data":"Neutralize","floor":6.0,"key":"SMITH"},{"floor":8.0,"key":"REST"},{"data":"Dash","floor":11.0,"key":"SMITH"},{"floor":15.0,"key":"REST"},{"data":"Glass Knife","floor":23.0,"key":"SMITH"},{"floor":25.0,"key":"REST"},{"data":"Malaise","floor":27.0,"key":"SMITH"}],"neow_cost":"CURSE","seed_source_timestamp":136242032525625,"circlet_count":0,"master_deck":["AscendersBane","Defend_G","Defend_G","Defend_G","Defend_G","Defend_G","Strike_G","Survivor","Neutralize+1","Dagger Throw+1","Cloak And Dagger","Dash+1","Poisoned Stab","Noxious Fumes","Catalyst","Parasite","Glass Knife+1","Reflex","Dagger Throw","PiercingWail","Malaise+1","Poisoned Stab","Adrenaline"],"special_seed":0,"relics":["Ring of the Snake","Blue Candle","Bottled Flame","Question Card","Gambling Chip","Tiny House","Happy Flower","Art of War","Shovel"],"potions_floor_usage":[29,29],"damage_taken":[{"damage":11.0,"enemies":"Jaw Worm","floor":1.0,"turns":5.0},{"damage":0.0,"enemies":"2 Louse","floor":4.0,"turns":3.0},{"damage":26.0,"enemies":"3 Sentries","floor":7.0,"turns":14.0},{"damage":22.0,"enemies":"Lagavulin","floor":12.0,"turns":9.0},{"damage":28.0,"enemies":"The Guardian","floor":16.0,"turns":10.0},{"damage":0.0,"enemies":"3 Byrds","floor":18.0,"turns":3.0},{"damage":1.0,"enemies":"Shell Parasite","floor":20.0,"turns":7.0},{"damage":28.0,"enemies":"Snecko","floor":21.0,"turns":10.0},{"damage":15.0,"enemies":"3 Cultists","floor":24.0,"turns":6.0},{"damage":23,"enemies":"Slavers","floor":29,"turns":6}],"seed_played":"-8199897011231420018","potions_obtained":[{"floor":12.0,"key":"LiquidBronze"},{"floor":16.0,"key":"FearPotion"},{"floor":20.0,"key":"Ancient Potion"},{"floor":24.0,"key":"Energy Potion"}],"is_trial":false,"path_per_floor":["?","?","M","?","$","?","?","?","?"],"character_chosen":"THE_SILENT","items_purchased":["Noxious Fumes","Gambling Chip","Catalyst","Happy Flower"],"campfire_rested":3,"item_purchase_floors":[13,13,13,22],"current_hp_per_floor":[52,41,41,41,34,34,8,29,29,29,29,7,7,24,45,17,62,62,62,61,33,33,33,18,40,40,40,26,3,0],"gold":142,"neow_bonus":"TWO_FIFTY_GOLD","is_prod":false,"is_daily":false,"chose_seed":false,"campfire_upgraded":4,"win_rate":0,"timestamp":1563080840,"path_taken":["M","?","?","?","?","R","E","R","T","$","R","E","?","?","R","BOSS","M","?","M","M","$","R","M","R","T","R","?","E","?"],"build_version":"2019-01-23","purchased_purges":1,"victory":false,"max_hp_per_floor":[70,70,70,70,70,70,70,70,70,70,70,70,70,70,70,70,75,75,75,75,75,75,75,75,75,75,75,80,80,80],"card_choices":[{"not_picked":["Acrobatics","Quick Slash"],"picked":"Dagger Throw","floor":1.0},{"not_picked":["Bane","Acrobatics"],"picked":"Cloak And Dagger","floor":4.0},{"not_picked":["Flying Knee","Choke"],"picked":"Dash","floor":7.0},{"not_picked":["Dash","Acrobatics"],"picked":"Poisoned Stab","floor":12.0},{"not_picked":["Wraith Form v2","Night Terror","Venomology"],"picked":"Glass Knife","floor":16.0},{"not_picked":["Eviscerate","Setup","Outmaneuver"],"picked":"Reflex","floor":17.0},{"not_picked":["Cloak And Dagger","PiercingWail","Underhanded Strike"],"picked":"Dagger Throw","floor":18.0},{"not_picked":["PiercingWail+1","Quick Slash","Heel Hook"],"picked":"Poisoned Stab","floor":20.0},{"not_picked":["Flying Knee","Blade Dance","Dodge and Roll","Bane"],"picked":"SKIP","floor":21.0},{"not_picked":["Caltrops","Prepared","PiercingWail","Dodge and Roll"],"picked":"SKIP","floor":24.0},{"not_picked":["Deflect","Slice","Dash"],"picked":"Adrenaline","floor":29}],"player_experience":409565,"relics_obtained":[{"floor":7.0,"key":"Blue Candle"},{"floor":9.0,"key":"Bottled Flame"},{"floor":12.0,"key":"Question Card"},{"floor":26.0,"key":"Art of War"},{"floor":29,"key":"Shovel"}],"event_choices":[{"damage_healed":0.0,"max_hp_gain":0.0,"max_hp_loss":0.0,"gold_gain":75.0,"event_name":"World of Goop","player_choice":"Gather Gold","floor":2.0,"gold_loss":0.0,"damage_taken":11.0},{"cards_removed":["Injury"],"damage_healed":0.0,"max_hp_gain":0.0,"max_hp_loss":0.0,"gold_gain":0.0,"event_name":"Purifier","player_choice":"Purged","floor":3.0,"gold_loss":0.0,"damage_taken":0.0},{"cards_removed":["Strike_G"],"damage_healed":0.0,"max_hp_gain":0.0,"max_hp_loss":0.0,"gold_gain":0.0,"event_name":"Golden Wing","player_choice":"Card Removal","floor":5.0,"gold_loss":0.0,"damage_taken":7.0},{"damage_healed":17.0,"max_hp_gain":0.0,"max_hp_loss":0.0,"gold_gain":0.0,"event_name":"Mushrooms","player_choice":"Healed and dodged fight","floor":14.0,"gold_loss":0.0,"damage_taken":0.0,"cards_obtained":["Parasite"]},{"damage_healed":0.0,"max_hp_gain":0.0,"max_hp_loss":0.0,"gold_gain":0.0,"cards_transformed":["Strike_G","Strike_G"],"event_name":"Drug Dealer","player_choice":"Became Test Subject","floor":19.0,"gold_loss":0.0,"damage_taken":0.0,"cards_obtained":["PiercingWail","Malaise"]},{"damage_healed":0.0,"max_hp_gain":5.0,"max_hp_loss":0.0,"gold_gain":0.0,"event_name":"Forgotten Altar","player_choice":"Shed Blood","floor":28.0,"gold_loss":0.0,"damage_taken":19.0}],"is_beta":false,"boss_relics":[{"not_picked":["Ectoplasm","Cursed Key"],"picked":"Tiny House"}],"items_purged_floors":[10],"is_endless":false,"potions_floor_spawned":[12,16,20,24],"ascension_level":12}