{"gold_per_floor":[109,59,78,78,97,97,124,141,191,211,223,223,278,295,295,390,390,410,410,350],"floor_reached":20,"playtime":1052,"items_purged":[],"score":458,"play_id":"2d3da842-8781-4779-b5f0-5a0ca6c6d2f3","local_time":"20190709080535","is_ascension_mode":true,"campfire_choices":[{"floor":6.0,"key":"RECALL"},{"floor":12.0,"key":"REST"},{"floor":15.0,"key":"REST"}],"neow_cost":"NONE","seed_source_timestamp":894463092177027,"circlet_count":0,"master_deck":["AscendersBane","Strike_B","Strike_B","Defend_B","Defend_B","Defend_B","Defend_B","Zap","Dualcast","Compile Driver","Ball Lightning","Conserve Battery","Machine Learning","Cold Snap","Streamline","Multi-Cast","Rebound","Meteor Strike"],"special_seed":0,"relics":["Fusion Hammer","Darkstone Periapt","Orichalcum","Tiny Chest","Philosopher\u0027s Stone"],"potions_floor_usage":[20],"damage_taken":[{"damage":4.0,"enemies":"Small Slimes","floor":1.0,"turns":4.0},{"damage":0.0,"enemies":"Cultist","floor":3.0,"turns":4.0},{"damage":3.0,"enemies":"2 Louse","floor":5.0,"turns":3.0},{"damage":25.0,"enemies":"3 Sentries","floor":7.0,"turns":8.0},{"damage":7.0,"enemies":"Exordium Thugs","floor":8.0,"turns":3.0},{"damage":1.0,"enemies":"Blue Slaver","floor":10.0,"turns":3.0},{"damage":3.0,"enemies":"Exordium Wildlife","floor":11.0,"turns":4.0},{"damage":1.0,"enemies":"Lagavulin","floor":13.0,"turns":7.0},{"damage":0.0,"enemies":"Looter","floor":14.0,"turns":2.0},{"damage":46.0,"enemies":"The Guardian","floor":16.0,"turns":9.0},{"damage":47.0,"enemies":"3 Byrds","floor":18.0,"turns":5.0},{"damage":25,"enemies":"2 Thieves","floor":20,"turns":2}],"seed_played":"-7519230770864919570","potions_obtained":[{"floor":5.0,"key":"LiquidBronze"},{"floor":7.0,"key":"FearPotion"},{"floor":8.0,"key":"Energy Potion"},{"floor":11.0,"key":"Block Potion"},{"floor":16.0,"key":"Explosive Potion"},{"floor":18.0,"key":"LiquidBronze"}],"is_trial":false,"path_per_floor":["?","?","M","M","?","M"],"character_chosen":"DEFECT","items_purchased":[],"campfire_rested":2,"item_purchase_floors":[],"current_hp_per_floor":[64,64,64,64,61,61,36,29,29,28,25,47,46,46,68,22,62,15,15,0],"gold":350,"neow_bonus":"BOSS_RELIC","is_prod":false,"is_daily":false,"chose_seed":false,"campfire_upgraded":0,"win_rate":0,"timestamp":1562648735,"path_taken":["M","?","M","?","M","R","E","?","T","M","M","R","E","?","R","BOSS","M","?","?"],"build_version":"2019-01-23","purchased_purges":0,"victory":false,"max_hp_per_floor":[75,75,75,75,75,75,75,75,75,75,75,75,75,75,75,75,75,75,75,75],"card_choices":[{"not_picked":["Fusion","Hologram"],"picked":"Compile Driver","floor":1.0},{"not_picked":["Leap","Tempest"],"picked":"Ball Lightning","floor":3.0},{"not_picked":["Stack","Reprogram","Auto Shields"],"picked":"SKIP","floor":5.0},{"not_picked":["Stack","Reprogram","Auto Shields"],"picked":"SKIP","floor":5.0},{"not_picked":["Beam Cell","Hello World","BootSequence"],"picked":"SKIP","floor":7.0},{"not_picked":["Leap","Barrage"],"picked":"Conserve Battery","floor":8.0},{"not_picked":["Hologram","Cold Snap"],"picked":"Machine Learning","floor":10.0},{"not_picked":["Capacitor","Conserve Battery"],"picked":"Cold Snap","floor":11.0},{"not_picked":["Conserve Battery","Fusion"],"picked":"Streamline","floor":13.0},{"not_picked":["Compile Driver","BootSequence","Leap"],"picked":"SKIP","floor":14.0},{"not_picked":["All For One","Buffer"],"picked":"Multi-Cast","floor":16.0},{"not_picked":["Stack","Gash"],"picked":"Rebound","floor":18.0}],"player_experience":339411,"relics_obtained":[{"floor":7.0,"key":"Darkstone Periapt"},{"floor":9.0,"key":"Orichalcum"},{"floor":13.0,"key":"Tiny Chest"}],"event_choices":[{"cards_removed":["Strike_B"],"damage_healed":0.0,"max_hp_gain":0.0,"max_hp_loss":0.0,"gold_gain":0.0,"event_name":"The Cleric","player_choice":"Card Removal","floor":2.0,"gold_loss":50.0,"damage_taken":0.0},{"cards_removed":["Strike_B"],"damage_healed":0.0,"max_hp_gain":0.0,"max_hp_loss":0.0,"gold_gain":0.0,"event_name":"Bonfire Elementals","player_choice":"Offered Basic","floor":4.0,"gold_loss":0.0,"damage_taken":0.0},{"damage_healed":0.0,"max_hp_gain":0.0,"max_hp_loss":0.0,"gold_gain":0.0,"event_name":"Match and Keep!","player_choice":"1 cards matched","floor":19.0,"gold_loss":0.0,"damage_taken":0.0,"cards_obtained":["Meteor Strike"]}],"is_beta":false,"boss_relics":[{"not_picked":["Eternal Feather","Empty Cage"],"picked":"Philosopher\u0027s Stone"}],"items_purged_floors":[],"is_endless":false,"potions_floor_spawned":[5,7,8,11,16,18],"killed_by":"2 Thieves","ascension_level":12}