{"gold_per_floor":[114,129,129,129,129,159,159,189,214,244,274,449,779,794,794,894,894,909,924,924,939,262,292,292,307,332,257,257,287,287,302,302,402,402,417,692,692],"floor_reached":37,"playtime":4262,"items_purged":[],"score":608,"play_id":"83479770-ff94-4545-8bb2-fe2fd4b0ad29","local_time":"20190601233935","daily_mods":["Cursed Run","ControlledChaos","Elite Swarm"],"is_ascension_mode":false,"campfire_choices":[{"floor":7,"key":"REST"},{"floor":15,"key":"REST"},{"floor":24,"key":"REST"},{"floor":28,"key":"REST"},{"floor":30,"key":"REST"},{"floor":32,"key":"REST"}],"neow_cost":"","seed_source_timestamp":0,"circlet_count":0,"master_deck":["Defend_B","Defend_B","Defend_B","Zap","Dualcast","Sweeping Beam","Compile Driver","Echo Form","Biased Cognition","Writhe","Amplify","Doubt","Undo","Parasite","Biased Cognition","Steam+1","Bite","Bite","Bite","Bite","Bite","Steam+1","Reprogram","Biased Cognition","Injury","Creative AI","Aggregate","Pain","Seek","Scrape+1","Regret"],"special_seed":18049,"relics":["Cursed Key","Darkstone Periapt","Du-Vu Doll","Frozen Eye","Symbiotic Virus","Bag of Marbles","Juzu Bracelet","Dodecahedron","Meat on the Bone","Old Coin","Fusion Hammer","Pen Nib","Ornamental Fan","Toy Ornithopter","Strawberry","Art of War","Shuriken","Nuclear Battery"],"potions_floor_usage":[10,10,19,19,19,23,23,23,33],"damage_taken":[{"damage":0,"enemies":"2 Louse","floor":1,"turns":2},{"damage":7,"enemies":"Small Slimes","floor":2,"turns":4},{"damage":33,"enemies":"Lagavulin","floor":6,"turns":4},{"damage":12,"enemies":"3 Sentries","floor":8,"turns":7},{"damage":29,"enemies":"Gremlin Nob","floor":10,"turns":5},{"damage":27,"enemies":"3 Sentries","floor":13,"turns":4},{"damage":1,"enemies":"Cultist","floor":14,"turns":3},{"damage":64,"enemies":"The Guardian","floor":16,"turns":12},{"damage":0,"enemies":"Spheric Guardian","floor":18,"turns":3},{"damage":0,"enemies":"Chosen","floor":19,"turns":3},{"damage":27,"enemies":"Shelled Parasite and Fungi","floor":21,"turns":4},{"damage":61,"enemies":"Slavers","floor":23,"turns":9},{"damage":19,"enemies":"Centurion and Healer","floor":25,"turns":4},{"damage":33,"enemies":"Book of Stabbing","floor":29,"turns":6},{"damage":27,"enemies":"Cultist and Chosen","floor":31,"turns":6},{"damage":59,"enemies":"Collector","floor":33,"turns":9},{"damage":41,"enemies":"3 Darklings","floor":35,"turns":4},{"damage":50,"enemies":"2 Orb Walkers","floor":37,"turns":2}],"seed_played":"8756904744522302853","potions_obtained":[{"floor":1,"key":"SpeedPotion"},{"floor":2,"key":"Poison Potion"},{"floor":8,"key":"Regen Potion"},{"floor":14,"key":"Dexterity Potion"},{"floor":18,"key":"Poison Potion"},{"floor":21,"key":"EntropicBrew"},{"floor":29,"key":"Energy Potion"},{"floor":33,"key":"LiquidBronze"}],"is_trial":false,"path_per_floor":["M","M","$","?","?","E","R","E","T","E","?","?","E","M","R","B",null,"M","M","?","M","$","E","R","M","T","?","R","E","R","M","R","B",null,"M","?","?"],"character_chosen":"DEFECT","items_purchased":["Reprogram","Pen Nib","Ornamental Fan","Toy Ornithopter"],"campfire_rested":6,"item_purchase_floors":[22,22,22,22],"current_hp_per_floor":[75,68,68,68,75,42,64,52,58,43,43,49,34,45,71,25,93,93,93,65,42,42,25,46,47,53,53,76,47,70,49,72,48,84,43,49,0],"gold":692,"neow_bonus":"","is_prod":false,"is_daily":true,"chose_seed":false,"campfire_upgraded":0,"win_rate":0,"timestamp":1559446775,"path_taken":["M","M","$","?","?","E","R","E","T","E","?","?","E","M","R","BOSS","M","M","?","M","$","E","R","M","T","?","R","E","R","M","R","BOSS","M","?","?"],"build_version":"2019-01-23","purchased_purges":0,"victory":false,"max_hp_per_floor":[75,75,75,75,75,75,75,75,81,81,81,87,87,87,87,93,93,93,93,65,65,65,72,72,72,78,78,78,78,78,78,78,84,84,84,90,90],"card_choices":[{"not_picked":["Recycle","Glacier"],"picked":"Sweeping Beam","floor":1},{"not_picked":["Gash","Go for the Eyes","Rebound"],"picked":"SKIP","floor":2},{"not_picked":["All For One","Hyperbeam"],"picked":"Echo Form","floor":6},{"not_picked":["All For One","Meteor Strike"],"picked":"Biased Cognition","floor":8},{"not_picked":["Fission","Echo Form"],"picked":"Amplify","floor":10},{"not_picked":["Hyperbeam","Amplify","Buffer"],"picked":"SKIP","floor":13},{"not_picked":["Conserve Battery","Auto Shields"],"picked":"Undo","floor":14},{"not_picked":["Echo Form","Fission"],"picked":"Biased Cognition","floor":16},{"not_picked":["Conserve Battery","Compile Driver+1"],"picked":"Steam+1","floor":18},{"not_picked":["Streamline","BootSequence","Darkness"],"picked":"SKIP","floor":19},{"not_picked":["Rip and Tear","Gash"],"picked":"Steam+1","floor":21},{"not_picked":["Meteor Strike","Hyperbeam"],"picked":"Biased Cognition","floor":23},{"not_picked":["Coolheaded","Conserve Battery","Rebound"],"picked":"SKIP","floor":25},{"not_picked":["Multi-Cast","Biased Cognition"],"picked":"Creative AI","floor":29},{"not_picked":["Leap","Reinforced Body"],"picked":"Aggregate","floor":31},{"not_picked":["All For One","Electrodynamics"],"picked":"Seek","floor":33},{"not_picked":["Rebound+1","Cold Snap"],"picked":"Scrape+1","floor":35}],"player_experience":318563,"relics_obtained":[{"floor":6,"key":"Symbiotic Virus"},{"floor":8,"key":"Bag of Marbles"},{"floor":9,"key":"Juzu Bracelet"},{"floor":10,"key":"Dodecahedron"},{"floor":13,"key":"Old Coin"},{"floor":23,"key":"Strawberry"},{"floor":26,"key":"Art of War"},{"floor":29,"key":"Shuriken"}],"event_choices":[{"damage_healed":0,"gold_gain":0,"cards_transformed":["Strike_B"],"player_choice":"Change","damage_taken":0,"max_hp_gain":0,"max_hp_loss":0,"event_name":"Living Wall","floor":4,"gold_loss":0,"cards_obtained":["Compile Driver"]},{"damage_healed":7,"gold_gain":0,"player_choice":"Full Heal","damage_taken":0,"max_hp_gain":0,"max_hp_loss":0,"event_name":"Wheel of Change","floor":5,"gold_loss":0},{"damage_healed":0,"gold_gain":30,"player_choice":"Searched \u00272\u0027 times","damage_taken":0,"relics_obtained":["Meat on the Bone"],"max_hp_gain":0,"max_hp_loss":0,"event_name":"Dead Adventurer","floor":11,"gold_loss":0},{"damage_healed":0,"gold_gain":175,"player_choice":"AGREE","damage_taken":0,"max_hp_gain":0,"max_hp_loss":0,"event_name":"Liars Game","floor":12,"gold_loss":0,"cards_obtained":["Doubt"]},{"damage_healed":0,"gold_gain":0,"player_choice":"Became a vampire","damage_taken":0,"max_hp_gain":0,"max_hp_loss":28,"event_name":"Vampires","floor":20,"gold_loss":0,"cards_obtained":["Bite","Bite","Bite","Bite","Bite"]},{"cards_removed":["Defend_B"],"damage_healed":0,"gold_gain":0,"player_choice":"Gave Gold","damage_taken":0,"max_hp_gain":0,"max_hp_loss":0,"event_name":"Beggar","floor":27,"gold_loss":75},{"damage_healed":0,"gold_gain":275,"player_choice":"Desecrate","damage_taken":0,"max_hp_gain":0,"max_hp_loss":0,"event_name":"Golden Shrine","floor":36,"gold_loss":0,"cards_obtained":["Regret"]},{"damage_healed":0,"gold_gain":0,"player_choice":"Fight","damage_taken":0,"max_hp_gain":0,"max_hp_loss":0,"event_name":"Mysterious Sphere","floor":37,"gold_loss":0}],"is_beta":false,"boss_relics":[{"not_picked":["White Beast Statue","Snecko Eye"],"picked":"Fusion Hammer"},{"not_picked":["Tiny House","Astrolabe"],"picked":"Nuclear Battery"}],"items_purged_floors":[],"is_endless":false,"potions_floor_spawned":[1,2,8,14,18,21,29,33],"killed_by":"2 Orb Walkers","ascension_level":0}