{"gold_per_floor":[114,114,129,247,247,277,309,324,349,25,40,55,55,70,70,170,170,185,200,315,330,330,360,375,75,204,219,43,43,43,58,58,58],"floor_reached":33,"playtime":3190,"items_purged":[],"score":298,"play_id":"9d59297c-9594-4820-a1af-f13bc458d64d","local_time":"20190515182813","daily_mods":["Cursed Run","Blue Cards","Terminal"],"is_ascension_mode":false,"campfire_choices":[{"data":"construct:MemoryTap","floor":15,"key":"SMITH"},{"data":"construct:BatteryCore","floor":30,"key":"SMITH"},{"data":"construct:LaserCore","floor":32,"key":"SMITH"}],"neow_cost":"","seed_source_timestamp":2996278159387974,"circlet_count":0,"master_deck":["construct:Strike_Gold","construct:Strike_Gold","construct:Strike_Gold","construct:Strike_Gold","construct:Strike_Gold","construct:Defend_Gold","construct:Defend_Gold","construct:Defend_Gold","construct:Defend_Gold","construct:Defend_Gold","construct:AttackMode","construct:DefenseMode","construct:Analyze","construct:Boost","construct:GuardCore+1","Injury","construct:Anticipate","construct:Autoturret","infinitespire:Pacifist","construct:Autoturret","construct:MemoryTap+1","construct:Forcefield","construct:CriticalHit","hubris:Wrath","construct:BatteryCore+1","construct:ClusterMines","construct:Anticipate+1","construct:ScrapCannon","Pain","construct:ClusterMines","Regret","construct:SyphonStrike","construct:SuppressiveFire","construct:SuppressiveFire","construct:MassProduction","construct:LaserCore+1"],"special_seed":18031,"relics":["Cursed Key","Darkstone Periapt","Du-Vu Doll","Dream Catcher","Meat on the Bone","PreservedInsect","Vajra","hubris:ScarierMask","WarpedTongs","Orichalcum","Toolbox","hubris:ClockworkCow","construct:MasterCore"],"potions_floor_usage":[6,12,12,21,26,26,33,33],"damage_taken":[{"damage":0,"enemies":"Jaw Worm","floor":1,"turns":3},{"damage":2,"enemies":"Small Slimes","floor":3,"turns":2},{"damage":0,"enemies":"2 Louse","floor":4,"turns":3},{"damage":84,"enemies":"3 Sentries","floor":6,"turns":16},{"damage":4,"enemies":"Red Slaver","floor":7,"turns":5},{"damage":1,"enemies":"Red Slaver","floor":8,"turns":4},{"damage":0,"enemies":"2 Fungi Beasts","floor":11,"turns":6},{"damage":0,"enemies":"Gremlin Gang","floor":12,"turns":2},{"damage":0,"enemies":"Exordium Thugs","floor":14,"turns":4},{"damage":40,"enemies":"Hexaghost","floor":16,"turns":10},{"damage":27,"enemies":"Spheric Guardian","floor":18,"turns":6},{"damage":13,"enemies":"Chosen","floor":19,"turns":6},{"damage":7,"enemies":"Centurion and Healer","floor":20,"turns":5},{"damage":12,"enemies":"Shelled Parasite and Fungi","floor":21,"turns":6},{"damage":3,"enemies":"Slavers","floor":23,"turns":4},{"damage":0,"enemies":"3 Cultists","floor":24,"turns":4},{"damage":0,"enemies":"Chosen and Byrds","floor":26,"turns":3},{"damage":2,"enemies":"Chosen and Byrds","floor":27,"turns":2},{"damage":13,"enemies":"Cultist and Chosen","floor":31,"turns":4},{"damage":48,"enemies":"Collector","floor":33,"turns":6}],"seed_played":"-1876816699338199353","potions_obtained":[{"floor":3,"key":"Regen Potion"},{"floor":8,"key":"AttackPotion"},{"floor":11,"key":"AttackPotion"},{"floor":20,"key":"GamblersBrew"},{"floor":24,"key":"Fire Potion"},{"floor":27,"key":"Poison Potion"}],"is_trial":false,"path_per_floor":["M","?","M","M","?","E","MIM","M","T","$","M","M","?","M","R","B",null,"M","M","M","M","?","E","M","$","MIM","M","$","?","R","M","R","B"],"character_chosen":"THE_CONSTRUCT_MOD","items_purchased":["construct:Autoturret","construct:MemoryTap","Vajra","SkillPotion","PowerPotion","Toolbox","construct:SuppressiveFire","construct:MasterCore"],"campfire_rested":0,"item_purchase_floors":[10,10,10,25,25,25,28,28],"current_hp_per_floor":[83,82,80,80,79,10,12,23,29,29,41,53,53,53,53,31,85,58,45,50,50,56,53,53,53,59,57,57,57,57,44,44,0],"gold":58,"neow_bonus":"","is_prod":false,"is_daily":true,"chose_seed":false,"campfire_upgraded":3,"win_rate":0.0,"timestamp":1557959293,"path_taken":["M","?","M","M","?","E","?","M","T","$","M","?","?","M","R","BOSS","M","M","?","M","?","E","M","$","MIM","M","$","?","R","?","R","BOSS"],"build_version":"2019-01-23","purchased_purges":0,"victory":false,"max_hp_per_floor":[83,82,81,80,79,78,83,82,87,86,85,84,83,82,81,86,85,84,83,82,81,86,85,84,83,88,87,86,85,84,83,82,82],"card_choices":[{"not_picked":["construct:SweepLaser","construct:ModeShift","construct:FierceBash"],"picked":"SKIP","floor":1},{"not_picked":["construct:HeavyBolt","construct:Forcefield"],"picked":"construct:Analyze","floor":3},{"not_picked":["construct:Autoturret","construct:ShiftGuard"],"picked":"construct:Boost","floor":4},{"not_picked":["construct:Analyze","construct:ShiftGuard"],"picked":"construct:GuardCore","floor":6},{"not_picked":["construct:Backfire","construct:Enhance"],"picked":"construct:Anticipate","floor":7},{"not_picked":["construct:ShieldGenerator","construct:Disrupt"],"picked":"construct:Autoturret","floor":8},{"not_picked":["construct:Dampening","construct:CripplingShot"],"picked":"construct:Forcefield","floor":11},{"not_picked":["construct:Analyze","construct:FocusedBeam"],"picked":"construct:CriticalHit","floor":12},{"not_picked":["construct:ShiftStrike","construct:Synchronize","construct:ModeShift"],"picked":"SKIP","floor":14},{"not_picked":["construct:HyperBeam","construct:SpinDrive"],"picked":"construct:BatteryCore","floor":16},{"not_picked":["construct:Backfire","construct:Anticipate"],"picked":"construct:ClusterMines","floor":18},{"not_picked":["construct:Accumulate+1","construct:SweepLaser"],"picked":"construct:Anticipate+1","floor":19},{"not_picked":["construct:Chainstrike","construct:SuppressiveFire+1"],"picked":"construct:ScrapCannon","floor":20},{"not_picked":["construct:Backup","construct:Backfire","construct:ScrapCannon"],"picked":"SKIP","floor":21},{"not_picked":["construct:ShieldGenerator","construct:PanicFire"],"picked":"construct:ClusterMines","floor":23},{"not_picked":["construct:ModeShift","construct:Forcefield","construct:Antimatter"],"picked":"SKIP","floor":24},{"not_picked":["construct:Electrocute+1","construct:CripplingShot+1"],"picked":"construct:SyphonStrike","floor":26},{"not_picked":["construct:Boost+1","construct:SaveState"],"picked":"construct:SuppressiveFire","floor":27},{"not_picked":["construct:Enhance","construct:Reinforce"],"picked":"construct:LaserCore","floor":31}],"player_experience":167291,"relics_obtained":[{"floor":6,"key":"Dream Catcher"},{"floor":9,"key":"PreservedInsect"},{"floor":23,"key":"Orichalcum"},{"floor":26,"key":"hubris:ClockworkCow"}],"event_choices":[{"damage_healed":0,"gold_gain":0,"player_choice":"Fled","damage_taken":0,"max_hp_gain":0,"max_hp_loss":0,"event_name":"Scrap Ooze","floor":2,"gold_loss":0},{"damage_healed":0,"gold_gain":0,"player_choice":"Ignored","damage_taken":0,"max_hp_gain":0,"max_hp_loss":0,"event_name":"Liars Game","floor":5,"gold_loss":0},{"damage_healed":0,"gold_gain":0,"player_choice":"Upgraded","damage_taken":0,"max_hp_gain":0,"max_hp_loss":0,"event_name":"Upgrade Shrine","floor":13,"gold_loss":0,"cards_upgraded":["construct:GuardCore"]},{"damage_healed":0,"gold_gain":0,"player_choice":"Rummage","damage_taken":0,"relics_obtained":["WarpedTongs"],"max_hp_gain":0,"max_hp_loss":0,"event_name":"Accursed Blacksmith","floor":22,"gold_loss":0,"cards_obtained":["Pain"]},{"damage_healed":0,"gold_gain":0,"player_choice":"1 cards matched","damage_taken":0,"max_hp_gain":0,"max_hp_loss":0,"event_name":"Match and Keep!","floor":29,"gold_loss":0,"cards_obtained":["construct:MassProduction"]}],"is_beta":false,"boss_relics":[{"not_picked":["hubris:Stopwatch","hubris:RunicObelisk"],"picked":"hubris:ScarierMask"}],"items_purged_floors":[],"is_endless":false,"potions_floor_spawned":[3,8,11,20,24,27],"killed_by":"Collector","ascension_level":0}