{"gold_per_floor":[144,189,234,234,234,234,309,354,354,54,99,99,144,189,189,489,489,534,534,579,104,104,194,194,284,284,329,374,419,419,419,419,719,719,764,809,904,949,1044,1134,1179,1179,1179,1179,10,0,50,226,226,226],"floor_reached":51,"playtime":3657,"items_purged":[],"score":1086,"play_id":"e6a60214-c659-4328-b907-0d20a6656a75","local_time":"20190512215756","daily_mods":["SealedDeck","Hoarder","Midas"],"is_ascension_mode":false,"campfire_choices":[{"floor":6,"key":"REST"},{"floor":15,"key":"REST"},{"floor":24,"key":"REST"},{"floor":30,"key":"REST"},{"floor":32,"key":"REST"},{"floor":42,"key":"REST"},{"floor":44,"key":"REST"},{"floor":49,"key":"REST"}],"neow_cost":"","seed_source_timestamp":2751188762345519,"circlet_count":0,"master_deck":["Compile Driver","Compile Driver","Compile Driver","Compile Driver","Compile Driver","Compile Driver","Compile Driver","Compile Driver+1","Cold Snap","Cold Snap","Cold Snap","Self Repair","Self Repair","Self Repair","Fusion","Fusion+1","Fusion","Hello World","Hello World","Hello World","Ball Lightning+1","Ball Lightning","Ball Lightning","Ball Lightning","Ball Lightning+1","Ball Lightning","Darkness","Darkness","Darkness","Cold Snap","Cold Snap","Cold Snap","Hello World","Hello World","Hello World","White Noise+1","White Noise","White Noise","Capacitor","Capacitor","Capacitor","Rainbow","Rainbow","Rainbow","Defragment","Defragment","Defragment","Aggregate+1","Aggregate+1","Aggregate+1","Barrage+1","Barrage+1","Barrage+1","Hologram","Hologram","Hologram+1","Lockon+1","Lockon+1","Lockon+1","Thunder Strike","Thunder Strike","Thunder Strike","Redo+1","Redo+1","Redo+1","Electrodynamics+1","Electrodynamics+1","Electrodynamics+1","Aggregate+1","Aggregate+1","Aggregate+1","Loop+1","Loop+1","Loop+1","Turbo+1","Turbo+1","Turbo+1","Sweeping Beam+1","Sweeping Beam+1","Sweeping Beam+1","Lockon+1","Lockon+1","Lockon+1","White Noise+1","White Noise+1","White Noise+1","White Noise+1","White Noise+1","White Noise+1","Amplify","Amplify","Amplify","Glacier+1","Glacier+1","Glacier+1"],"special_seed":18029,"relics":["Cracked Core","Pear","Kunai","Dead Branch","Runic Dome","Membership Card","Matryoshka","Mango","Enchiridion","Gambling Chip","Dream Catcher","The Courier","Frozen Egg 2","SsserpentHead","White Beast Statue","Boot","Omamori","Whetstone","Strawberry","Happy Flower","Bag of Preparation","Sling","War Paint","Molten Egg 2","Bottled Tornado","Juzu Bracelet","Emotion Chip","Bottled Lightning","Pen Nib","Toxic Egg 2","Incense Burner","Centennial Puzzle","Red Mask","FossilizedHelix"],"potions_floor_usage":[14,16,16,16,28,29,29,38,38,39,39,40,50,50,50],"damage_taken":[{"damage":17,"enemies":"2 Louse","floor":1,"turns":3},{"damage":11,"enemies":"Small Slimes","floor":2,"turns":3},{"damage":14,"enemies":"Jaw Worm","floor":3,"turns":4},{"damage":27,"enemies":"Exordium Wildlife","floor":8,"turns":6},{"damage":4,"enemies":"Red Slaver","floor":11,"turns":3},{"damage":0,"enemies":"Large Slime","floor":13,"turns":3},{"damage":19,"enemies":"3 Louse","floor":14,"turns":4},{"damage":19,"enemies":"The Guardian","floor":16,"turns":8},{"damage":19,"enemies":"Spheric Guardian","floor":18,"turns":4},{"damage":18,"enemies":"2 Thieves","floor":20,"turns":3},{"damage":23,"enemies":"Gremlin Leader","floor":23,"turns":5},{"damage":43,"enemies":"Book of Stabbing","floor":25,"turns":4},{"damage":28,"enemies":"Centurion and Healer","floor":27,"turns":5},{"damage":32,"enemies":"Cultist and Chosen","floor":28,"turns":6},{"damage":21,"enemies":"Snake Plant","floor":29,"turns":4},{"damage":30,"enemies":"Champ","floor":33,"turns":7},{"damage":10,"enemies":"Orb Walker","floor":35,"turns":2},{"damage":0,"enemies":"3 Darklings","floor":36,"turns":2},{"damage":27,"enemies":"Maw","floor":37,"turns":7},{"damage":27,"enemies":"Writhing Mass","floor":38,"turns":6},{"damage":23,"enemies":"4 Shapes","floor":39,"turns":3},{"damage":16,"enemies":"Giant Head","floor":40,"turns":5},{"damage":20,"enemies":"Jaw Worm Horde","floor":41,"turns":2},{"damage":9,"enemies":"2 Orb Walkers","floor":48,"turns":2},{"damage":63,"enemies":"Time Eater","floor":50,"turns":8}],"seed_played":"7421306700894987377","potions_obtained":[{"floor":8,"key":"SpeedPotion"},{"floor":11,"key":"FearPotion"},{"floor":13,"key":"SkillPotion"},{"floor":14,"key":"Fire Potion"},{"floor":18,"key":"Regen Potion"},{"floor":27,"key":"Fire Potion"},{"floor":28,"key":"LiquidBronze"},{"floor":35,"key":"Weak Potion"},{"floor":36,"key":"Dexterity Potion"},{"floor":37,"key":"Block Potion"},{"floor":38,"key":"Dexterity Potion"},{"floor":39,"key":"Swift Potion"},{"floor":40,"key":"FearPotion"},{"floor":41,"key":"Dexterity Potion"},{"floor":48,"key":"Regen Potion"}],"is_trial":false,"path_per_floor":["M","M","M","?","?","R","?","M","T","$","M","?","M","M","R","B",null,"M","?","M","$","?","E","R","E","T","M","M","M","R","?","R","B",null,"M","M","M","M","M","E","M","R","T","R","$","?","$","?","R","B",null],"character_chosen":"DEFECT","items_purchased":["Dead Branch","Membership Card","Matryoshka","Mango","Strawberry","Happy Flower","Bag of Preparation","Sling","War Paint","Molten Egg 2","Bottled Tornado","Juzu Bracelet","Emotion Chip","Bottled Lightning","Pen Nib","Amplify","Toxic Egg 2","Incense Burner","Centennial Puzzle"],"campfire_rested":8,"item_purchase_floors":[10,21,21,21,45,45,45,45,45,45,45,45,45,45,45,45,45,45,45],"current_hp_per_floor":[65,61,54,39,31,56,45,25,25,25,21,26,33,28,53,55,85,80,80,69,83,67,65,94,58,58,30,27,6,35,35,64,41,99,89,89,76,56,33,24,4,33,33,62,69,69,69,60,91,57],"gold":226,"neow_bonus":"","is_prod":false,"is_daily":true,"chose_seed":false,"campfire_upgraded":0,"win_rate":0,"timestamp":1557712676,"path_taken":["M","M","M","?","?","R","?","M","T","?","?","?","?","M","R","BOSS","M","?","M","$","?","E","R","E","T","M","M","M","R","?","R","BOSS","M","M","?","M","?","E","M","R","T","R","$","?","?","?","R","BOSS"],"build_version":"2019-01-23","purchased_purges":0,"victory":true,"max_hp_per_floor":[75,75,75,75,85,85,85,85,85,85,85,85,85,85,85,85,85,85,85,85,99,99,99,99,99,99,99,99,99,99,99,99,99,99,99,99,99,99,99,99,99,99,99,99,106,106,106,106,106,106],"card_choices":[{"not_picked":["Steam","Sweeping Beam"],"picked":"Cold Snap","floor":1},{"not_picked":["Compile Driver","Static Discharge"],"picked":"Hello World","floor":2},{"not_picked":["BootSequence","Darkness"],"picked":"White Noise","floor":3},{"not_picked":["Consume","Gash","Beam Cell"],"picked":"SKIP","floor":8},{"not_picked":["Conserve Battery","Compile Driver"],"picked":"Capacitor","floor":11},{"not_picked":["Leap","Barrage","Steam"],"picked":"SKIP","floor":13},{"not_picked":["Chill","Rebound","FTL"],"picked":"SKIP","floor":14},{"not_picked":["Echo Form","Seek"],"picked":"Rainbow","floor":16},{"not_picked":["Conserve Battery","Hello World"],"picked":"Defragment","floor":18},{"not_picked":["Hologram","Beam Cell"],"picked":"Aggregate+1","floor":20},{"not_picked":["Tempest","Coolheaded"],"picked":"Barrage+1","floor":23},{"not_picked":["Leap","Go for the Eyes"],"picked":"Hologram","floor":25},{"not_picked":["Beam Cell","Steam Power","Coolheaded"],"picked":"SKIP","floor":27},{"not_picked":["Hologram","Stack","Reinforced Body"],"picked":"SKIP","floor":28},{"not_picked":["Stack","Cold Snap"],"picked":"Lockon+1","floor":29},{"not_picked":["Capacitor+1","Rebound+1"],"picked":"Thunder Strike","floor":30},{"not_picked":["Auto Shields","Steam Power+1"],"picked":"Redo+1","floor":32},{"not_picked":["Thunder Strike","Seek"],"picked":"Electrodynamics+1","floor":33},{"not_picked":["Leap+1","BootSequence+1"],"picked":"Aggregate+1","floor":35},{"not_picked":["Double Energy","Rebound","Hologram+1"],"picked":"SKIP","floor":36},{"not_picked":["Streamline+1","Beam Cell+1"],"picked":"Loop+1","floor":37},{"not_picked":["Cold Snap","Recycle"],"picked":"Turbo+1","floor":38},{"not_picked":["Hologram","Streamline"],"picked":"Sweeping Beam+1","floor":39},{"not_picked":["Hologram","Redo"],"picked":"Lockon+1","floor":40},{"not_picked":["Cold Snap","Leap","Gash+1"],"picked":"SKIP","floor":41},{"not_picked":["Cold Snap+1","Rip and Tear+1"],"picked":"White Noise+1","floor":42},{"not_picked":["Steam","Scrape"],"picked":"White Noise+1","floor":44},{"not_picked":["Steam+1","Compile Driver+1"],"picked":"Glacier+1","floor":49}],"player_experience":136729,"relics_obtained":[{"floor":9,"key":"Kunai"},{"floor":22,"key":"Enchiridion"},{"floor":23,"key":"Gambling Chip"},{"floor":25,"key":"Dream Catcher"},{"floor":26,"key":"The Courier"},{"floor":26,"key":"Frozen Egg 2"},{"floor":40,"key":"Boot"},{"floor":43,"key":"Omamori"},{"floor":43,"key":"Whetstone"},{"floor":48,"key":"FossilizedHelix"}],"event_choices":[{"damage_healed":0,"gold_gain":0,"player_choice":"Entered Light","damage_taken":15,"max_hp_gain":0,"max_hp_loss":0,"event_name":"Shining Light","floor":4,"gold_loss":0,"cards_upgraded":["White Noise","Compile Driver"]},{"damage_healed":0,"gold_gain":0,"player_choice":"Success","damage_taken":18,"relics_obtained":["Pear"],"max_hp_gain":0,"max_hp_loss":0,"event_name":"Scrap Ooze","floor":5,"gold_loss":0},{"damage_healed":0,"gold_gain":75,"player_choice":"Gather Gold","damage_taken":11,"max_hp_gain":0,"max_hp_loss":0,"event_name":"World of Goop","floor":7,"gold_loss":0},{"cards_removed":["Compile Driver"],"damage_healed":5,"gold_gain":0,"player_choice":"Offered Common","damage_taken":0,"max_hp_gain":0,"max_hp_loss":0,"event_name":"Bonfire Elementals","floor":12,"gold_loss":0},{"cards_removed":["Compile Driver"],"damage_healed":5,"gold_gain":0,"player_choice":"Offered Special","damage_taken":0,"max_hp_gain":0,"max_hp_loss":0,"event_name":"Bonfire Elementals","floor":12,"gold_loss":0},{"damage_healed":0,"gold_gain":0,"player_choice":"Simplicity","damage_taken":0,"max_hp_gain":0,"max_hp_loss":0,"event_name":"Back to Basics","floor":19,"gold_loss":0,"cards_upgraded":[]},{"damage_healed":0,"gold_gain":0,"player_choice":"Obtained Book","damage_taken":16,"max_hp_gain":0,"max_hp_loss":0,"event_name":"Cursed Tome","floor":22,"gold_loss":0},{"damage_healed":0,"gold_gain":0,"player_choice":"Trade","damage_taken":0,"relics_obtained":["SsserpentHead"],"max_hp_gain":0,"max_hp_loss":0,"event_name":"FaceTrader","floor":31,"gold_loss":0},{"damage_healed":0,"gold_gain":0,"player_choice":"Paid","damage_taken":0,"relics_obtained":["Red Mask"],"max_hp_gain":0,"max_hp_loss":0,"event_name":"Tomb of Lord Red Mask","floor":46,"gold_loss":60},{"damage_healed":0,"gold_gain":0,"player_choice":"Fight","damage_taken":0,"max_hp_gain":0,"max_hp_loss":0,"event_name":"Mysterious Sphere","floor":48,"gold_loss":0}],"is_beta":false,"boss_relics":[{"not_picked":["Coffee Dripper","Velvet Choker"],"picked":"Runic Dome"},{"not_picked":["FrozenCore","Astrolabe"],"picked":"White Beast Statue"}],"items_purged_floors":[],"is_endless":false,"potions_floor_spawned":[8,11,13,14,18,27,28,35,36,37,38,39,40,41,48],"ascension_level":0}