{"gold_per_floor":[114,114,289,142,142,177,177,204,230,261,261,92,92,154,154,255,255,267,317,367,517,197,197,230,280,280,21,87,101,126,151,151,254,254,268,335,347,6,56,56,86,86,109,86,86,96,32,42,42,42,42,42,8,33,33],"floor_reached":56,"playtime":4841,"items_purged":["Doubt","Strike_G","Riddle With Holes","Strike_G+1"],"score":1942,"play_id":"8c09b2b1-c202-4610-bbf3-b393b08821e4","local_time":"20190714011848","is_ascension_mode":true,"campfire_choices":[{"data":"Predator","floor":7.0,"key":"SMITH"},{"data":"Noxious Fumes","floor":11.0,"key":"SMITH"},{"data":"Well Laid Plans","floor":13.0,"key":"SMITH"},{"data":"Deadly Poison","floor":15.0,"key":"SMITH"},{"data":"Catalyst","floor":23.0,"key":"SMITH"},{"floor":32.0,"key":"REST"},{"data":"Malaise","floor":40.0,"key":"SMITH"},{"data":"Glass Knife","floor":42.0,"key":"SMITH"},{"data":"Crippling Poison","floor":45.0,"key":"SMITH"},{"floor":49.0,"key":"RECALL"},{"data":"Catalyst","floor":52,"key":"SMITH"}],"neow_cost":"NONE","seed_source_timestamp":108928704261799,"circlet_count":0,"master_deck":["AscendersBane","Defend_G+1","Defend_G+1","Defend_G+1","Defend_G+1","Defend_G+1","Strike_G+1","Survivor","Neutralize+1","Dagger Throw","Noxious Fumes+1","Predator+1","Deadly Poison","Deadly Poison+1","Well Laid Plans+1","Adrenaline","Catalyst+1","Crippling Poison+1","Tactician+1","Noxious Fumes","Acrobatics","Malaise+1","Deflect+1","Glass Knife+1","Backflip","Calculated Gamble","PiercingWail","Catalyst+1","PiercingWail","Leg Sweep"],"special_seed":0,"relics":["Ring of the Snake","NeowsBlessing","SsserpentHead","Ancient Tea Set","Potion Belt","Happy Flower","Art of War","Orrery","Mango","Ornamental Fan","Frozen Egg 2","Orichalcum","WingedGreaves","Oddly Smooth Stone","Blue Candle","Paper Crane","Coffee Dripper","Membership Card","Snake Skull","The Specimen","Bag of Preparation","Sundial"],"potions_floor_usage":[50,55,55],"damage_taken":[{"damage":0.0,"enemies":"Jaw Worm","floor":1.0,"turns":1.0},{"damage":0.0,"enemies":"3 Sentries","floor":6.0,"turns":1.0},{"damage":0.0,"enemies":"Gremlin Nob","floor":8.0,"turns":1.0},{"damage":22.0,"enemies":"3 Sentries","floor":10.0,"turns":6.0},{"damage":0.0,"enemies":"2 Louse","floor":14.0,"turns":2.0},{"damage":2.0,"enemies":"Hexaghost","floor":16.0,"turns":8.0},{"damage":0.0,"enemies":"Chosen","floor":18.0,"turns":4.0},{"damage":12.0,"enemies":"Colosseum Slavers","floor":21.0,"turns":5.0},{"damage":18.0,"enemies":"Colosseum Nobs","floor":21.0,"turns":5.0},{"damage":2.0,"enemies":"Book of Stabbing","floor":24.0,"turns":4.0},{"damage":0.0,"enemies":"3 Byrds","floor":28.0,"turns":4.0},{"damage":0.0,"enemies":"Shelled Parasite and Fungi","floor":29.0,"turns":3.0},{"damage":0.0,"enemies":"Gremlin Leader","floor":30.0,"turns":6.0},{"damage":1.0,"enemies":"Slavers","floor":31.0,"turns":7.0},{"damage":23.0,"enemies":"Collector","floor":33.0,"turns":9.0},{"damage":0.0,"enemies":"3 Shapes","floor":35.0,"turns":4.0},{"damage":0.0,"enemies":"Orb Walker","floor":36.0,"turns":4.0},{"damage":0.0,"enemies":"4 Shapes","floor":37.0,"turns":6.0},{"damage":17.0,"enemies":"Reptomancer","floor":41.0,"turns":6.0},{"damage":2.0,"enemies":"Maw","floor":46.0,"turns":6.0},{"damage":12,"enemies":"Donu and Deca","floor":50,"turns":8},{"damage":0,"enemies":"Shield and Spear","floor":54,"turns":6},{"damage":28,"enemies":"The Heart","floor":55,"turns":6}],"seed_played":"1478360704587871156","potions_obtained":[{"floor":1.0,"key":"Dexterity Potion"},{"floor":8.0,"key":"GhostInAJar"},{"floor":10.0,"key":"AttackPotion"},{"floor":16.0,"key":"Energy Potion"},{"floor":21.0,"key":"Fire Potion"},{"floor":33.0,"key":"GamblersBrew"},{"floor":48.0,"key":"Poison Potion"},{"floor":54,"key":"AttackPotion"}],"is_trial":false,"path_per_floor":["?","?","?","M","?","?","?","$","?","$","M","M","?","$","?"],"character_chosen":"THE_SILENT","items_purchased":["Noxious Fumes","Well Laid Plans","Frozen Egg 2","Malaise","Oddly Smooth Stone","Membership Card","Snake Skull","Bag of Preparation","Catalyst","PiercingWail","Leg Sweep"],"campfire_rested":1,"item_purchase_floors":[4,12,22,27,27,38,38,44,47,47,53],"current_hp_per_floor":[63,49,49,49,49,49,49,49,49,27,27,27,27,27,27,25,59,59,59,59,43,43,43,41,25,25,25,25,25,25,24,50,27,74,74,74,74,74,74,74,57,57,57,57,57,55,55,55,55,43,75,75,75,75,47],"gold":33,"neow_bonus":"THREE_ENEMY_KILL","is_prod":false,"is_daily":false,"chose_seed":false,"campfire_upgraded":9,"win_rate":0,"timestamp":1563056328,"path_taken":["M","?","?","$","?","E","R","E","T","E","R","$","R","?","R","BOSS","M","?","?","?","?","R","E","?","T","?","?","M","E","E","R","BOSS","M","?","M","$","?","R","E","R","T","?","R","M","$","?","R","BOSS","R","$","E","BOSS"],"build_version":"2019-01-23","purchased_purges":4,"victory":true,"max_hp_per_floor":[70,70,70,70,70,70,70,70,70,70,70,70,70,70,70,70,70,70,70,70,84,84,84,84,89,89,89,89,89,89,89,89,89,89,89,89,89,89,85,85,85,85,85,85,85,85,85,85,85,85,85,85,85,85,85],"card_choices":[{"not_picked":["Riddle With Holes","Choke"],"picked":"Dagger Throw","floor":1.0},{"not_picked":["PiercingWail","Slice"],"picked":"Predator","floor":6.0},{"not_picked":["Reflex","Dagger Spray"],"picked":"Deadly Poison","floor":8.0},{"not_picked":["Wraith Form v2","Tactician"],"picked":"Deadly Poison","floor":10.0},{"not_picked":["Infinite Blades","Acrobatics","Dagger Spray"],"picked":"SKIP","floor":14.0},{"not_picked":["After Image","Venomology"],"picked":"Adrenaline","floor":16.0},{"not_picked":["Riddle With Holes","Sucker Punch"],"picked":"Catalyst","floor":17.0},{"not_picked":["Calculated Gamble","Slice"],"picked":"Crippling Poison","floor":17.0},{"not_picked":["Dagger Spray+1","Deflect"],"picked":"Tactician+1","floor":18.0},{"not_picked":["Underhanded Strike","Accuracy"],"picked":"Acrobatics","floor":21.0},{"not_picked":["Dash","Prepared","PiercingWail"],"picked":"SKIP","floor":24.0},{"not_picked":["Finisher","Outmaneuver+1","Deadly Poison"],"picked":"SKIP","floor":28.0},{"not_picked":["Dodge and Roll+1","Finisher"],"picked":"Deflect+1","floor":29.0},{"not_picked":["Cloak And Dagger","Grand Finale","Crippling Poison"],"picked":"SKIP","floor":30.0},{"not_picked":["Dagger Throw+1","Slice","Flechettes"],"picked":"SKIP","floor":31.0},{"not_picked":["Storm of Steel","Unload"],"picked":"Glass Knife","floor":33.0},{"not_picked":["Predator+1","Quick Slash","Cloak And Dagger"],"picked":"SKIP","floor":35.0},{"not_picked":["Terror+1","Sucker Punch"],"picked":"Backflip","floor":36.0},{"not_picked":["Outmaneuver+1","Finisher","Poisoned Stab+1"],"picked":"SKIP","floor":37.0},{"not_picked":["Poisoned Stab+1","Doppelganger"],"picked":"Calculated Gamble","floor":41.0},{"not_picked":["Bane","Deflect+1"],"picked":"PiercingWail","floor":46.0},{"not_picked":["Quick Slash","Deadly Poison","Flying Knee+1"],"picked":"SKIP","floor":54}],"player_experience":404724,"relics_obtained":[{"floor":6.0,"key":"Ancient Tea Set"},{"floor":8.0,"key":"Potion Belt"},{"floor":9.0,"key":"Happy Flower"},{"floor":10.0,"key":"Art of War"},{"floor":21.0,"key":"Mango"},{"floor":21.0,"key":"Ornamental Fan"},{"floor":24.0,"key":"Orichalcum"},{"floor":26.0,"key":"WingedGreaves"},{"floor":30.0,"key":"Blue Candle"},{"floor":31.0,"key":"Paper Crane"},{"floor":41.0,"key":"The Specimen"},{"floor":54,"key":"Sundial"}],"event_choices":[{"damage_healed":0.0,"max_hp_gain":0.0,"max_hp_loss":0.0,"gold_gain":0.0,"event_name":"Shining Light","player_choice":"Entered Light","floor":2.0,"gold_loss":0.0,"damage_taken":14.0,"cards_upgraded":["Neutralize","Defend_G"]},{"damage_healed":0.0,"max_hp_gain":0.0,"max_hp_loss":0.0,"gold_gain":175.0,"event_name":"Liars Game","player_choice":"AGREE","floor":3.0,"gold_loss":0.0,"damage_taken":0.0,"cards_obtained":["Doubt"]},{"damage_healed":0.0,"max_hp_gain":0.0,"max_hp_loss":0.0,"gold_gain":0.0,"event_name":"FaceTrader","player_choice":"Trade","floor":5.0,"gold_loss":0.0,"damage_taken":0.0,"relics_obtained":["SsserpentHead"]},{"damage_healed":0.0,"max_hp_gain":0.0,"max_hp_loss":0.0,"gold_gain":0.0,"cards_transformed":["Strike_G","Strike_G"],"event_name":"Drug Dealer","player_choice":"Became Test Subject","floor":19.0,"gold_loss":0.0,"damage_taken":0.0,"cards_obtained":["Noxious Fumes","Riddle With Holes"]},{"damage_healed":0.0,"max_hp_gain":0.0,"max_hp_loss":0.0,"gold_gain":0.0,"event_name":"Back to Basics","player_choice":"Simplicity","floor":20.0,"gold_loss":0.0,"damage_taken":0.0,"cards_upgraded":["Defend_G","Defend_G","Defend_G","Defend_G","Strike_G","Strike_G"]},{"damage_healed":0.0,"max_hp_gain":0.0,"max_hp_loss":0.0,"gold_gain":0.0,"event_name":"Colosseum","player_choice":"Fight","floor":21.0,"gold_loss":0.0,"damage_taken":0.0},{"damage_healed":0.0,"max_hp_gain":0.0,"max_hp_loss":0.0,"gold_gain":0.0,"event_name":"Colosseum","player_choice":"Fought Nobs","floor":21.0,"gold_loss":0.0,"damage_taken":0.0},{"damage_healed":0.0,"max_hp_gain":5.0,"max_hp_loss":0.0,"gold_gain":0.0,"event_name":"Forgotten Altar","player_choice":"Shed Blood","floor":25.0,"gold_loss":0.0,"damage_taken":21.0},{"damage_healed":0.0,"max_hp_gain":0.0,"max_hp_loss":4.0,"gold_gain":0.0,"event_name":"Winding Halls","player_choice":"Max HP","floor":39.0,"gold_loss":0.0,"damage_taken":0.0},{"damage_healed":0.0,"max_hp_gain":0.0,"max_hp_loss":0.0,"gold_gain":0.0,"event_name":"The Woman in Blue","player_choice":"Bought 3 Potions","floor":48.0,"gold_loss":0.0,"damage_taken":0.0}],"is_beta":false,"boss_relics":[{"not_picked":["Eternal Feather","Black Star"],"picked":"Orrery"},{"not_picked":["WristBlade","Runic Dome"],"picked":"Coffee Dripper"}],"items_purged_floors":[4,12,22,38],"is_endless":false,"potions_floor_spawned":[1,8,10,16,18,21,24,33,36,37,54],"ascension_level":11}