{"gold_per_floor":[116,135,210,210,210,210,236,236,236,254,265,265,265,279,279,380,380,361,373,388,67,67,67,67,67,92,108,127,127,142,18,18,122,122,141,160,179,179,279,296,316,336,410,40,40,56,74,89,89,89],"floor_reached":51,"playtime":6679,"items_purged":["Strike_G","Clumsy"],"score":680,"play_id":"f15753f3-7cc2-4338-be64-6f54a3ab2a9c","local_time":"20181229013016","is_ascension_mode":false,"campfire_choices":[{"data":"Neutralize","floor":6.0,"key":"SMITH"},{"data":"Noxious Fumes","floor":8.0,"key":"SMITH"},{"floor":15.0,"key":"REST"},{"floor":23,"key":"REST"},{"data":"Venomology","floor":25,"key":"SMITH"},{"floor":32,"key":"REST"},{"data":"Noxious Fumes","floor":45,"key":"SMITH"},{"floor":49,"key":"REST"}],"neow_cost":"NONE","seed_source_timestamp":3556496292861,"circlet_count":0,"master_deck":["Defend_G","Defend_G","Defend_G","Defend_G+1","Defend_G+1","Strike_G","Strike_G","Strike_G+1","Strike_G+1","Survivor+1","Neutralize+1","Venomology+1","Backflip","Dash+1","Noxious Fumes+1","Dodge and Roll+1","Caltrops+1","Burst+1","Deflect+1","Adrenaline+1","Bane+1","Blur+1","Apotheosis+1","Deadly Poison+1","Backflip+1","Deadly Poison+1","Catalyst+1","Deadly Poison+1","PiercingWail+1","Corpse Explosion+1","Expertise+1","Deflect+1","Forethought+1","Footwork","Deadly Poison+1","Noxious Fumes+1","Outmaneuver+1","Acrobatics+1"],"special_seed":0,"relics":["Ring of the Snake","Dream Catcher","Toxic Egg 2","Lizard Tail","Happy Flower","War Paint","Pear","Cursed Key","Darkstone Periapt","Whetstone"],"potions_floor_usage":[18,19,20,20,20,35,36,37,41,42,47,50,50,50],"damage_taken":[{"damage":0.0,"enemies":"Small Slimes","floor":1.0,"turns":6.0},{"damage":0.0,"enemies":"Cultist","floor":2.0,"turns":5.0},{"damage":14.0,"enemies":"Lagavulin","floor":7.0,"turns":9.0},{"damage":0.0,"enemies":"2 Louse","floor":10.0,"turns":3.0},{"damage":10.0,"enemies":"Exordium Wildlife","floor":11.0,"turns":6.0},{"damage":5.0,"enemies":"Lots of Slimes","floor":14.0,"turns":5.0},{"damage":16,"enemies":"The Guardian","floor":16,"turns":13},{"damage":8,"enemies":"2 Thieves","floor":18,"turns":4},{"damage":0,"enemies":"Shell Parasite","floor":19,"turns":6},{"damage":14,"enemies":"Cultist and Chosen","floor":20,"turns":9},{"damage":16,"enemies":"Chosen and Byrds","floor":27,"turns":7},{"damage":0,"enemies":"Shelled Parasite and Fungi","floor":28,"turns":6},{"damage":4,"enemies":"Snecko","floor":30,"turns":6},{"damage":3,"enemies":"Champ","floor":33,"turns":5},{"damage":0,"enemies":"Orb Walker","floor":35,"turns":4},{"damage":0,"enemies":"3 Darklings","floor":36,"turns":4},{"damage":11,"enemies":"Sphere and 2 Shapes","floor":37,"turns":5},{"damage":5,"enemies":"Transient","floor":40,"turns":5},{"damage":0,"enemies":"Jaw Worm Horde","floor":41,"turns":4},{"damage":8,"enemies":"Sphere and 2 Shapes","floor":42,"turns":4},{"damage":0,"enemies":"Maw","floor":46,"turns":4},{"damage":7,"enemies":"Jaw Worm Horde","floor":47,"turns":5},{"damage":0,"enemies":"3 Darklings","floor":48,"turns":3},{"damage":39,"enemies":"Donu and Deca","floor":50,"turns":8}],"seed_played":"-7583295487060085795","potions_obtained":[{"floor":2.0,"key":"Weak Potion"},{"floor":10.0,"key":"Swift Potion"},{"floor":11.0,"key":"GhostInAJar"},{"floor":19,"key":"Swift Potion"}],"is_trial":false,"path_per_floor":["M","M","?","?","?","R","E","R","T","M","M","?","?","M","R","B",null,"M","M","M","$","?","R","$","R","T","M","M","T","M","$","R","B",null,"M","M","M","?","?","M","M","M","T","$","R","M","M","M","R","B",null],"character_chosen":"THE_SILENT","items_purchased":["Apotheosis+1","Happy Flower","Deadly Poison+1","Noxious Fumes","Outmaneuver+1","Whetstone"],"campfire_rested":4,"item_purchase_floors":[21,21,31,44,44,44],"current_hp_per_floor":[70,70,59,70,70,70,56,56,56,56,46,32,32,27,48,32,70,62,62,48,48,48,69,69,69,69,53,53,63,59,59,80,77,80,80,80,69,69,69,64,64,56,56,56,56,56,49,49,73,34],"gold":89,"neow_bonus":"ONE_RANDOM_RARE_CARD","is_prod":false,"is_daily":false,"chose_seed":false,"campfire_upgraded":4,"win_rate":0.0,"timestamp":1546065016,"path_taken":["M","M","?","?","?","R","E","R","T","M","M","?","?","M","R","BOSS","M","M","M","$","?","R","?","R","T","M","?","?","M","?","R","BOSS","M","M","M","?","?","M","M","M","T","$","R","M","M","?","R","BOSS"],"build_version":"2018-12-20","purchased_purges":2,"victory":true,"max_hp_per_floor":[70,70,70,70,70,70,70,70,70,70,70,70,70,70,70,70,70,70,70,70,70,70,70,70,70,70,70,70,80,80,80,80,80,80,80,80,80,80,80,80,80,80,80,80,80,80,80,80,80,80],"card_choices":[{"not_picked":["Quick Slash","Slice"],"picked":"Backflip","floor":1.0},{"not_picked":["Slice","Tactician"],"picked":"Dash","floor":2.0},{"not_picked":["Flechettes","Dodge and Roll"],"picked":"Noxious Fumes","floor":7.0},{"not_picked":["Underhanded Strike","Acrobatics+1"],"picked":"Dodge and Roll+1","floor":10.0},{"not_picked":["Flying Knee","Caltrops","Blade Dance+1"],"picked":"SKIP","floor":11.0},{"not_picked":["Flying Knee","Blade Dance+1"],"picked":"Caltrops","floor":11.0},{"not_picked":["Blade Dance+1","Bane"],"picked":"Burst+1","floor":14.0},{"not_picked":["Backflip+1","Quick Slash"],"picked":"Deflect+1","floor":15.0},{"not_picked":["Wraith Form v2","Envenom"],"picked":"Adrenaline+1","floor":16},{"not_picked":["Underhanded Strike","Flechettes","Riddle With Holes+1"],"picked":"SKIP","floor":18},{"not_picked":["Choke","Flying Knee"],"picked":"Bane","floor":19},{"not_picked":["Slice","Endless Agony"],"picked":"Blur+1","floor":20},{"not_picked":["Phantasmal Killer+1","Bane"],"picked":"Deadly Poison+1","floor":23},{"not_picked":["Dagger Throw","Dagger Spray"],"picked":"Backflip+1","floor":27},{"not_picked":["Dagger Throw","Quick Slash"],"picked":"Deadly Poison+1","floor":28},{"not_picked":["Acrobatics+1","Blade Dance+1"],"picked":"Catalyst+1","floor":30},{"not_picked":["Eviscerate","Endless Agony"],"picked":"PiercingWail+1","floor":32},{"not_picked":["Venomology+1","Night Terror+1"],"picked":"Corpse Explosion+1","floor":33},{"not_picked":["Dodge and Roll+1","Flying Knee+1"],"picked":"Expertise+1","floor":35},{"not_picked":["PiercingWail+1","Blade Dance+1"],"picked":"Deflect+1","floor":36},{"not_picked":["Quick Slash","Dodge and Roll+1","Infinite Blades"],"picked":"SKIP","floor":37},{"not_picked":["PanicButton+1","Secret Weapon+1"],"picked":"Forethought+1","floor":38},{"not_picked":["Bane","Terror+1"],"picked":"Footwork","floor":40},{"not_picked":["PiercingWail+1","Deflect+1","Flying Knee"],"picked":"SKIP","floor":41},{"not_picked":["Well Laid Plans","Dodge and Roll+1"],"picked":"Deadly Poison+1","floor":42},{"not_picked":["Dodge and Roll+1","Slice","Footwork"],"picked":"SKIP","floor":46},{"not_picked":["Quick Slash","Blade Dance+1","Backstab"],"picked":"SKIP","floor":47},{"not_picked":["Deflect+1","Bane","Skewer"],"picked":"SKIP","floor":48},{"not_picked":["Deflect+1","Dagger Spray+1"],"picked":"Acrobatics+1","floor":49}],"player_experience":28378,"relics_obtained":[{"floor":7.0,"key":"Dream Catcher"},{"floor":9.0,"key":"Toxic Egg 2"},{"floor":26,"key":"War Paint"},{"floor":29,"key":"Pear"},{"floor":43,"key":"Darkstone Periapt"}],"event_choices":[{"damage_healed":0.0,"max_hp_gain":0.0,"max_hp_loss":0.0,"gold_gain":75.0,"event_name":"World of Goop","player_choice":"Gather Gold","floor":3.0,"gold_loss":0.0,"damage_taken":11.0},{"damage_healed":23.0,"max_hp_gain":0.0,"max_hp_loss":0.0,"gold_gain":0.0,"event_name":"Big Fish","player_choice":"Banana","floor":4.0,"gold_loss":0.0,"damage_taken":0.0},{"damage_healed":0.0,"max_hp_gain":0.0,"max_hp_loss":0.0,"gold_gain":0.0,"event_name":"Liars Game","player_choice":"Ignored","floor":5.0,"gold_loss":0.0,"damage_taken":0.0},{"damage_healed":0.0,"max_hp_gain":0.0,"max_hp_loss":0.0,"gold_gain":0.0,"event_name":"Shining Light","player_choice":"Entered Light","floor":12.0,"gold_loss":0.0,"damage_taken":14.0,"cards_upgraded":["Defend_G","Dash"]},{"damage_healed":0.0,"max_hp_gain":0.0,"max_hp_loss":0.0,"gold_gain":0.0,"event_name":"Accursed Blacksmith","player_choice":"Forge","floor":13.0,"gold_loss":0.0,"damage_taken":0.0,"cards_upgraded":["Caltrops"]},{"damage_healed":0,"gold_gain":0,"player_choice":"Upgraded","damage_taken":0,"max_hp_gain":0,"max_hp_loss":0,"event_name":"Upgrade Shrine","floor":22,"gold_loss":0,"cards_upgraded":["Bane"]},{"damage_healed":0,"gold_gain":0,"player_choice":"Memory 1","damage_taken":0,"max_hp_gain":0,"max_hp_loss":0,"event_name":"SensoryStone","floor":38,"gold_loss":0},{"damage_healed":0,"gold_gain":100,"player_choice":"Pray","damage_taken":0,"max_hp_gain":0,"max_hp_loss":0,"event_name":"Golden Shrine","floor":39,"gold_loss":0}],"is_beta":false,"boss_relics":[{"not_picked":["Sozu","Philosopher\u0027s Stone"],"picked":"Lizard Tail"},{"not_picked":["Snecko Eye","Coffee Dripper"],"picked":"Cursed Key"}],"items_purged_floors":[31,44],"is_endless":false,"potions_floor_spawned":[2,10,11,19,28,30,35,46,47,48],"ascension_level":0}