{"gold_per_floor":[173,232,312,366,451,590,655,771,795,896,980,136,234,293,293,607,607,687,761,139,219,290,386,656,752,854,884,940,137,187,274,274,577,577,631,702,755,848,520,636,714,804,829,919,1009,36,112,166,166,166],"floor_reached":51,"playtime":7762,"items_purged":[],"score":1741,"play_id":"e66db450-d2ce-44f3-8705-ea516b90bbb1","local_time":"20190603070709","daily_mods":["Vintage","Allstar","Heirloom","Time Dilation","Flight","Midas"],"is_ascension_mode":true,"campfire_choices":[{"floor":15.0,"key":"REST"},{"floor":32.0,"key":"REST"},{"floor":49,"key":"REST"}],"neow_cost":"","seed_source_timestamp":0,"circlet_count":0,"master_deck":["Defend_G","Defend_G","Defend_G","Defend_G","Defend_G","Strike_G","Strike_G","Strike_G","Strike_G+1","Strike_G","Survivor+1","Neutralize+1","Thinking Ahead","Thinking Ahead","Magnetism","Dark Shackles","HandOfGreed","Outmaneuver+1","Noxious Fumes","Dodge and Roll","Backflip","Chrysalis","Madness","Adrenaline","Transmutation+1","Cloak And Dagger+1","Concentrate+1","Blade Dance+1","Noxious Fumes","Malaise+1","After Image","Secret Technique+1","Backflip+1","Phantasmal Killer+1","Bouncing Flask+1","PiercingWail+1","Deflect+1","Accuracy+1","Distraction+1","Cloak And Dagger+1","Master of Strategy+1","Impatience+1","Bandage Up+1","Dramatic Entrance+1","Apotheosis+1","Bouncing Flask+1","Swift Strike+1"],"special_seed":0,"relics":["Ring of the Snake","Torii","Boot","Meat on the Bone","Pantograph","Potion Belt","Art of War","Mummified Hand","Bronze Scales","Ornamental Fan","Whetstone","Oddly Smooth Stone","Snake Skull","MealTicket","Ancient Tea Set","Sundial","Bag of Marbles","PreservedInsect","WristBlade","Toxic Egg 2","Matryoshka","Happy Flower","Omamori","Juzu Bracelet","War Paint","Incense Burner","Centennial Puzzle","Tiny Chest","Blue Candle","Anchor","Mercury Hourglass","Lantern","Lee\u0027s Waffle","Vajra","Regal Pillow","Busted Crown","Bottled Tornado","Blood Vial","Orichalcum","Ninja Scroll","Frozen Egg 2","Dodecahedron","Paper Crane","The Courier","Pear","Molten Egg 2","Kunai","Shuriken","Frozen Eye","Bird Faced Urn","Pocketwatch"],"potions_floor_usage":[],"damage_taken":[{"damage":2.0,"enemies":"Jaw Worm","floor":1.0,"turns":4.0},{"damage":0.0,"enemies":"Cultist","floor":2.0,"turns":3.0},{"damage":0.0,"enemies":"2 Louse","floor":3.0,"turns":2.0},{"damage":0.0,"enemies":"Large Slime","floor":4.0,"turns":4.0},{"damage":1.0,"enemies":"Exordium Wildlife","floor":5.0,"turns":3.0},{"damage":19.0,"enemies":"3 Sentries","floor":6.0,"turns":12.0},{"damage":1.0,"enemies":"Red Slaver","floor":7.0,"turns":4.0},{"damage":7.0,"enemies":"Lagavulin","floor":8.0,"turns":7.0},{"damage":3.0,"enemies":"3 Sentries","floor":10.0,"turns":6.0},{"damage":0.0,"enemies":"Lagavulin","floor":11.0,"turns":6.0},{"damage":20.0,"enemies":"Gremlin Nob","floor":13.0,"turns":3.0},{"damage":0.0,"enemies":"Lots of Slimes","floor":14.0,"turns":2.0},{"damage":21.0,"enemies":"Slime Boss","floor":16.0,"turns":12.0},{"damage":1.0,"enemies":"Spheric Guardian","floor":18.0,"turns":5.0},{"damage":7.0,"enemies":"2 Thieves","floor":19.0,"turns":4.0},{"damage":1.0,"enemies":"Centurion and Healer","floor":21.0,"turns":7.0},{"damage":6.0,"enemies":"Snecko","floor":22.0,"turns":4.0},{"damage":8.0,"enemies":"Book of Stabbing","floor":23.0,"turns":3.0},{"damage":15.0,"enemies":"Slavers","floor":25.0,"turns":3.0},{"damage":7.0,"enemies":"Snake Plant","floor":27.0,"turns":3.0},{"damage":0.0,"enemies":"3 Cultists","floor":28.0,"turns":4.0},{"damage":0.0,"enemies":"Sentry and Sphere","floor":30.0,"turns":4.0},{"damage":0.0,"enemies":"Book of Stabbing","floor":31.0,"turns":2.0},{"damage":0.0,"enemies":"Champ","floor":33.0,"turns":7.0},{"damage":0.0,"enemies":"3 Darklings","floor":35.0,"turns":2.0},{"damage":0.0,"enemies":"Orb Walker","floor":36.0,"turns":2.0},{"damage":0.0,"enemies":"Writhing Mass","floor":37.0,"turns":3.0},{"damage":0.0,"enemies":"Sphere and 2 Shapes","floor":38.0,"turns":3.0},{"damage":1.0,"enemies":"Giant Head","floor":40.0,"turns":6.0},{"damage":6.0,"enemies":"Reptomancer","floor":41.0,"turns":3.0},{"damage":0.0,"enemies":"Nemesis","floor":42.0,"turns":1.0},{"damage":0.0,"enemies":"Reptomancer","floor":44.0,"turns":2.0},{"damage":0.0,"enemies":"Giant Head","floor":45.0,"turns":4.0},{"damage":0,"enemies":"Maw","floor":47,"turns":4},{"damage":0,"enemies":"Transient","floor":48,"turns":5},{"damage":10,"enemies":"Donu and Deca","floor":50,"turns":6}],"seed_played":"-8929279166245279536","potions_obtained":[{"floor":1.0,"key":"SteroidPotion"},{"floor":2.0,"key":"SpeedPotion"},{"floor":4.0,"key":"Ancient Potion"},{"floor":10.0,"key":"AttackPotion"},{"floor":11.0,"key":"Strength Potion"},{"floor":18.0,"key":"Block Potion"},{"floor":25.0,"key":"LiquidBronze"},{"floor":27.0,"key":"Explosive Potion"},{"floor":28.0,"key":"PowerPotion"},{"floor":31.0,"key":"LiquidBronze"},{"floor":37.0,"key":"Poison Potion"},{"floor":48,"key":"Dexterity Potion"}],"is_trial":true,"path_per_floor":["?"],"character_chosen":"THE_SILENT","items_purchased":["MealTicket","Ancient Tea Set","Sundial","Chrysalis","Madness","Happy Flower","Omamori","Transmutation+1","Cloak And Dagger+1","Concentrate+1","Malaise+1","After Image","Lantern","Lee\u0027s Waffle","Secret Technique+1","Frozen Egg 2","Bouncing Flask+1","Master of Strategy+1","Impatience+1","Bandage Up+1","Dramatic Entrance+1","Apotheosis+1","Bouncing Flask+1","Shuriken","Frozen Eye","Swift Strike+1"],"campfire_rested":3,"item_purchase_floors":[12,12,12,12,12,20,20,20,20,20,29,29,29,29,29,39,39,46,46,46,46,46,46,46,46,46],"current_hp_per_floor":[61,61,61,61,60,41,40,45,45,42,42,42,34,46,67,49,65,64,57,70,69,63,55,20,17,17,22,34,77,77,77,77,77,77,77,77,77,77,77,76,71,73,83,85,87,87,87,87,87,83],"gold":166,"neow_bonus":"","is_prod":false,"is_daily":false,"chose_seed":false,"campfire_upgraded":0,"win_rate":0,"timestamp":1559534829,"path_taken":["M","M","M","M","M","E","M","E","T","E","E","$","E","M","R","BOSS","M","M","$","M","M","E","?","E","T","M","M","$","M","E","R","BOSS","M","M","M","M","$","E","E","E","T","E","E","$","M","M","R","BOSS"],"build_version":"2019-01-23","purchased_purges":0,"victory":true,"max_hp_per_floor":[70,70,70,70,70,70,70,70,70,70,70,70,70,70,70,70,70,70,70,70,70,70,70,70,70,70,70,70,77,77,77,77,77,77,77,77,77,77,77,77,77,77,87,87,87,87,87,87,87,87],"card_choices":[{"not_picked":["Blade Dance","Eviscerate"],"picked":"Outmaneuver","floor":6.0},{"not_picked":["Acrobatics","Skewer"],"picked":"Noxious Fumes","floor":8.0},{"not_picked":["Heel Hook","Quick Slash"],"picked":"Dodge and Roll","floor":10.0},{"not_picked":["Choke","Grand Finale"],"picked":"Backflip","floor":11.0},{"not_picked":["Tactician","Acrobatics","Riddle With Holes"],"picked":"SKIP","floor":13.0},{"not_picked":["Night Terror","Die Die Die"],"picked":"Adrenaline","floor":16.0},{"not_picked":["Dagger Spray","Heel Hook+1"],"picked":"Blade Dance+1","floor":23.0},{"not_picked":["Outmaneuver+1","Flechettes+1"],"picked":"Noxious Fumes","floor":25.0},{"not_picked":["Prepared+1","Dagger Spray+1"],"picked":"Backflip+1","floor":31.0},{"not_picked":["Tools of the Trade","Doppelganger+1"],"picked":"Phantasmal Killer+1","floor":33.0},{"not_picked":[],"picked":"PiercingWail+1","floor":40.0},{"not_picked":[],"picked":"Deflect+1","floor":41.0},{"not_picked":[],"picked":"Accuracy+1","floor":42.0},{"not_picked":[],"picked":"Distraction+1","floor":44.0},{"not_picked":[],"picked":"Cloak And Dagger+1","floor":45.0}],"player_experience":153483,"relics_obtained":[{"floor":1.0,"key":"Boot"},{"floor":2.0,"key":"Meat on the Bone"},{"floor":3.0,"key":"Pantograph"},{"floor":4.0,"key":"Potion Belt"},{"floor":5.0,"key":"Art of War"},{"floor":6.0,"key":"Mummified Hand"},{"floor":7.0,"key":"Bronze Scales"},{"floor":8.0,"key":"Ornamental Fan"},{"floor":9.0,"key":"Whetstone"},{"floor":10.0,"key":"Oddly Smooth Stone"},{"floor":11.0,"key":"Snake Skull"},{"floor":13.0,"key":"Bag of Marbles"},{"floor":14.0,"key":"PreservedInsect"},{"floor":18.0,"key":"Toxic Egg 2"},{"floor":19.0,"key":"Matryoshka"},{"floor":21.0,"key":"Juzu Bracelet"},{"floor":22.0,"key":"War Paint"},{"floor":23.0,"key":"Incense Burner"},{"floor":25.0,"key":"Centennial Puzzle"},{"floor":26.0,"key":"Tiny Chest"},{"floor":26.0,"key":"Blue Candle"},{"floor":27.0,"key":"Anchor"},{"floor":28.0,"key":"Mercury Hourglass"},{"floor":30.0,"key":"Vajra"},{"floor":31.0,"key":"Regal Pillow"},{"floor":35.0,"key":"Bottled Tornado"},{"floor":36.0,"key":"Blood Vial"},{"floor":37.0,"key":"Orichalcum"},{"floor":38.0,"key":"Ninja Scroll"},{"floor":40.0,"key":"Dodecahedron"},{"floor":41.0,"key":"Paper Crane"},{"floor":43.0,"key":"The Courier"},{"floor":43.0,"key":"Pear"},{"floor":44.0,"key":"Molten Egg 2"},{"floor":45.0,"key":"Kunai"},{"floor":47,"key":"Bird Faced Urn"},{"floor":48,"key":"Pocketwatch"}],"event_choices":[{"damage_healed":0.0,"max_hp_gain":0.0,"max_hp_loss":0.0,"gold_gain":270.0,"event_name":"Knowing Skull","player_choice":"POTION GOLD GOLD GOLD ","floor":24.0,"potions_obtained":["Strength Potion"],"gold_loss":0.0,"damage_taken":35.0,"cards_obtained":[]}],"is_beta":false,"boss_relics":[{"not_picked":["Cursed Key","Runic Dome"],"picked":"WristBlade"},{"not_picked":["Velvet Choker","Empty Cage"],"picked":"Busted Crown"}],"items_purged_floors":[],"is_endless":false,"potions_floor_spawned":[1,2,4,10,11,18,25,27,28,31,37,40,45,48],"ascension_level":9}