{"gold_per_floor":[117,117,117,117,135,135,166,184,184,57,57,97,121,134,134,262,262,281,301,226,226,226,261,261,301,301,301,344,344,363,150,150,274,274,292,315,315,392,492,492,523,543,543,128,163,195,226,259,271,283],"floor_reached":51,"playtime":2639,"items_purged":["Strike_R","Strike_R"],"score":1033,"play_id":"cc6d2afa-aaae-478f-b87f-0118f6057f40","local_time":"20190714172427","is_ascension_mode":true,"campfire_choices":[{"data":"Bash","floor":6.0,"key":"SMITH"},{"floor":11.0,"key":"REST"},{"data":"Disarm","floor":15.0,"key":"SMITH"},{"floor":24.0,"key":"REST"},{"data":"Immolate","floor":27.0,"key":"SMITH"},{"data":"Inflame","floor":32.0,"key":"SMITH"},{"data":"Demon Form","floor":40.0,"key":"SMITH"},{"data":"Carnage","floor":49.0,"key":"SMITH"}],"neow_cost":"NONE","seed_source_timestamp":169213346878424,"circlet_count":0,"master_deck":["Strike_R","Strike_R+1","Strike_R+1","Defend_R","Defend_R","Defend_R","Defend_R","Bash+1","Reaper","Headbutt","Immolate+1","Disarm+1","Battle Trance","Inflame+1","Impervious","Battle Trance+1","Carnage+1","Evolve+1","Corruption","Reaper","Demon Form+1","Impervious","Shrug It Off+1","Metallicize+1","Shockwave+1","Hemokinesis+1"],"special_seed":0,"relics":["Burning Blood","Golden Idol","CultistMask","Champion Belt","Matryoshka","Tiny Chest","Orichalcum","Snecko Eye","Turnip","Dream Catcher","Paper Frog","Red Skull","Mercury Hourglass","PreservedInsect","Bag of Marbles","Kunai","Busted Crown","Sundial","Shuriken","Frozen Egg 2","Mummified Hand","MawBank"],"potions_floor_usage":[],"damage_taken":[{"damage":13.0,"enemies":"Jaw Worm","floor":1.0,"turns":5.0},{"damage":10.0,"enemies":"Small Slimes","floor":5.0,"turns":4.0},{"damage":30.0,"enemies":"Lagavulin","floor":7.0,"turns":5.0},{"damage":1.0,"enemies":"Cultist","floor":8.0,"turns":3.0},{"damage":47.0,"enemies":"3 Sentries","floor":12.0,"turns":6.0},{"damage":8.0,"enemies":"Lots of Slimes","floor":13.0,"turns":2.0},{"damage":0.0,"enemies":"3 Louse","floor":14.0,"turns":1.0},{"damage":23.0,"enemies":"The Guardian","floor":16.0,"turns":12.0},{"damage":20.0,"enemies":"Shell Parasite","floor":18.0,"turns":4.0},{"damage":16.0,"enemies":"2 Thieves","floor":19.0,"turns":3.0},{"damage":61.0,"enemies":"Book of Stabbing","floor":23.0,"turns":8.0},{"damage":0.0,"enemies":"Gremlin Leader","floor":25.0,"turns":4.0},{"damage":0.0,"enemies":"Book of Stabbing","floor":28.0,"turns":1.0},{"damage":7.0,"enemies":"Snecko","floor":30.0,"turns":3.0},{"damage":43.0,"enemies":"Automaton","floor":33.0,"turns":7.0},{"damage":0.0,"enemies":"3 Darklings","floor":35.0,"turns":1.0},{"damage":6.0,"enemies":"Orb Walker","floor":36.0,"turns":2.0},{"damage":12.0,"enemies":"Reptomancer","floor":41.0,"turns":3.0},{"damage":3.0,"enemies":"3 Darklings","floor":42.0,"turns":3.0},{"damage":0.0,"enemies":"Giant Head","floor":45.0,"turns":4.0},{"damage":0.0,"enemies":"Jaw Worm Horde","floor":46.0,"turns":2.0},{"damage":2.0,"enemies":"Spire Growth","floor":47.0,"turns":2.0},{"damage":2.0,"enemies":"Sphere and 2 Shapes","floor":48.0,"turns":4.0},{"damage":17,"enemies":"Time Eater","floor":50,"turns":7}],"seed_played":"2330547645374116294","potions_obtained":[{"floor":1.0,"key":"Fire Potion"},{"floor":5.0,"key":"Ancient Potion"},{"floor":14.0,"key":"PowerPotion"},{"floor":16.0,"key":"GamblersBrew"},{"floor":18.0,"key":"FearPotion"},{"floor":41.0,"key":"AttackPotion"}],"is_trial":false,"path_per_floor":["?","?","?","M","M","?","T","?","M","$","?","T","?"],"character_chosen":"IRONCLAD","items_purchased":["Tiny Chest","Corruption","Reaper","Mummified Hand","Metallicize+1"],"campfire_rested":2,"item_purchase_floors":[10,31,31,44,44],"current_hp_per_floor":[77,57,41,41,37,37,19,30,30,30,54,25,23,29,29,18,80,73,70,70,70,70,25,49,65,65,65,71,71,77,77,77,71,80,80,80,80,80,80,80,80,80,80,80,80,80,80,80,80,80],"gold":295,"neow_bonus":"ONE_RANDOM_RARE_CARD","is_prod":false,"is_daily":false,"chose_seed":false,"campfire_upgraded":6,"win_rate":0,"timestamp":1563114267,"path_taken":["M","?","?","?","M","R","E","M","T","$","R","E","?","M","R","BOSS","M","?","$","?","?","E","R","E","T","R","E","?","?","?","R","BOSS","M","M","?","?","?","R","E","M","T","$","E","M","M","M","R","BOSS"],"build_version":"2019-01-23","purchased_purges":2,"victory":true,"max_hp_per_floor":[80,80,80,80,80,80,80,80,80,80,80,80,80,80,80,80,80,80,80,80,80,80,80,80,80,80,80,80,80,80,80,80,80,80,80,80,80,80,80,80,80,80,80,80,80,80,80,80,80,80],"card_choices":[{"not_picked":["Metallicize","Twin Strike","Dual Wield"],"picked":"SKIP","floor":1.0},{"not_picked":["Burning Pact","Armaments"],"picked":"Headbutt","floor":5.0},{"not_picked":["True Grit","Second Wind"],"picked":"Immolate","floor":7.0},{"not_picked":["Wild Strike","Headbutt"],"picked":"Disarm","floor":8.0},{"not_picked":["Second Wind","Armaments"],"picked":"Battle Trance","floor":12.0},{"not_picked":["Perfected Strike","Sword Boomerang","Burning Pact"],"picked":"SKIP","floor":13.0},{"not_picked":["Clothesline","Thunderclap"],"picked":"Inflame","floor":14.0},{"not_picked":["Brutality","Immolate"],"picked":"Impervious","floor":16.0},{"not_picked":["Rage","Perfected Strike"],"picked":"Battle Trance+1","floor":18.0},{"not_picked":["Warcry","Reckless Charge+1","Sword Boomerang"],"picked":"SKIP","floor":19.0},{"not_picked":["Perfected Strike","Headbutt","Cleave"],"picked":"SKIP","floor":23.0},{"not_picked":["Armaments","Warcry"],"picked":"Carnage","floor":24.0},{"not_picked":["Pommel Strike","Body Slam+1"],"picked":"Evolve+1","floor":25.0},{"not_picked":["Heavy Blade","Intimidate","Warcry"],"picked":"SKIP","floor":28.0},{"not_picked":["Perfected Strike+1","Entrench","Rage"],"picked":"SKIP","floor":30.0},{"not_picked":["Brutality","Limit Break"],"picked":"Demon Form","floor":33.0},{"not_picked":["Hemokinesis"],"picked":"SKIP","floor":35.0},{"not_picked":["Searing Blow+1"],"picked":"SKIP","floor":36.0},{"not_picked":[],"picked":"Impervious","floor":41.0},{"not_picked":[],"picked":"Shrug It Off+1","floor":42.0},{"not_picked":[],"picked":"Shockwave+1","floor":45.0},{"not_picked":[],"picked":"Hemokinesis+1","floor":46.0},{"not_picked":["Armaments+1"],"picked":"SKIP","floor":47.0},{"not_picked":["Intimidate"],"picked":"SKIP","floor":48.0}],"player_experience":419260,"relics_obtained":[{"floor":7.0,"key":"Champion Belt"},{"floor":9.0,"key":"Matryoshka"},{"floor":12.0,"key":"Orichalcum"},{"floor":22.0,"key":"Dream Catcher"},{"floor":22.0,"key":"Paper Frog"},{"floor":23.0,"key":"Red Skull"},{"floor":25.0,"key":"Mercury Hourglass"},{"floor":26.0,"key":"PreservedInsect"},{"floor":26.0,"key":"Bag of Marbles"},{"floor":28.0,"key":"Kunai"},{"floor":38.0,"key":"Sundial"},{"floor":41.0,"key":"Shuriken"},{"floor":43.0,"key":"Frozen Egg 2"},{"floor":45.0,"key":"MawBank"}],"event_choices":[{"damage_healed":0.0,"max_hp_gain":0.0,"max_hp_loss":0.0,"gold_gain":0.0,"event_name":"Golden Idol","player_choice":"Take Damage","floor":2.0,"gold_loss":0.0,"damage_taken":20.0,"relics_obtained":["Golden Idol"]},{"damage_healed":0.0,"max_hp_gain":0.0,"max_hp_loss":0.0,"gold_gain":0.0,"event_name":"Shining Light","player_choice":"Entered Light","floor":3.0,"gold_loss":0.0,"damage_taken":16.0,"cards_upgraded":["Strike_R","Strike_R"]},{"damage_healed":0.0,"max_hp_gain":0.0,"max_hp_loss":0.0,"gold_gain":0.0,"event_name":"FaceTrader","player_choice":"Trade","floor":4.0,"gold_loss":0.0,"damage_taken":0.0,"relics_obtained":["CultistMask"]},{"damage_healed":0.0,"max_hp_gain":0.0,"max_hp_loss":0.0,"gold_gain":0.0,"event_name":"The Mausoleum","player_choice":"Opened","floor":21.0,"gold_loss":0.0,"damage_taken":0.0,"relics_obtained":["Turnip"]},{"damage_healed":0.0,"max_hp_gain":0.0,"max_hp_loss":0.0,"gold_gain":0.0,"event_name":"The Woman in Blue","player_choice":"Bought 0 Potions","floor":29.0,"gold_loss":0.0,"damage_taken":0.0},{"damage_healed":0.0,"max_hp_gain":0.0,"max_hp_loss":0.0,"gold_gain":0.0,"event_name":"Tomb of Lord Red Mask","player_choice":"Ignored","floor":37.0,"gold_loss":0.0,"damage_taken":0.0},{"damage_healed":0.0,"max_hp_gain":0.0,"max_hp_loss":0.0,"gold_gain":100.0,"event_name":"Golden Shrine","player_choice":"Pray","floor":39.0,"gold_loss":0.0,"damage_taken":0.0}],"is_beta":false,"boss_relics":[{"not_picked":["Astrolabe","Eternal Feather"],"picked":"Snecko Eye"},{"not_picked":["Sozu","Runic Cube"],"picked":"Busted Crown"}],"items_purged_floors":[20,44],"is_endless":false,"potions_floor_spawned":[1,5,14,16,18,19,41,42,46,48],"ascension_level":4}