{"gold_per_floor":[117,127,147,147,17,61,61,61,61,61,80,98,98,134,134,230,230,253,271,25,44,60,360,383,402,402,437,437,450,450,469,469,568,568,589,714,202,227,251,251,290,13,13,13,38,54,92,105,105,105,105],"floor_reached":52,"playtime":4606,"items_purged":["Pain","Strike_G"],"score":2121,"play_id":"68c6f073-ba04-4b92-8445-e0f11fb3ada2","local_time":"20190715220804","is_ascension_mode":true,"campfire_choices":[{"data":"Neutralize","floor":8.0,"key":"SMITH"},{"data":"Unload","floor":10.0,"key":"SMITH"},{"data":"Deadly Poison","floor":13.0,"key":"SMITH"},{"floor":15.0,"key":"DIG"},{"floor":23.0,"key":"DIG"},{"data":"Doppelganger","floor":28.0,"key":"SMITH"},{"floor":30.0,"key":"DIG"},{"floor":32.0,"key":"DIG"},{"floor":40.0,"key":"DIG"},{"floor":44.0,"key":"DIG"},{"floor":49.0,"key":"DIG"}],"neow_cost":"CURSE","seed_source_timestamp":0,"circlet_count":0,"master_deck":["AscendersBane","Strike_G","Strike_G","Strike_G","Strike_G","Defend_G","Defend_G","Defend_G","Defend_G","Defend_G","Survivor","Neutralize+1","Predator","Deadly Poison+1","All Out Attack","Injury","Dagger Throw","Unload+1","Expertise","Dagger Throw","Doppelganger+1","Die Die Die","Escape Plan","Backflip","Footwork+1","Dodge and Roll","Acrobatics","Blur","Cloak And Dagger+1","Footwork+1","A Thousand Cuts+1","Pain","Doubt","Pain","PiercingWail","Malaise","Escape Plan+1","Expertise+1","A Thousand Cuts+1","Caltrops+1","Crippling Poison+1"],"special_seed":0,"relics":["Ring of the Snake","Tough Bandages","Golden Idol","Pear","Ancient Tea Set","Frozen Egg 2","Shovel","Mango","HoveringKite","Bag of Preparation","Old Coin","Bottled Tornado","Question Card","Blue Candle","Pocketwatch","Calling Bell","Lantern","Sundial","Du-Vu Doll","Incense Burner","Sling","Anchor","Tiny Chest","Thread and Needle","Art of War","The Courier","Pen Nib","Ginger","Boot"],"potions_floor_usage":[51],"damage_taken":[{"damage":3.0,"enemies":"Small Slimes","floor":1.0,"turns":5.0},{"damage":1.0,"enemies":"2 Louse","floor":2.0,"turns":3.0},{"damage":1.0,"enemies":"Jaw Worm","floor":3.0,"turns":5.0},{"damage":21.0,"enemies":"3 Sentries","floor":6.0,"turns":10.0},{"damage":3.0,"enemies":"3 Louse","floor":11.0,"turns":2.0},{"damage":0.0,"enemies":"2 Fungi Beasts","floor":12.0,"turns":2.0},{"damage":12.0,"enemies":"Lagavulin","floor":14.0,"turns":5.0},{"damage":28.0,"enemies":"Hexaghost","floor":16.0,"turns":10.0},{"damage":5.0,"enemies":"2 Thieves","floor":18.0,"turns":3.0},{"damage":5.0,"enemies":"Shell Parasite","floor":19.0,"turns":7.0},{"damage":0.0,"enemies":"Snake Plant","floor":21.0,"turns":5.0},{"damage":1.0,"enemies":"3 Cultists","floor":22.0,"turns":3.0},{"damage":7.0,"enemies":"Sentry and Sphere","floor":24.0,"turns":8.0},{"damage":5.0,"enemies":"Snake Plant","floor":25.0,"turns":7.0},{"damage":14.0,"enemies":"Slavers","floor":27.0,"turns":9.0},{"damage":0.0,"enemies":"Cultist and Chosen","floor":29.0,"turns":7.0},{"damage":0.0,"enemies":"Sentry and Sphere","floor":31.0,"turns":7.0},{"damage":23.0,"enemies":"Collector","floor":33.0,"turns":24.0},{"damage":1.0,"enemies":"3 Shapes","floor":35.0,"turns":6.0},{"damage":0.0,"enemies":"Mind Bloom Boss Battle","floor":36.0,"turns":6.0},{"damage":0.0,"enemies":"Orb Walker","floor":38.0,"turns":3.0},{"damage":1.0,"enemies":"Jaw Worm Horde","floor":39.0,"turns":3.0},{"damage":1.0,"enemies":"Reptomancer","floor":41.0,"turns":9.0},{"damage":0.0,"enemies":"Sphere and 2 Shapes","floor":45.0,"turns":4.0},{"damage":1.0,"enemies":"3 Darklings","floor":46.0,"turns":5.0},{"damage":0.0,"enemies":"Nemesis","floor":47.0,"turns":6.0},{"damage":0.0,"enemies":"Writhing Mass","floor":48.0,"turns":7.0},{"damage":8.0,"enemies":"Donu and Deca","floor":50.0,"turns":11.0},{"damage":40,"enemies":"Awakened One","floor":51,"turns":21}],"seed_played":"-4463829097645813941","potions_obtained":[{"floor":2.0,"key":"SpeedPotion"},{"floor":11.0,"key":"SkillPotion"},{"floor":14.0,"key":"Poison Potion"},{"floor":16.0,"key":"EssenceOfSteel"},{"floor":18.0,"key":"Fire Potion"},{"floor":24.0,"key":"Ancient Potion"},{"floor":25.0,"key":"AttackPotion"},{"floor":31.0,"key":"Dexterity Potion"},{"floor":33.0,"key":"SpeedPotion"},{"floor":35.0,"key":"Ancient Potion"},{"floor":39.0,"key":"Swift Potion"},{"floor":48.0,"key":"PowerPotion"}],"is_trial":false,"path_per_floor":["M","M","M","?","$","E","?","R","T","R","M","M","R","E","R","B",null,"M","M","$","M","M","R","M","M","T","E","R","M","R","M","R","B",null,"M","?","$","M","M","R","E","$","T","R","M","M","E","M","R","B","B",null],"character_chosen":"THE_SILENT","items_purchased":["Dagger Throw","Footwork+1","Bag of Preparation","Sling","Anchor","Tiny Chest","A Thousand Cuts+1"],"campfire_rested":0,"item_purchase_floors":[5,20,20,37,37,37,42],"current_hp_per_floor":[56,55,54,54,54,43,43,43,43,43,40,40,40,28,42,14,71,66,61,61,61,60,60,53,48,48,34,34,34,34,34,34,11,70,69,69,69,69,68,68,67,67,67,67,67,66,66,66,66,58,18],"gold":105,"neow_bonus":"ONE_RARE_RELIC","is_prod":false,"is_daily":false,"chose_seed":false,"campfire_upgraded":4,"win_rate":0,"timestamp":1563221284,"path_taken":["M","M","M","?","$","E","?","R","T","R","M","M","R","E","R","BOSS","M","M","$","M","M","R","M","M","T","E","R","M","R","M","R","BOSS","M","?","$","M","M","R","E","$","T","R","M","M","E","M","R","BOSS","BOSS"],"build_version":"2019-07-05","purchased_purges":2,"victory":true,"max_hp_per_floor":[66,66,66,66,66,76,76,76,76,76,76,76,76,76,90,90,90,90,90,90,90,90,90,90,90,90,90,90,90,90,90,90,90,90,90,90,90,90,90,90,90,90,90,90,90,90,90,90,90,90,90],"card_choices":[{"not_picked":["Masterful Stab","Bane"],"picked":"Predator","floor":1.0},{"not_picked":["Dagger Throw","Choke"],"picked":"Deadly Poison","floor":2.0},{"not_picked":["Underhanded Strike","Backflip"],"picked":"All Out Attack","floor":3.0},{"not_picked":["Escape Plan","Poisoned Stab"],"picked":"Unload","floor":6.0},{"not_picked":["Slice","Dagger Spray"],"picked":"Expertise","floor":11.0},{"not_picked":["Flying Knee","Crippling Poison"],"picked":"Dagger Throw","floor":12.0},{"not_picked":["Accuracy+1","Dodge and Roll"],"picked":"Doppelganger","floor":14.0},{"not_picked":["Night Terror","Glass Knife"],"picked":"Die Die Die","floor":16.0},{"not_picked":["Dagger Spray","Outmaneuver"],"picked":"Escape Plan","floor":18.0},{"not_picked":["Dodge and Roll+1","All Out Attack"],"picked":"Backflip","floor":19.0},{"not_picked":["Slice","Bouncing Flask"],"picked":"Dodge and Roll","floor":21.0},{"not_picked":["Bane","Cloak And Dagger","Blade Dance"],"picked":"SKIP","floor":22.0},{"not_picked":["Dash","Setup+1","Phantasmal Killer"],"picked":"SKIP","floor":24.0},{"not_picked":["Deflect","Riddle With Holes"],"picked":"Acrobatics","floor":25.0},{"not_picked":["Terror","Underhanded Strike"],"picked":"Blur","floor":27.0},{"not_picked":["Blade Dance","Slice","Bullet Time"],"picked":"Cloak And Dagger+1","floor":29.0},{"not_picked":["Dodge and Roll","Acrobatics","Dash"],"picked":"Footwork+1","floor":31.0},{"not_picked":["Adrenaline","Wraith Form v2+1","Envenom+1"],"picked":"A Thousand Cuts+1","floor":33.0},{"not_picked":["Deadly Poison","Underhanded Strike","Deflect"],"picked":"PiercingWail","floor":35.0},{"not_picked":["Skewer+1","Dodge and Roll","Outmaneuver"],"picked":"Malaise","floor":38.0},{"not_picked":["Blade Dance","Eviscerate","Deflect"],"picked":"Escape Plan+1","floor":39.0},{"not_picked":["Dagger Throw","Prepared","PiercingWail"],"picked":"Expertise+1","floor":41.0},{"not_picked":["Sucker Punch","Dagger Spray","Dash+1"],"picked":"Caltrops+1","floor":45.0},{"not_picked":["PiercingWail","Dash","Reflex"],"picked":"Crippling Poison+1","floor":46.0},{"not_picked":["Blade Dance","Unload","Backstab+1","All Out Attack"],"picked":"SKIP","floor":47.0},{"not_picked":["PiercingWail","Deadly Poison","Crippling Poison","Slice"],"picked":"SKIP","floor":48.0}],"player_experience":623401,"relics_obtained":[{"floor":6.0,"key":"Pear"},{"floor":9.0,"key":"Frozen Egg 2"},{"floor":14.0,"key":"Shovel"},{"floor":15.0,"key":"Mango"},{"floor":23.0,"key":"Old Coin"},{"floor":26.0,"key":"Bottled Tornado"},{"floor":27.0,"key":"Question Card"},{"floor":30.0,"key":"Blue Candle"},{"floor":32.0,"key":"Pocketwatch"},{"floor":34.0,"key":"Lantern"},{"floor":34.0,"key":"Sundial"},{"floor":34.0,"key":"Du-Vu Doll"},{"floor":36.0,"key":"Incense Burner"},{"floor":40.0,"key":"Thread and Needle"},{"floor":41.0,"key":"Art of War"},{"floor":43.0,"key":"The Courier"},{"floor":44.0,"key":"Pen Nib"},{"floor":47.0,"key":"Ginger"},{"floor":49.0,"key":"Boot"}],"event_choices":[{"damage_healed":0.0,"max_hp_gain":0.0,"max_hp_loss":0.0,"gold_gain":0.0,"event_name":"Golden Idol","player_choice":"Take Wound","floor":4.0,"gold_loss":0.0,"damage_taken":0.0,"relics_obtained":["Golden Idol"],"cards_obtained":["Injury"]},{"damage_healed":0.0,"max_hp_gain":0.0,"max_hp_loss":0.0,"gold_gain":0.0,"event_name":"Dead Adventurer","player_choice":"Searched \u00271\u0027 times","floor":7.0,"gold_loss":0.0,"damage_taken":0.0,"relics_obtained":["Ancient Tea Set"]},{"damage_healed":0.0,"max_hp_gain":0.0,"max_hp_loss":0.0,"gold_gain":0.0,"event_name":"MindBloom","player_choice":"Fight","floor":36.0,"gold_loss":0.0,"damage_taken":0.0}],"is_beta":false,"boss_relics":[{"not_picked":["Astrolabe","Tiny House"],"picked":"HoveringKite"},{"not_picked":["Snecko Eye","Eternal Feather"],"picked":"Calling Bell"}],"items_purged_floors":[5,42],"is_endless":false,"potions_floor_spawned":[2,11,14,16,18,24,25,31,33,35,38,39,48],"ascension_level":20}