{"gold_per_floor":[110,110,80,91,110,110,130,130,179,144,144,156,187,199,199,304,304,322,287,287,287,301,301,301,301,373,387,411,411,411,426,456,556,556,571,571,591,591,436,436,436],"floor_reached":41,"playtime":2229,"items_purged":["Defend_B"],"score":414,"play_id":"eb6c161d-cc30-469d-ab61-3bcf7fd03f91","local_time":"20190506120000","is_ascension_mode":false,"campfire_choices":[{"data":"Defragment","floor":6.0,"key":"SMITH"},{"floor":8,"key":"REST"},{"floor":15,"key":"DIG"},{"floor":23,"key":"REST"},{"floor":25,"key":"DIG"},{"data":"Electrodynamics","floor":29,"key":"SMITH"},{"floor":32,"key":"DIG"},{"floor":40,"key":"DIG"}],"neow_cost":"NONE","seed_source_timestamp":0,"circlet_count":0,"master_deck":["Defend_B","Defend_B","Defend_B","Zap","Dualcast","Defragment+1","Redo","Sweeping Beam","Undo","Defragment+1","Hologram","Self Repair","Reboot","Electrodynamics+1","Static Discharge","Heatsinks","Hello World+1","Capacitor","Biased Cognition","Self Repair+1","Zap","Undo+1","Capacitor"],"special_seed":0,"relics":["Cracked Core","Bronze Scales","Regal Pillow","Shovel","Incense Burner","Empty Cage","Pen Nib","Kunai","Omamori","Tiny Chest","Nuclear Battery","Oddly Smooth Stone"],"potions_floor_usage":[14,16,16,21,21,21,31,41],"damage_taken":[{"damage":0.0,"enemies":"Cultist","floor":1.0,"turns":4.0},{"damage":8.0,"enemies":"Jaw Worm","floor":4.0,"turns":3.0},{"damage":10.0,"enemies":"Small Slimes","floor":5.0,"turns":2.0},{"damage":16.0,"enemies":"Exordium Thugs","floor":7.0,"turns":3.0},{"damage":0,"enemies":"Exordium Wildlife","floor":12,"turns":3},{"damage":20,"enemies":"Gremlin Nob","floor":13,"turns":4},{"damage":2,"enemies":"Blue Slaver","floor":14,"turns":3},{"damage":28,"enemies":"The Guardian","floor":16,"turns":9},{"damage":24,"enemies":"Shell Parasite","floor":18,"turns":4},{"damage":26,"enemies":"Colosseum Slavers","floor":21,"turns":3},{"damage":15,"enemies":"Chosen","floor":22,"turns":4},{"damage":15,"enemies":"3 Cultists","floor":27,"turns":3},{"damage":17,"enemies":"Shelled Parasite and Fungi","floor":31,"turns":4},{"damage":14,"enemies":"Collector","floor":33,"turns":8},{"damage":36,"enemies":"Orb Walker","floor":35,"turns":4},{"damage":16,"enemies":"3 Darklings","floor":37,"turns":2},{"damage":44,"enemies":"4 Shapes","floor":41,"turns":3}],"seed_played":"2445787548788759097","potions_obtained":[{"floor":0.0,"key":"SkillPotion"},{"floor":0.0,"key":"LiquidBronze"},{"floor":0.0,"key":"SmokeBomb"},{"floor":3.0,"key":"Explosive Potion"},{"floor":3.0,"key":"EssenceOfSteel"},{"floor":7,"key":"PowerPotion"},{"floor":14,"key":"FocusPotion"},{"floor":16,"key":"EssenceOfSteel"},{"floor":18,"key":"FocusPotion"},{"floor":22,"key":"Block Potion"},{"floor":33,"key":"EssenceOfSteel"}],"is_trial":false,"path_per_floor":["M","?","?","M","M","R","M","R","T","$","?","M","E","M","R","B",null,"M","$","?","?","M","R","?","R","T","M","T","R","?","M","R","B",null,"M","?","M","?","$","R","M"],"character_chosen":"DEFECT","items_purchased":["Defragment","Heatsinks","Capacitor"],"campfire_rested":2,"item_purchase_floors":[10,19,39],"current_hp_per_floor":[75,63,63,55,45,45,29,51,51,51,51,51,31,36,36,15,75,58,58,44,18,10,49,49,49,49,34,34,34,60,50,50,43,80,51,51,42,42,42,42,0],"gold":436,"neow_bonus":"THREE_SMALL_POTIONS","is_prod":false,"is_daily":false,"chose_seed":false,"campfire_upgraded":2,"win_rate":0.0,"timestamp":1557158400,"path_taken":["M","?","?","M","?","R","M","R","T","$","?","M","E","?","R","BOSS","M","$","?","?","M","R","?","R","T","?","?","R","?","M","R","BOSS","M","?","?","?","?","R","M"],"build_version":"2019-01-23","purchased_purges":1,"victory":false,"max_hp_per_floor":[75,75,75,75,75,75,75,75,75,75,75,75,75,75,75,75,75,75,75,80,80,80,80,80,80,80,80,80,80,80,80,80,80,80,80,80,80,80,80,80,80],"card_choices":[{"not_picked":["Hologram","Turbo"],"picked":"Defragment","floor":1.0},{"not_picked":["Rebound","Force Field"],"picked":"Redo","floor":4.0},{"not_picked":["Chaos","Leap"],"picked":"Sweeping Beam","floor":5.0},{"not_picked":["Streamline","Go for the Eyes"],"picked":"Undo","floor":7},{"not_picked":["Force Field","Coolheaded"],"picked":"Hologram","floor":12},{"not_picked":["Leap","Streamline"],"picked":"Self Repair","floor":13},{"not_picked":["BootSequence","Coolheaded"],"picked":"Reboot","floor":14},{"not_picked":["Buffer","Seek"],"picked":"Electrodynamics","floor":16},{"not_picked":["Scrape+1","Compile Driver"],"picked":"Static Discharge","floor":18},{"not_picked":["Rip and Tear+1","Blizzard"],"picked":"Hello World+1","floor":22},{"not_picked":["Coolheaded","Stack","Auto Shields"],"picked":"SKIP","floor":27},{"not_picked":["FTL+1","Blizzard"],"picked":"Capacitor","floor":31},{"not_picked":["Echo Form","Meteor Strike"],"picked":"Biased Cognition","floor":33},{"not_picked":["Blizzard","Capacitor"],"picked":"Self Repair+1","floor":35},{"not_picked":["Streamline","Beam Cell"],"picked":"Undo+1","floor":37}],"player_experience":41367,"relics_obtained":[{"floor":9,"key":"Regal Pillow"},{"floor":13,"key":"Shovel"},{"floor":15,"key":"Incense Burner"},{"floor":25,"key":"Pen Nib"},{"floor":26,"key":"Kunai"},{"floor":28,"key":"Omamori"},{"floor":32,"key":"Tiny Chest"},{"floor":40,"key":"Oddly Smooth Stone"}],"event_choices":[{"damage_healed":0.0,"max_hp_gain":0.0,"max_hp_loss":0.0,"gold_gain":0.0,"event_name":"Scrap Ooze","player_choice":"Success","floor":2.0,"gold_loss":0.0,"damage_taken":12.0,"relics_obtained":["Bronze Scales"]},{"damage_healed":0.0,"max_hp_gain":0.0,"max_hp_loss":0.0,"gold_gain":0.0,"event_name":"The Woman in Blue","player_choice":"Bought 2 Potions","floor":3.0,"gold_loss":0.0,"damage_taken":0.0},{"damage_healed":0,"gold_gain":0,"player_choice":"Upgraded","damage_taken":0,"max_hp_gain":0,"max_hp_loss":0,"event_name":"Upgrade Shrine","floor":11,"gold_loss":0,"cards_upgraded":["Defragment"]},{"damage_healed":0,"gold_gain":0,"player_choice":"Shed Blood","damage_taken":19,"max_hp_gain":5,"max_hp_loss":0,"event_name":"Forgotten Altar","floor":20,"gold_loss":0},{"damage_healed":0,"gold_gain":0,"player_choice":"Fight","damage_taken":0,"max_hp_gain":0,"max_hp_loss":0,"event_name":"Colosseum","floor":21,"gold_loss":0},{"damage_healed":0,"gold_gain":0,"player_choice":"Fled From Nobs","damage_taken":0,"max_hp_gain":0,"max_hp_loss":0,"event_name":"Colosseum","floor":21,"gold_loss":0},{"cards_removed":["Strike_B"],"damage_healed":0,"gold_gain":0,"player_choice":"Offered Basic","damage_taken":0,"max_hp_gain":0,"max_hp_loss":0,"event_name":"Bonfire Elementals","floor":24,"gold_loss":0},{"damage_healed":26,"gold_gain":0,"player_choice":"Heal","damage_taken":0,"max_hp_gain":0,"max_hp_loss":0,"event_name":"The Library","floor":30,"gold_loss":0},{"damage_healed":0,"gold_gain":0,"player_choice":"1 cards matched","damage_taken":0,"max_hp_gain":0,"max_hp_loss":0,"event_name":"Match and Keep!","floor":36,"gold_loss":0,"cards_obtained":["Zap"]},{"cards_removed":["Strike_B"],"damage_healed":0,"gold_gain":0,"player_choice":"Removed Attack","damage_taken":0,"max_hp_gain":0,"max_hp_loss":0,"event_name":"Falling","floor":38,"gold_loss":0}],"is_beta":false,"boss_relics":[{"not_picked":["FrozenCore","Sozu"],"picked":"Empty Cage"},{"not_picked":["Eternal Feather","Runic Dome"],"picked":"Nuclear Battery"}],"items_purged_floors":[39],"is_endless":false,"potions_floor_spawned":[7,12,13,14,16,18,22,33],"killed_by":"4 Shapes","ascension_level":0}