{"gold_per_floor":[112,128,145,70,81,92,92,125,125,160,83,118,118,132,132,230,230,250,250,150,150,169,169,84,98,98,151,177,177,212,4,4,100,100,110,110,128,147,147,147,182,196,196,21,36,36,48,61,61,61],"floor_reached":51,"playtime":2682,"items_purged":["Strike_B","Strike_B","Regret","Pain"],"score":1433,"play_id":"d2a062e9-7030-42a0-acd6-42346fdf8001","local_time":"20190707143050","is_ascension_mode":true,"campfire_choices":[{"floor":7.0,"key":"REST"},{"floor":13.0,"key":"REST"},{"floor":15.0,"key":"REST"},{"floor":23.0,"key":"REST"},{"floor":29.0,"key":"REST"},{"floor":32.0,"key":"REST"},{"floor":40.0,"key":"REST"},{"floor":49.0,"key":"REST"}],"neow_cost":"NONE","seed_source_timestamp":0,"circlet_count":0,"master_deck":["AscendersBane","Strike_B+1","Strike_B","Defend_B","Defend_B","Defend_B","Defend_B","Zap","Dualcast","Ball Lightning","Conserve Battery","Cold Snap+1","Defragment","Darkness","Self Repair","Sweeping Beam","Gash","Biased Cognition","RitualDagger","Undo+1","Parasite","Chill","Glacier","Flash of Steel","FTL","Defragment+1","Machine Learning","Gash+1","Sunder","FTL","Redo+1"],"special_seed":0,"relics":["Fusion Hammer","Blood Vial","Shuriken","Whetstone","Cursed Key","Regal Pillow","Symbiotic Virus","Bronze Scales","Cables","Red Mask","Inserter","Gremlin Horn","Letter Opener","The Courier"],"potions_floor_usage":[50,50],"damage_taken":[{"damage":1.0,"enemies":"Cultist","floor":1.0,"turns":4.0},{"damage":3.0,"enemies":"2 Louse","floor":2.0,"turns":2.0},{"damage":13.0,"enemies":"Small Slimes","floor":3.0,"turns":4.0},{"damage":6.0,"enemies":"Looter","floor":5.0,"turns":3.0},{"damage":2.0,"enemies":"2 Fungi Beasts","floor":6.0,"turns":3.0},{"damage":27.0,"enemies":"3 Sentries","floor":8.0,"turns":7.0},{"damage":14.0,"enemies":"Lagavulin","floor":10.0,"turns":6.0},{"damage":10.0,"enemies":"3 Sentries","floor":12.0,"turns":3.0},{"damage":19.0,"enemies":"Lots of Slimes","floor":14.0,"turns":4.0},{"damage":43.0,"enemies":"The Guardian","floor":16.0,"turns":10.0},{"damage":12.0,"enemies":"Chosen","floor":18.0,"turns":5.0},{"damage":17.0,"enemies":"2 Thieves","floor":22.0,"turns":4.0},{"damage":24.0,"enemies":"Snake Plant","floor":25.0,"turns":4.0},{"damage":24.0,"enemies":"Gremlin Leader","floor":28.0,"turns":8.0},{"damage":32.0,"enemies":"Masked Bandits","floor":30.0,"turns":4.0},{"damage":59.0,"enemies":"Champ","floor":33.0,"turns":12.0},{"damage":14.0,"enemies":"3 Shapes","floor":35.0,"turns":4.0},{"damage":26.0,"enemies":"3 Darklings","floor":37.0,"turns":6.0},{"damage":0.0,"enemies":"Jaw Worm Horde","floor":38.0,"turns":4.0},{"damage":57.0,"enemies":"Nemesis","floor":41.0,"turns":7.0},{"damage":0.0,"enemies":"Writhing Mass","floor":42.0,"turns":6.0},{"damage":0.0,"enemies":"3 Darklings","floor":45.0,"turns":5.0},{"damage":13.0,"enemies":"Spire Growth","floor":47.0,"turns":4.0},{"damage":5.0,"enemies":"Jaw Worm Horde","floor":48.0,"turns":4.0},{"damage":65,"enemies":"Time Eater","floor":50,"turns":14}],"seed_played":"423070886655723346","potions_obtained":[{"floor":2.0,"key":"Strength Potion"},{"floor":3.0,"key":"SpeedPotion"},{"floor":8.0,"key":"PowerPotion"},{"floor":16.0,"key":"SkillPotion"},{"floor":38.0,"key":"Regen Potion"},{"floor":41.0,"key":"Dexterity Potion"}],"is_trial":false,"path_per_floor":["M","$","M","?","?","?","T","?","?","?","M"],"character_chosen":"DEFECT","items_purchased":["Self Repair","Flash of Steel","Sunder"],"campfire_rested":8,"item_purchase_floors":[11,31,44],"current_hp_per_floor":[67,64,51,51,45,43,65,38,38,26,26,25,47,37,59,25,63,60,46,46,40,32,56,56,41,41,41,26,65,42,42,80,28,67,62,62,45,54,54,76,26,35,35,35,37,37,33,37,74,18],"gold":61,"neow_bonus":"BOSS_RELIC","is_prod":false,"is_daily":false,"chose_seed":false,"campfire_upgraded":0,"win_rate":0,"timestamp":1562499050,"path_taken":["M","?","M","?","M","?","R","E","T","E","$","E","R","M","R","BOSS","M","?","$","?","M","R","?","M","T","?","E","R","?","$","R","BOSS","M","?","M","M","?","R","E","M","T","$","M","$","?","M","R","BOSS"],"build_version":"2019-01-23","purchased_purges":4,"victory":true,"max_hp_per_floor":[75,75,75,75,75,75,75,75,75,75,75,75,75,75,75,75,75,75,80,80,80,80,80,80,80,80,80,80,80,80,80,80,80,80,80,76,76,76,76,76,76,76,76,76,76,76,76,76,76,76],"card_choices":[{"not_picked":["Double Energy","Heatsinks"],"picked":"Ball Lightning","floor":1.0},{"not_picked":["Steam","Barrage"],"picked":"Conserve Battery","floor":2.0},{"not_picked":["Lockon","Reinforced Body","Scrape"],"picked":"SKIP","floor":3.0},{"not_picked":["Coolheaded","Undo"],"picked":"Cold Snap","floor":5.0},{"not_picked":["Ball Lightning","Glacier"],"picked":"Defragment","floor":6.0},{"not_picked":["Sweeping Beam","Storm"],"picked":"Darkness","floor":8.0},{"not_picked":["Reprogram","Ball Lightning","Static Discharge"],"picked":"SKIP","floor":10.0},{"not_picked":["Beam Cell","Compile Driver"],"picked":"Sweeping Beam","floor":12.0},{"not_picked":["White Noise","Compile Driver"],"picked":"Gash","floor":14.0},{"not_picked":["Seek","Core Surge"],"picked":"Biased Cognition","floor":16.0},{"not_picked":["BootSequence","Hologram","Compile Driver"],"picked":"SKIP","floor":18.0},{"not_picked":["Static Discharge","Reinforced Body"],"picked":"Undo+1","floor":22.0},{"not_picked":["Stack","Steam","Redo"],"picked":"SKIP","floor":25.0},{"not_picked":["Doom and Gloom+1","Hologram"],"picked":"Chill","floor":28.0},{"not_picked":["Recycle","Genetic Algorithm"],"picked":"Glacier","floor":30.0},{"not_picked":["Compile Driver+1","Coolheaded+1"],"picked":"FTL","floor":35.0},{"not_picked":["Double Energy+1","Streamline+1"],"picked":"Defragment+1","floor":37.0},{"not_picked":["Go for the Eyes","Cold Snap+1"],"picked":"Machine Learning","floor":38.0},{"not_picked":["Go for the Eyes+1","BootSequence+1","Beam Cell+1"],"picked":"SKIP","floor":41.0},{"not_picked":["Streamline","Leap+1"],"picked":"Gash+1","floor":42.0},{"not_picked":["Ball Lightning+1","Stack"],"picked":"FTL","floor":45.0},{"not_picked":["Rebound","Consume"],"picked":"Redo+1","floor":47.0},{"not_picked":["Recycle","Conserve Battery+1","Barrage"],"picked":"SKIP","floor":48.0}],"player_experience":310905,"relics_obtained":[{"floor":8.0,"key":"Blood Vial"},{"floor":9.0,"key":"Shuriken"},{"floor":12.0,"key":"Whetstone"},{"floor":26.0,"key":"Symbiotic Virus"},{"floor":27.0,"key":"Bronze Scales"},{"floor":28.0,"key":"Cables"},{"floor":30.0,"key":"Red Mask"},{"floor":41.0,"key":"Letter Opener"},{"floor":43.0,"key":"The Courier"}],"event_choices":[{"damage_healed":0.0,"max_hp_gain":5.0,"max_hp_loss":0.0,"gold_gain":0.0,"event_name":"Forgotten Altar","player_choice":"Shed Blood","floor":19.0,"gold_loss":0.0,"damage_taken":19.0},{"damage_healed":0.0,"max_hp_gain":0.0,"max_hp_loss":0.0,"gold_gain":0.0,"event_name":"Nest","player_choice":"Joined the Cult","floor":21.0,"gold_loss":0.0,"damage_taken":6.0,"cards_obtained":["RitualDagger"]},{"damage_healed":0.0,"max_hp_gain":0.0,"max_hp_loss":0.0,"gold_gain":0.0,"event_name":"Addict","player_choice":"Obtained Relic","floor":24.0,"gold_loss":85.0,"damage_taken":0.0,"relics_obtained":["Regal Pillow"]},{"damage_healed":0.0,"max_hp_gain":0.0,"max_hp_loss":0.0,"gold_gain":0.0,"event_name":"Masked Bandits","player_choice":"Fought Bandits","floor":30.0,"gold_loss":0.0,"damage_taken":0.0},{"damage_healed":0.0,"max_hp_gain":0.0,"max_hp_loss":4.0,"gold_gain":0.0,"event_name":"Winding Halls","player_choice":"Max HP","floor":36.0,"gold_loss":0.0,"damage_taken":0.0},{"damage_healed":0.0,"max_hp_gain":0.0,"max_hp_loss":0.0,"gold_gain":0.0,"event_name":"WeMeetAgain","player_choice":"Gave Potion","floor":39.0,"gold_loss":0.0,"damage_taken":0.0,"relics_obtained":["Gremlin Horn"]}],"is_beta":false,"boss_relics":[{"not_picked":["Velvet Choker","Orrery"],"picked":"Cursed Key"},{"not_picked":["Coffee Dripper","Lizard Tail"],"picked":"Inserter"}],"items_purged_floors":[4,20,31,44],"is_endless":false,"potions_floor_spawned":[2,3,5,8,16,25,28,33,35,38,41,45,48],"ascension_level":11}