{"gold_per_floor":[114,129,144,159,174,174,174,189,239,254,4,19,34,49,49,149,149,164,179,179,194,167,167,167,182,207,237,237,237,252,11,11,111,111,126,141,156,171,21,21,51,66,66,81,124,139,0,15,15,15],"floor_reached":51,"playtime":2049,"items_purged":[],"score":801,"play_id":"0d3970b7-a78b-4720-ade5-34db337a1142","local_time":"20190519162650","daily_mods":["SealedDeck","Vintage","Lethality"],"is_ascension_mode":false,"campfire_choices":[{"data":"Perfected Strike","floor":6,"key":"SMITH"},{"floor":15,"key":"REST"},{"data":"Cleave","floor":23,"key":"SMITH"},{"floor":29,"key":"REST"},{"data":"Rage","floor":32,"key":"SMITH"},{"data":"Wild Strike","floor":40,"key":"SMITH"},{"data":"Wild Strike","floor":49,"key":"SMITH"}],"neow_cost":"","seed_source_timestamp":187161410549333,"circlet_count":0,"master_deck":["Cleave+1","Perfected Strike+1","Pommel Strike","Pommel Strike+1","Wild Strike+1","Perfected Strike+1","Burning Pact+1","Rage+1","Wild Strike+1","Wild Strike+1","Wild Strike","Fire Breathing+1","Bandage Up+1","Offering+1","Wild Strike+1","Cleave+1"],"special_seed":18035,"relics":["Burning Blood","Pen Nib","Centennial Puzzle","Mummified Hand","Champion Belt","Mercury Hourglass","Blue Candle","Regal Pillow","Letter Opener","Self Forming Clay","Kunai","Bottled Flame","Gambling Chip","White Beast Statue","Pocketwatch","Sundial","Lantern","Omamori","Potion Belt","Orichalcum","WarpedTongs","Toxic Egg 2","Vajra","Runic Pyramid","Meat on the Bone","Molten Egg 2","Bronze Scales","Bottled Lightning","War Paint","Charon\u0027s Ashes","Whetstone","Singing Bowl","Juzu Bracelet","FossilizedHelix","Anchor","Red Mask","Paper Frog"],"potions_floor_usage":[13,16,16,19,27,27,30,33,37,37,37,41,46,50,50,50,50,50,50,50,50,50],"damage_taken":[{"damage":10,"enemies":"Small Slimes","floor":1,"turns":2},{"damage":0,"enemies":"Jaw Worm","floor":2,"turns":1},{"damage":0,"enemies":"2 Louse","floor":3,"turns":1},{"damage":0,"enemies":"Gremlin Gang","floor":4,"turns":2},{"damage":0,"enemies":"Exordium Thugs","floor":5,"turns":2},{"damage":0,"enemies":"3 Louse","floor":8,"turns":1},{"damage":7,"enemies":"Lots of Slimes","floor":10,"turns":2},{"damage":13,"enemies":"2 Fungi Beasts","floor":12,"turns":2},{"damage":0,"enemies":"Exordium Thugs","floor":13,"turns":2},{"damage":19,"enemies":"Gremlin Gang","floor":14,"turns":2},{"damage":8,"enemies":"Slime Boss","floor":16,"turns":3},{"damage":7,"enemies":"Shell Parasite","floor":18,"turns":2},{"damage":4,"enemies":"2 Thieves","floor":19,"turns":2},{"damage":6,"enemies":"Centurion and Healer","floor":21,"turns":3},{"damage":0,"enemies":"Snake Plant","floor":25,"turns":2},{"damage":26,"enemies":"Book of Stabbing","floor":27,"turns":3},{"damage":1,"enemies":"Cultist and Chosen","floor":30,"turns":2},{"damage":25,"enemies":"Collector","floor":33,"turns":4},{"damage":9,"enemies":"3 Shapes","floor":35,"turns":1},{"damage":6,"enemies":"3 Darklings","floor":36,"turns":1},{"damage":12,"enemies":"Transient","floor":37,"turns":5},{"damage":6,"enemies":"Jaw Worm Horde","floor":38,"turns":1},{"damage":6,"enemies":"Reptomancer","floor":41,"turns":1},{"damage":9,"enemies":"4 Shapes","floor":42,"turns":1},{"damage":6,"enemies":"Spire Growth","floor":44,"turns":2},{"damage":6,"enemies":"2 Orb Walkers","floor":45,"turns":1},{"damage":0,"enemies":"Jaw Worm Horde","floor":46,"turns":1},{"damage":0,"enemies":"Sphere and 2 Shapes","floor":48,"turns":1},{"damage":84,"enemies":"Time Eater","floor":50,"turns":7}],"seed_played":"-6451152529473643589","potions_obtained":[{"floor":2,"key":"Strength Potion"},{"floor":4,"key":"Dexterity Potion"},{"floor":10,"key":"EssenceOfSteel"},{"floor":13,"key":"Fire Potion"},{"floor":18,"key":"AttackPotion"},{"floor":19,"key":"Dexterity Potion"},{"floor":21,"key":"Ancient Potion"},{"floor":25,"key":"Regen Potion"},{"floor":27,"key":"SteroidPotion"},{"floor":30,"key":"Energy Potion"},{"floor":33,"key":"GamblersBrew"},{"floor":35,"key":"Energy Potion"},{"floor":36,"key":"SkillPotion"},{"floor":37,"key":"Energy Potion"},{"floor":38,"key":"SpeedPotion"},{"floor":41,"key":"EssenceOfSteel"},{"floor":42,"key":"GamblersBrew"},{"floor":44,"key":"SteroidPotion"},{"floor":45,"key":"Fire Potion"},{"floor":46,"key":"EntropicBrew"},{"floor":48,"key":"SkillPotion"}],"is_trial":false,"path_per_floor":["M","M","M","M","M","R","?","M","T","M","$","M","M","M","R","B",null,"M","M","$","M","$","R","?","M","T","E","?","R","M","$","R","B",null,"M","M","M","M","$","R","E","M","T","M","?","M","?","M","R","B",null],"character_chosen":"IRONCLAD","items_purchased":["Self Forming Clay","Wild Strike","Vajra","Bandage Up+1","War Paint"],"campfire_rested":2,"item_purchase_floors":[11,22,31,31,39],"current_hp_per_floor":[76,80,80,80,80,80,80,80,80,79,79,72,78,65,80,78,80,79,80,80,80,80,80,65,71,71,60,60,85,85,85,85,72,85,85,85,85,85,85,85,85,82,82,85,85,85,85,85,85,19],"gold":15,"neow_bonus":"","is_prod":false,"is_daily":true,"chose_seed":false,"campfire_upgraded":5,"win_rate":0,"timestamp":1558297610,"path_taken":["M","M","M","M","M","R","?","M","T","M","$","M","M","M","R","BOSS","M","M","$","M","$","R","?","M","T","E","?","R","?","?","R","BOSS","M","M","M","M","$","R","E","M","T","M","?","M","?","M","R","BOSS"],"build_version":"2019-01-23","purchased_purges":0,"victory":true,"max_hp_per_floor":[80,80,80,80,80,80,80,80,80,80,80,80,80,80,80,80,80,80,80,80,80,80,80,85,85,85,85,85,85,85,85,85,85,85,85,85,85,85,85,85,85,85,85,85,85,85,85,85,85,85],"card_choices":[{"not_picked":["Corruption+1","Thunderclap"],"picked":"Fire Breathing+1","floor":27},{"not_picked":["Feed","Juggernaut"],"picked":"Offering+1","floor":33},{"not_picked":["Clash+1","Ghostly Armor+1"],"picked":"Wild Strike+1","floor":41},{"not_picked":["Havoc+1","Armaments+1"],"picked":"Cleave+1","floor":45}],"player_experience":184735,"relics_obtained":[{"floor":1,"key":"Pen Nib"},{"floor":2,"key":"Centennial Puzzle"},{"floor":3,"key":"Mummified Hand"},{"floor":4,"key":"Champion Belt"},{"floor":5,"key":"Mercury Hourglass"},{"floor":8,"key":"Blue Candle"},{"floor":9,"key":"Regal Pillow"},{"floor":10,"key":"Letter Opener"},{"floor":12,"key":"Kunai"},{"floor":13,"key":"Bottled Flame"},{"floor":14,"key":"Gambling Chip"},{"floor":18,"key":"Pocketwatch"},{"floor":19,"key":"Sundial"},{"floor":21,"key":"Lantern"},{"floor":25,"key":"Omamori"},{"floor":26,"key":"Potion Belt"},{"floor":27,"key":"Orichalcum"},{"floor":30,"key":"Toxic Egg 2"},{"floor":35,"key":"Meat on the Bone"},{"floor":36,"key":"Molten Egg 2"},{"floor":37,"key":"Bronze Scales"},{"floor":38,"key":"Bottled Lightning"},{"floor":41,"key":"Charon\u0027s Ashes"},{"floor":42,"key":"Whetstone"},{"floor":43,"key":"Singing Bowl"},{"floor":44,"key":"Juzu Bracelet"},{"floor":45,"key":"FossilizedHelix"},{"floor":46,"key":"Anchor"},{"floor":48,"key":"Paper Frog"}],"event_choices":[{"damage_healed":0,"gold_gain":0,"player_choice":"Grow","damage_taken":0,"max_hp_gain":0,"max_hp_loss":0,"event_name":"Living Wall","floor":7,"gold_loss":0,"cards_upgraded":["Perfected Strike"]},{"damage_healed":0,"gold_gain":0,"player_choice":"Shed Blood","damage_taken":20,"max_hp_gain":5,"max_hp_loss":0,"event_name":"Forgotten Altar","floor":24,"gold_loss":0},{"damage_healed":0,"gold_gain":0,"player_choice":"Rummage","damage_taken":0,"relics_obtained":["WarpedTongs"],"max_hp_gain":0,"max_hp_loss":0,"event_name":"Accursed Blacksmith","floor":28,"gold_loss":0,"cards_obtained":["Pain"]},{"damage_healed":0,"gold_gain":0,"player_choice":"Fight","damage_taken":0,"max_hp_gain":0,"max_hp_loss":0,"event_name":"Mysterious Sphere","floor":45,"gold_loss":0},{"damage_healed":0,"gold_gain":0,"player_choice":"Paid","damage_taken":0,"relics_obtained":["Red Mask"],"max_hp_gain":0,"max_hp_loss":0,"event_name":"Tomb of Lord Red Mask","floor":47,"gold_loss":139}],"is_beta":false,"boss_relics":[{"not_picked":["Runic Dome","Philosopher\u0027s Stone"],"picked":"White Beast Statue"},{"not_picked":["Velvet Choker","Empty Cage"],"picked":"Runic Pyramid"}],"items_purged_floors":[],"is_endless":false,"potions_floor_spawned":[2,4,10,13,14,18,19,21,25,27,30,33,35,36,37,38,41,42,44,45,46,48],"ascension_level":0}