{"gold_per_floor":[144,189,234,234,279,369,414,459,459,459,504,504,36,36,36,361,361,410,335,384,384,433,531,531,629,629,678,727,776,874,44,44,369,369,418,418,467,800,800,890,935,935,1010,1055,1100,1100,1166,1166,1166,1166],"floor_reached":51,"playtime":2718,"items_purged":[],"score":1141,"play_id":"f3b5f9f5-1964-494f-a599-7d0730eb16ad","local_time":"20190512204829","daily_mods":["SealedDeck","Hoarder","Midas"],"is_ascension_mode":false,"campfire_choices":[{"floor":10,"key":"REST"},{"floor":15,"key":"REST"},{"floor":24,"key":"REST"},{"floor":32,"key":"REST"},{"floor":49,"key":"REST"}],"neow_cost":"","seed_source_timestamp":0,"circlet_count":0,"master_deck":["Hologram","Hologram","Hologram","FTL","FTL","FTL+1","FTL","FTL","Self Repair","Self Repair","Self Repair","Static Discharge","Static Discharge","Static Discharge","Turbo+1","Turbo","Turbo","Turbo","Turbo","Turbo","Ball Lightning+1","Ball Lightning+1","Ball Lightning","Ball Lightning","Ball Lightning","Sweeping Beam","Sweeping Beam","Sweeping Beam","Static Discharge","Static Discharge","Static Discharge","White Noise+1","White Noise","White Noise","Gash","Gash","Gash","Storm","Storm","Storm","Reboot","Reboot","Reboot+1","Apotheosis","Apotheosis","Apotheosis","Biased Cognition","Biased Cognition","Biased Cognition","Defragment","Defragment","Defragment","Aggregate+1","Aggregate+1","Aggregate+1","Ball Lightning+1","Ball Lightning+1","Ball Lightning+1","Seek","Seek","Seek","Force Field+1","Force Field+1","Force Field+1","Rainbow","Rainbow","Rainbow","Barrage+1","Barrage+1","Barrage+1","Beam Cell+1","Beam Cell+1","Chaos+1","Chaos+1","Chaos+1","Mayhem+1","Mayhem+1","Mayhem+1","Capacitor+1","Capacitor+1","Capacitor+1","Storm+1","Storm+1","Storm+1","Darkness+1","Darkness+1","Darkness+1","White Noise+1","White Noise+1","White Noise+1"],"special_seed":18029,"relics":["Cracked Core","Pear","Kunai","Dead Branch","Runic Dome","Gambling Chip","Dream Catcher","The Courier","FossilizedHelix","Membership Card","DataDisk","Tiny Chest","Strawberry","Matryoshka","Bag of Preparation","War Paint","Happy Flower","Juzu Bracelet","Pen Nib","Mango","Astrolabe","Frozen Egg 2","Boot","Omamori","Whetstone","Question Card","Emotion Chip"],"potions_floor_usage":[8,18,18,20,23,29,29,35,41,41],"damage_taken":[{"damage":0,"enemies":"2 Louse","floor":1,"turns":1},{"damage":0,"enemies":"Small Slimes","floor":2,"turns":2},{"damage":25,"enemies":"Jaw Worm","floor":3,"turns":3},{"damage":0,"enemies":"Exordium Wildlife","floor":5,"turns":2},{"damage":15,"enemies":"3 Sentries","floor":6,"turns":2},{"damage":18,"enemies":"Red Slaver","floor":7,"turns":2},{"damage":0,"enemies":"Large Slime","floor":8,"turns":2},{"damage":6,"enemies":"3 Louse","floor":11,"turns":2},{"damage":29,"enemies":"The Guardian","floor":16,"turns":4},{"damage":2,"enemies":"Spheric Guardian","floor":18,"turns":3},{"damage":40,"enemies":"2 Thieves","floor":20,"turns":3},{"damage":19,"enemies":"Centurion and Healer","floor":22,"turns":5},{"damage":9,"enemies":"Gremlin Leader","floor":23,"turns":3},{"damage":24,"enemies":"Book of Stabbing","floor":25,"turns":2},{"damage":3,"enemies":"Cultist and Chosen","floor":27,"turns":2},{"damage":0,"enemies":"Snake Plant","floor":28,"turns":1},{"damage":23,"enemies":"Centurion and Healer","floor":29,"turns":3},{"damage":22,"enemies":"Gremlin Leader","floor":30,"turns":3},{"damage":0,"enemies":"Champ","floor":33,"turns":4},{"damage":0,"enemies":"Orb Walker","floor":35,"turns":2},{"damage":0,"enemies":"3 Darklings","floor":37,"turns":2},{"damage":0,"enemies":"Giant Head","floor":40,"turns":5},{"damage":0,"enemies":"Maw","floor":41,"turns":4},{"damage":0,"enemies":"Writhing Mass","floor":44,"turns":3},{"damage":16,"enemies":"4 Shapes","floor":45,"turns":2},{"damage":11,"enemies":"2 Orb Walkers","floor":47,"turns":3},{"damage":42,"enemies":"Time Eater","floor":50,"turns":4}],"seed_played":"7421306700894987377","potions_obtained":[{"floor":5,"key":"SpeedPotion"},{"floor":7,"key":"FocusPotion"},{"floor":11,"key":"Dexterity Potion"},{"floor":16,"key":"Strength Potion"},{"floor":18,"key":"FocusPotion"},{"floor":20,"key":"Weak Potion"},{"floor":25,"key":"Regen Potion"},{"floor":28,"key":"Fire Potion"},{"floor":33,"key":"Block Potion"},{"floor":37,"key":"Weak Potion"},{"floor":40,"key":"SkillPotion"},{"floor":41,"key":"Fire Potion"}],"is_trial":false,"path_per_floor":["M","M","M","?","M","E","M","M","T","R","M","?","$","?","R","B",null,"M","?","M","?","M","E","R","E","T","M","M","M","E","$","R","B",null,"M","T","M","?","?","E","M","?","T","M","M","?","?","?","R","B",null],"character_chosen":"DEFECT","items_purchased":["Dead Branch","Apotheosis","Membership Card","DataDisk","Tiny Chest","Strawberry","Matryoshka","Bag of Preparation","War Paint","Happy Flower","Juzu Bracelet","Pen Nib","Mango"],"campfire_rested":5,"item_purchase_floors":[13,13,31,31,31,31,31,31,31,31,31,31,31],"current_hp_per_floor":[75,75,64,49,49,44,33,40,40,65,59,59,59,59,79,60,79,77,77,44,70,58,56,79,55,55,62,62,54,39,60,90,100,100,100,100,100,100,100,100,100,100,100,100,84,84,73,73,100,65],"gold":1166,"neow_bonus":"","is_prod":false,"is_daily":true,"chose_seed":false,"campfire_upgraded":0,"win_rate":0.0,"timestamp":1557708509,"path_taken":["M","M","M","?","M","E","M","M","T","R","M","?","$","?","R","BOSS","M","?","M","?","M","E","R","E","T","M","M","M","E","?","R","BOSS","M","?","M","?","?","E","M","?","T","M","M","?","?","?","R","BOSS"],"build_version":"2019-01-23","purchased_purges":0,"victory":true,"max_hp_per_floor":[75,75,75,75,75,85,85,85,85,85,85,79,79,79,79,79,79,79,79,79,79,79,79,79,79,79,79,79,79,79,100,100,100,100,100,100,100,100,100,100,100,100,100,100,100,100,100,100,100,100],"card_choices":[{"not_picked":["Cold Snap","Steam"],"picked":"Sweeping Beam","floor":1},{"not_picked":["Compile Driver","Hello World"],"picked":"Static Discharge","floor":2},{"not_picked":["BootSequence","Darkness"],"picked":"White Noise","floor":3},{"not_picked":["Consume","Beam Cell"],"picked":"Gash","floor":5},{"not_picked":["Gash","Lockon"],"picked":"Storm","floor":6},{"not_picked":["Fusion","Redo"],"picked":"Reboot","floor":7},{"not_picked":["Double Energy","Stack","Leap"],"picked":"SKIP","floor":8},{"not_picked":["Double Energy","Conserve Battery","Beam Cell"],"picked":"SKIP","floor":11},{"not_picked":["Meteor Strike","Creative AI"],"picked":"Biased Cognition","floor":16},{"not_picked":["Conserve Battery","Hello World"],"picked":"Defragment","floor":18},{"not_picked":["Hologram","Beam Cell"],"picked":"Aggregate+1","floor":20},{"not_picked":["Lockon","Reprogram","Barrage"],"picked":"SKIP","floor":22},{"not_picked":["Steam","Streamline+1","Beam Cell"],"picked":"SKIP","floor":23},{"not_picked":["Chaos+1","Hello World","Lockon+1"],"picked":"SKIP","floor":25},{"not_picked":["BootSequence+1","Beam Cell"],"picked":"Ball Lightning+1","floor":27},{"not_picked":["Beam Cell+1","Coolheaded","Hologram"],"picked":"SKIP","floor":28},{"not_picked":["Steam+1","Stack+1"],"picked":"Seek","floor":29},{"not_picked":["Cold Snap","Hologram"],"picked":"Force Field+1","floor":30},{"not_picked":["Fission","Hyperbeam"],"picked":"Rainbow","floor":33},{"not_picked":["Leap+1","BootSequence+1","Aggregate+1"],"picked":"SKIP","floor":35},{"not_picked":["Double Energy","Rebound","Hologram+1"],"picked":"SKIP","floor":37},{"not_picked":["Flash of Steel","Master of Strategy"],"picked":"Mayhem+1","floor":39},{"not_picked":["Echo Form+1","Tempest+1"],"picked":"Capacitor+1","floor":40},{"not_picked":["Fusion+1","Reprogram+1","Hologram+1"],"picked":"SKIP","floor":41},{"not_picked":["Static Discharge+1","Steam Power","Lockon+1","Hologram"],"picked":"SKIP","floor":44},{"not_picked":["Conserve Battery+1","Leap+1","Gash+1"],"picked":"Darkness+1","floor":45},{"not_picked":["Static Discharge+1","Consume","Gash+1"],"picked":"White Noise+1","floor":47}],"player_experience":133572,"relics_obtained":[{"floor":6,"key":"Pear"},{"floor":9,"key":"Kunai"},{"floor":23,"key":"Gambling Chip"},{"floor":25,"key":"Dream Catcher"},{"floor":26,"key":"The Courier"},{"floor":30,"key":"FossilizedHelix"},{"floor":36,"key":"Frozen Egg 2"},{"floor":36,"key":"Boot"},{"floor":40,"key":"Omamori"},{"floor":43,"key":"Whetstone"},{"floor":43,"key":"Question Card"},{"floor":47,"key":"Emotion Chip"}],"event_choices":[{"damage_healed":0,"gold_gain":0,"player_choice":"Entered Light","damage_taken":15,"max_hp_gain":0,"max_hp_loss":0,"event_name":"Shining Light","floor":4,"gold_loss":0,"cards_upgraded":["White Noise","FTL"]},{"damage_healed":0,"gold_gain":0,"player_choice":"Lose Max HP","damage_taken":0,"relics_obtained":["Golden Idol"],"max_hp_gain":0,"max_hp_loss":6,"event_name":"Golden Idol","floor":12,"gold_loss":0},{"damage_healed":0,"gold_gain":0,"player_choice":"Ignored","damage_taken":0,"max_hp_gain":0,"max_hp_loss":0,"event_name":"Liars Game","floor":14,"gold_loss":0},{"cards_removed":["Hello World"],"damage_healed":0,"gold_gain":0,"player_choice":"Gave Gold","damage_taken":0,"max_hp_gain":0,"max_hp_loss":0,"event_name":"Beggar","floor":19,"gold_loss":75},{"damage_healed":26,"gold_gain":0,"player_choice":"Heal","damage_taken":0,"max_hp_gain":0,"max_hp_loss":0,"event_name":"The Library","floor":21,"gold_loss":0},{"damage_healed":0,"gold_gain":333,"player_choice":"Gave Idol","damage_taken":0,"max_hp_gain":0,"max_hp_loss":0,"event_name":"The Moai Head","floor":38,"relics_lost":["Golden Idol"],"gold_loss":0},{"damage_healed":0,"gold_gain":0,"player_choice":"Memory 1","damage_taken":0,"max_hp_gain":0,"max_hp_loss":0,"event_name":"SensoryStone","floor":39,"gold_loss":0},{"damage_healed":0,"gold_gain":0,"player_choice":"Copied","damage_taken":0,"max_hp_gain":0,"max_hp_loss":0,"event_name":"Duplicator","floor":42,"gold_loss":0,"cards_obtained":["Storm"]},{"cards_removed":["FTL"],"damage_healed":0,"gold_gain":0,"player_choice":"Purged","damage_taken":0,"max_hp_gain":0,"max_hp_loss":0,"event_name":"Purifier","floor":46,"gold_loss":0},{"damage_healed":0,"gold_gain":0,"player_choice":"Fight","damage_taken":0,"max_hp_gain":0,"max_hp_loss":0,"event_name":"Mysterious Sphere","floor":47,"gold_loss":0},{"cards_removed":["Beam Cell"],"damage_healed":0,"gold_gain":0,"player_choice":"Removed Attack","damage_taken":0,"max_hp_gain":0,"max_hp_loss":0,"event_name":"Falling","floor":48,"gold_loss":0}],"is_beta":false,"boss_relics":[{"not_picked":["Coffee Dripper","Velvet Choker"],"picked":"Runic Dome"},{"not_picked":["White Beast Statue","FrozenCore"],"picked":"Astrolabe"}],"items_purged_floors":[],"is_endless":false,"potions_floor_spawned":[5,7,11,16,18,20,25,28,33,37,40,41],"ascension_level":0}