{"gold_per_floor":[116,130,146,161,9,9,34,34,61,236,253,253,28,28,28,28],"floor_reached":16,"playtime":1642,"items_purged":["Strike_G","Strike_G"],"score":100,"play_id":"094a27ed-79b5-4c76-b013-972130be4caa","local_time":"20190708031456","is_ascension_mode":false,"campfire_choices":[{"floor":6,"key":"REST"},{"floor":8,"key":"REST"},{"floor":15,"key":"REST"}],"neow_cost":"PERCENT_DAMAGE","seed_source_timestamp":9657805592900,"circlet_count":0,"master_deck":["Strike_G","Strike_G","Defend_G","Defend_G","Defend_G","Defend_G","Defend_G","Survivor","Neutralize","Tools of the Trade","Outmaneuver","Prepared","Flying Knee","Catalyst","Deadly Poison","Dagger Spray","Deflect","Infinite Blades","Well Laid Plans","Poisoned Stab"],"relics":["Ring of the Snake","Happy Flower","Omamori","Golden Idol"],"potions_floor_usage":[4,7],"damage_taken":[{"damage":2,"enemies":"2 Louse","floor":1,"turns":4},{"damage":2,"enemies":"Jaw Worm","floor":2,"turns":6},{"damage":1,"enemies":"Cultist","floor":3,"turns":5},{"damage":19,"enemies":"Exordium Thugs","floor":4,"turns":6},{"damage":42,"enemies":"Lagavulin","floor":7,"turns":7},{"damage":5,"enemies":"2 Fungi Beasts","floor":11,"turns":4},{"damage":36,"enemies":"Slime Boss","floor":16,"turns":5}],"seed_played":"8067118820400677833","potions_obtained":[{"floor":3,"key":"Poison Potion"},{"floor":4,"key":"Swift Potion"}],"is_trial":false,"path_per_floor":["M","M","M","M","$","R","E","R","T","?","M","?","$","?","R","B"],"character_chosen":"THE_SILENT","items_purchased":["Deadly Poison","Dagger Spray","Well Laid Plans","Poisoned Stab"],"campfire_rested":3,"item_purchase_floors":[5,5,13,13],"current_hp_per_floor":[47,45,44,25,25,46,4,25,25,25,20,13,13,13,34,0],"gold":28,"neow_bonus":"THREE_RARE_CARDS","is_prod":false,"is_daily":false,"chose_seed":false,"campfire_upgraded":0,"win_rate":1,"timestamp":1562548496,"path_taken":["M","M","M","M","$","R","E","R","T","?","M","?","$","?","R","BOSS"],"build_version":"2019-07-05","purchased_purges":2,"victory":false,"max_hp_per_floor":[70,70,70,70,70,70,70,70,70,70,70,70,70,70,70,70],"card_choices":[{"not_picked":["Glass Knife","Phantasmal Killer"],"picked":"Tools of the Trade","floor":0},{"not_picked":["Flechettes","Leg Sweep"],"picked":"Outmaneuver","floor":1},{"not_picked":["Reflex","PiercingWail"],"picked":"Prepared","floor":2},{"not_picked":["Deflect","Heel Hook"],"picked":"Flying Knee","floor":3},{"not_picked":["Sucker Punch","Slice"],"picked":"Catalyst","floor":4},{"not_picked":["Die Die Die","Dodge and Roll"],"picked":"Deflect","floor":7},{"not_picked":["Sucker Punch","Quick Slash"],"picked":"Infinite Blades","floor":11}],"player_experience":62796,"relics_obtained":[{"floor":7,"key":"Happy Flower"},{"floor":9,"key":"Omamori"}],"event_choices":[{"damage_healed":0,"gold_gain":175,"player_choice":"AGREE","damage_taken":0,"max_hp_gain":0,"max_hp_loss":0,"event_name":"Liars Game","floor":10,"gold_loss":0,"cards_obtained":["Doubt"]},{"cards_removed":["Strike_G"],"damage_healed":0,"gold_gain":0,"player_choice":"Card Removal","damage_taken":7,"max_hp_gain":0,"max_hp_loss":0,"event_name":"Golden Wing","floor":12,"gold_loss":0},{"damage_healed":0,"gold_gain":0,"player_choice":"Take Wound","damage_taken":0,"relics_obtained":["Golden Idol"],"max_hp_gain":0,"max_hp_loss":0,"event_name":"Golden Idol","floor":14,"gold_loss":0,"cards_obtained":["Injury"]}],"is_beta":false,"boss_relics":[],"items_purged_floors":[5,13],"is_endless":false,"potions_floor_spawned":[3,4],"killed_by":"Slime Boss","ascension_level":0}