{"gold_per_floor":[109,125,138,154,168,168,194,194,194,18,349,399,414,414,414,414],"floor_reached":16,"playtime":658,"items_purged":["Strike_G"],"score":218,"play_id":"c28b03f3-cbf1-4231-a5ba-36c4a2eedbfc","local_time":"20190623124049","is_ascension_mode":true,"campfire_choices":[{"data":"Dagger Spray","floor":6,"key":"SMITH"},{"data":"Blade Dance","floor":8,"key":"SMITH"},{"data":"Caltrops","floor":15,"key":"SMITH"}],"neow_cost":"NONE","seed_source_timestamp":917610429952962,"circlet_count":0,"master_deck":["AscendersBane","Defend_G","Defend_G","Defend_G","Defend_G","Defend_G","Strike_G","Strike_G","Strike_G","Strike_G","Survivor","Neutralize","Dagger Throw","Dagger Spray+1","Masterful Stab","Blade Dance+1","PiercingWail","Cloak And Dagger","Crippling Poison","Bullet Time","Caltrops+1"],"relics":["Ring of the Snake","NeowsBlessing","Bottled Lightning","Mercury Hourglass","Old Coin"],"potions_floor_usage":[7],"damage_taken":[{"damage":0,"enemies":"Cultist","floor":1,"turns":1},{"damage":0,"enemies":"Small Slimes","floor":2,"turns":1},{"damage":0,"enemies":"2 Louse","floor":3,"turns":1},{"damage":1,"enemies":"Blue Slaver","floor":4,"turns":5},{"damage":25,"enemies":"Large Slime","floor":5,"turns":9},{"damage":8,"enemies":"Gremlin Nob","floor":7,"turns":3},{"damage":14,"enemies":"3 Sentries","floor":11,"turns":4},{"damage":3,"enemies":"Exordium Wildlife","floor":13,"turns":4},{"damage":33,"enemies":"The Guardian","floor":16,"turns":13}],"seed_played":"-8332864673119311119","potions_obtained":[{"floor":1,"key":"Ancient Potion"},{"floor":3,"key":"FearPotion"}],"is_trial":false,"path_per_floor":["M","M","M","M","M","R","E","R","T","$","E","?","M","?","R","B"],"character_chosen":"THE_SILENT","items_purchased":["Cloak And Dagger","Crippling Poison"],"campfire_rested":0,"item_purchase_floors":[10,10],"current_hp_per_floor":[59,59,59,58,33,33,25,25,25,25,11,11,8,30,30,0],"gold":414,"neow_bonus":"THREE_ENEMY_KILL","is_prod":false,"is_daily":false,"chose_seed":false,"campfire_upgraded":3,"win_rate":0,"timestamp":1561286449,"path_taken":["M","?","?","M","M","R","E","R","T","$","E","?","M","?","R","BOSS"],"build_version":"2019-01-23","purchased_purges":1,"victory":false,"max_hp_per_floor":[66,66,66,66,66,66,66,66,66,66,66,66,66,66,66,66],"card_choices":[{"not_picked":["Accuracy","Slice"],"picked":"Dagger Throw","floor":1},{"not_picked":["Flechettes","Acrobatics","Deflect"],"picked":"SKIP","floor":2},{"not_picked":["Cloak And Dagger","Acrobatics"],"picked":"Dagger Spray","floor":3},{"not_picked":["Flying Knee","Leg Sweep"],"picked":"Masterful Stab","floor":4},{"not_picked":["Deadly Poison","Slice"],"picked":"Blade Dance","floor":5},{"not_picked":["Heel Hook","Flying Knee"],"picked":"PiercingWail","floor":7},{"not_picked":["Deadly Poison","Flying Knee"],"picked":"Bullet Time","floor":11},{"not_picked":["Poisoned Stab","Acrobatics"],"picked":"Caltrops","floor":13}],"player_experience":603738,"relics_obtained":[{"floor":7,"key":"Bottled Lightning"},{"floor":9,"key":"Mercury Hourglass"},{"floor":11,"key":"Old Coin"}],"event_choices":[{"damage_healed":0,"gold_gain":50,"player_choice":"Gained Gold","damage_taken":0,"max_hp_gain":0,"max_hp_loss":0,"event_name":"Golden Wing","floor":12,"gold_loss":0},{"damage_healed":22,"gold_gain":0,"player_choice":"Banana","damage_taken":0,"max_hp_gain":0,"max_hp_loss":0,"event_name":"Big Fish","floor":14,"gold_loss":0}],"is_beta":false,"boss_relics":[],"items_purged_floors":[10],"is_endless":false,"potions_floor_spawned":[1,3,4],"killed_by":"The Guardian","ascension_level":19}