{"gold_per_floor":[114,114,132,152,168,202,202,202,202,221,238,238,254,23,23,124,124,141,416,221,236,256,256,289,289,289,318,418,333,347,381,381,477,477,492,511,611,611,662,662,696,716,764,764,790,432,654,673,673,673,673,673,64,98,98],"floor_reached":56,"playtime":8875,"items_purged":["Defend_B","Regret","Injury","Defend_B"],"score":1499,"play_id":"5b8b643f-fa3c-4130-ba2b-098217815ee5","local_time":"20190623004407","is_ascension_mode":true,"campfire_choices":[{"floor":8.0,"key":"REST"},{"data":"Zap","floor":12.0,"key":"SMITH"},{"data":"Loop","floor":15.0,"key":"SMITH"},{"floor":23.0,"key":"REST"},{"data":"Consume","floor":25.0,"key":"SMITH"},{"floor":32.0,"key":"REST"},{"floor":40.0,"key":"REST"},{"floor":44.0,"key":"RECALL"},{"floor":49.0,"key":"REST"},{"data":"Creative AI","floor":52.0,"key":"SMITH"}],"neow_cost":"NONE","seed_source_timestamp":87209540878402,"circlet_count":0,"master_deck":["Strike_B+1","Defend_B","Zap+1","Dualcast","Loop+1","Consume+1","Coolheaded","Echo Form","BootSequence","Conserve Battery","Amplify","Rainbow+1","Genetic Algorithm+1","Turbo+1","Coolheaded+1","Capacitor","Cold Snap","Hologram","Cold Snap+1","Machine Learning","Chill+1","Creative AI+1","White Noise","Conserve Battery+1","Good Instincts","Defragment+1","Reboot","Chill+1","Tempest","Panache","Cold Snap","Ball Lightning+1"],"special_seed":0,"relics":["Cracked Core","Happy Flower","Dead Branch","Kunai","PreservedInsect","Astrolabe","Bag of Marbles","Mummified Hand","Turnip","Nunchaku","Boot","Red Mask","Cursed Key","Pocketwatch","Thread and Needle","Whetstone","Potion Belt","Medical Kit","Ice Cream"],"potions_floor_usage":[55,55,55,55],"damage_taken":[{"damage":4.0,"enemies":"Jaw Worm","floor":1.0,"turns":4.0},{"damage":1.0,"enemies":"Cultist","floor":3.0,"turns":4.0},{"damage":7.0,"enemies":"2 Louse","floor":4.0,"turns":2.0},{"damage":15.0,"enemies":"2 Fungi Beasts","floor":5.0,"turns":3.0},{"damage":24.0,"enemies":"3 Sentries","floor":6.0,"turns":9.0},{"damage":12.0,"enemies":"Looter","floor":10.0,"turns":4.0},{"damage":0.0,"enemies":"3 Louse","floor":11.0,"turns":2.0},{"damage":1.0,"enemies":"Exordium Wildlife","floor":13.0,"turns":3.0},{"damage":3.0,"enemies":"Slime Boss","floor":16.0,"turns":8.0},{"damage":12.0,"enemies":"2 Thieves","floor":18.0,"turns":4.0},{"damage":23.0,"enemies":"3 Byrds","floor":21.0,"turns":3.0},{"damage":5.0,"enemies":"Sentry and Sphere","floor":22.0,"turns":6.0},{"damage":11.0,"enemies":"Gremlin Leader","floor":24.0,"turns":10.0},{"damage":1.0,"enemies":"Book of Stabbing","floor":27.0,"turns":5.0},{"damage":0.0,"enemies":"Colosseum Slavers","floor":28.0,"turns":2.0},{"damage":13.0,"enemies":"Colosseum Nobs","floor":28.0,"turns":4.0},{"damage":0.0,"enemies":"Snake Plant","floor":30.0,"turns":3.0},{"damage":0.0,"enemies":"Masked Bandits","floor":31.0,"turns":5.0},{"damage":41.0,"enemies":"Automaton","floor":33.0,"turns":7.0},{"damage":13.0,"enemies":"3 Darklings","floor":35.0,"turns":7.0},{"damage":0.0,"enemies":"Orb Walker","floor":36.0,"turns":5.0},{"damage":18.0,"enemies":"Mind Bloom Boss Battle","floor":37.0,"turns":6.0},{"damage":13.0,"enemies":"2 Orb Walkers","floor":39.0,"turns":6.0},{"damage":0.0,"enemies":"Nemesis","floor":41.0,"turns":7.0},{"damage":0.0,"enemies":"4 Shapes","floor":42.0,"turns":5.0},{"damage":0.0,"enemies":"Giant Head","floor":45.0,"turns":6.0},{"damage":11.0,"enemies":"3 Darklings","floor":48.0,"turns":4.0},{"damage":23.0,"enemies":"Awakened One","floor":50.0,"turns":12.0},{"damage":32,"enemies":"Shield and Spear","floor":54,"turns":6},{"damage":7,"enemies":"The Heart","floor":55,"turns":6}],"seed_played":"-3834252748048587230","potions_obtained":[{"floor":3.0,"key":"SteroidPotion"},{"floor":5.0,"key":"FocusPotion"},{"floor":13.0,"key":"SpeedPotion"},{"floor":16.0,"key":"FearPotion"},{"floor":18.0,"key":"LiquidBronze"},{"floor":27.0,"key":"EssenceOfSteel"},{"floor":28.0,"key":"Strength Potion"},{"floor":31.0,"key":"Poison Potion"},{"floor":36.0,"key":"Poison Potion"},{"floor":41.0,"key":"Dexterity Potion"},{"floor":54,"key":"SteroidPotion"}],"is_trial":false,"path_per_floor":["?","M","?","?","M","?","?","?","?","?","?","?","M"],"character_chosen":"DEFECT","items_purchased":["PreservedInsect","Capacitor","Cold Snap","PowerPotion","Reboot","Swift Potion","Tempest","Panache","Medical Kit","Cold Snap"],"campfire_rested":5,"item_purchase_floors":[14,20,20,46,46,46,53,53,53,53],"current_hp_per_floor":[71,75,74,67,52,28,28,50,50,38,38,38,37,37,37,34,75,63,63,63,40,35,57,46,46,46,45,32,32,32,32,54,13,75,62,62,44,44,31,53,53,53,53,53,53,53,53,42,64,41,75,75,75,43,36],"gold":98,"neow_bonus":"REMOVE_CARD","is_prod":false,"is_daily":false,"chose_seed":false,"campfire_upgraded":4,"win_rate":0,"timestamp":1561239847,"path_taken":["M","?","M","M","?","E","?","R","T","M","M","R","M","$","R","BOSS","M","?","$","M","?","R","E","R","T","E","?","?","M","?","R","BOSS","M","M","?","?","?","R","E","M","T","R","E","$","?","?","R","BOSS","R","$","E","BOSS"],"build_version":"2019-01-23","purchased_purges":4,"victory":true,"max_hp_per_floor":[75,75,75,75,75,75,75,75,75,75,75,75,75,75,75,75,75,75,75,75,75,75,75,75,75,75,75,75,75,75,75,75,75,75,75,75,75,75,75,75,75,75,75,75,75,75,75,75,75,75,75,75,75,75,75],"card_choices":[{"not_picked":["Force Field","Steam"],"picked":"Gash","floor":1.0},{"not_picked":["Steam","Barrage"],"picked":"Loop","floor":3.0},{"not_picked":["Reinforced Body","Rebound"],"picked":"Consume","floor":4.0},{"not_picked":["Sweeping Beam","Compile Driver"],"picked":"Coolheaded","floor":5.0},{"not_picked":["Redo","Chaos"],"picked":"Echo Form","floor":6.0},{"not_picked":["Hologram","Stack"],"picked":"BootSequence","floor":10.0},{"not_picked":["Gash","Sweeping Beam","Leap"],"picked":"SKIP","floor":11.0},{"not_picked":["Reinforced Body","Gash"],"picked":"Conserve Battery","floor":13.0},{"not_picked":["Reboot","Meteor Strike"],"picked":"Amplify","floor":16.0},{"not_picked":["Hologram","Doom and Gloom+1"],"picked":"Coolheaded+1","floor":18.0},{"not_picked":["Glacier","Steam Power"],"picked":"Hologram","floor":21.0},{"not_picked":["Reinforced Body","Stack","Beam Cell+1"],"picked":"SKIP","floor":22.0},{"not_picked":["Sweeping Beam","Beam Cell"],"picked":"Cold Snap","floor":24.0},{"not_picked":["Cold Snap","Sweeping Beam"],"picked":"Machine Learning","floor":27.0},{"not_picked":["BootSequence","Barrage"],"picked":"Chill+1","floor":28.0},{"not_picked":["Rebound","Force Field","Genetic Algorithm+1"],"picked":"SKIP","floor":30.0},{"not_picked":["Seek","Meteor Strike"],"picked":"Creative AI","floor":33.0},{"not_picked":["Hologram","Leap"],"picked":"White Noise","floor":35.0},{"not_picked":["Chill","Rebound+1"],"picked":"Conserve Battery+1","floor":36.0},{"not_picked":["Impatience","Forethought"],"picked":"Good Instincts","floor":38.0},{"not_picked":["Turbo","Barrage"],"picked":"Defragment+1","floor":39.0},{"not_picked":["Streamline+1","Redo+1","Auto Shields"],"picked":"SKIP","floor":41.0},{"not_picked":["Conserve Battery","Beam Cell+1","Coolheaded"],"picked":"SKIP","floor":42.0},{"not_picked":["Consume","Cold Snap+1","Blizzard"],"picked":"SKIP","floor":45.0},{"not_picked":["Redo+1","Gash"],"picked":"Chill+1","floor":48.0},{"not_picked":["Leap","FTL+1"],"picked":"Ball Lightning+1","floor":54}],"player_experience":193828,"relics_obtained":[{"floor":6.0,"key":"Happy Flower"},{"floor":9.0,"key":"Kunai"},{"floor":24.0,"key":"Bag of Marbles"},{"floor":26.0,"key":"Mummified Hand"},{"floor":27.0,"key":"Turnip"},{"floor":28.0,"key":"Nunchaku"},{"floor":31.0,"key":"Red Mask"},{"floor":37.0,"key":"Pocketwatch"},{"floor":39.0,"key":"Thread and Needle"},{"floor":41.0,"key":"Whetstone"},{"floor":45.0,"key":"Potion Belt"},{"floor":54,"key":"Ice Cream"}],"event_choices":[{"cards_removed":["Gash"],"damage_healed":5.0,"max_hp_gain":0.0,"max_hp_loss":0.0,"gold_gain":0.0,"event_name":"Bonfire Elementals","player_choice":"Offered Common","floor":2.0,"gold_loss":0.0,"damage_taken":0.0},{"cards_removed":["Gash"],"damage_healed":5.0,"max_hp_gain":0.0,"max_hp_loss":0.0,"gold_gain":0.0,"event_name":"Bonfire Elementals","player_choice":"Offered Special","floor":2.0,"gold_loss":0.0,"damage_taken":0.0},{"damage_healed":0.0,"max_hp_gain":0.0,"max_hp_loss":0.0,"gold_gain":0.0,"event_name":"WeMeetAgain","player_choice":"Gave Potion","floor":7.0,"gold_loss":0.0,"damage_taken":0.0,"relics_obtained":["Dead Branch"]},{"damage_healed":0.0,"max_hp_gain":0.0,"max_hp_loss":0.0,"gold_gain":275.0,"event_name":"Golden Shrine","player_choice":"Desecrate","floor":19.0,"gold_loss":0.0,"damage_taken":0.0,"cards_obtained":["Regret"]},{"damage_healed":0.0,"max_hp_gain":0.0,"max_hp_loss":0.0,"gold_gain":0.0,"event_name":"Colosseum","player_choice":"Fight","floor":28.0,"gold_loss":0.0,"damage_taken":0.0},{"damage_healed":0.0,"max_hp_gain":0.0,"max_hp_loss":0.0,"gold_gain":0.0,"event_name":"Colosseum","player_choice":"Fought Nobs","floor":28.0,"gold_loss":0.0,"damage_taken":0.0},{"damage_healed":0.0,"max_hp_gain":0.0,"max_hp_loss":0.0,"gold_gain":0.0,"event_name":"Addict","player_choice":"Obtained Relic","floor":29.0,"gold_loss":85.0,"damage_taken":0.0,"relics_obtained":["Boot"]},{"damage_healed":0.0,"max_hp_gain":0.0,"max_hp_loss":0.0,"gold_gain":0.0,"event_name":"Masked Bandits","player_choice":"Fought Bandits","floor":31.0,"gold_loss":0.0,"damage_taken":0.0},{"damage_healed":0.0,"max_hp_gain":0.0,"max_hp_loss":0.0,"gold_gain":0.0,"event_name":"MindBloom","player_choice":"Fight","floor":37.0,"gold_loss":0.0,"damage_taken":0.0},{"damage_healed":0.0,"max_hp_gain":0.0,"max_hp_loss":0.0,"gold_gain":0.0,"event_name":"SensoryStone","player_choice":"Memory 1","floor":38.0,"gold_loss":0.0,"damage_taken":0.0},{"damage_healed":0.0,"max_hp_gain":0.0,"max_hp_loss":0.0,"gold_gain":0.0,"event_name":"Mysterious Sphere","player_choice":"Fight","floor":39.0,"gold_loss":0.0,"damage_taken":0.0},{"damage_healed":0.0,"max_hp_gain":0.0,"max_hp_loss":0.0,"gold_gain":222.0,"event_name":"Tomb of Lord Red Mask","player_choice":"Wore Mask","floor":47.0,"gold_loss":0.0,"damage_taken":0.0}],"is_beta":false,"boss_relics":[{"not_picked":["Sozu","Pandora\u0027s Box"],"picked":"Astrolabe"},{"not_picked":["Runic Dome","Black Star"],"picked":"Cursed Key"}],"items_purged_floors":[14,20,46,53],"is_endless":false,"potions_floor_spawned":[3,5,13,16,18,27,28,28,31,36,41,42,54],"ascension_level":4}