{"gold_per_floor":[114,114,114,168,243,276,302,337,406,434,465,497,354,383,383,482,482,493,298,298,180,380,405,251,278,278,311,345,345,376,388,388,489,489,505,523,557,572,592,627,351,351,374,405,439,468,156,186,186,186,186,186,117,143,143],"floor_reached":56,"playtime":3761,"items_purged":["Clumsy","Leap"],"score":2095,"play_id":"8f8563a5-8da6-4e41-a1d6-eeb2d89f47a8","local_time":"20190710092635","daily_mods":["SealedDeck","Heirloom","Time Dilation","Flight","DeadlyEvents","Elite Swarm","Binary"],"is_ascension_mode":true,"campfire_choices":[{"data":"Redo","floor":15,"key":"SMITH"},{"data":"Hologram","floor":29,"key":"SMITH"},{"floor":32,"key":"REST"},{"data":"Doom and Gloom","floor":42,"key":"SMITH"},{"floor":49,"key":"RECALL"},{"data":"Reinforced Body","floor":52,"key":"SMITH"}],"neow_cost":"","seed_source_timestamp":0,"circlet_count":0,"master_deck":["Sweeping Beam+1","Rebound","Leap+1","Hologram+1","Redo+1","Ball Lightning","Coolheaded+1","FTL+1","Darkness+1","Necronomicurse","Reinforced Body+1","Doom and Gloom+1","Capacitor"],"special_seed":0,"relics":["Cracked Core","Busted Crown","Turnip","Centennial Puzzle","Regal Pillow","Ornamental Fan","StoneCalendar","Bottled Lightning","Omamori","Darkstone Periapt","Lantern","Whetstone","Smiling Mask","Calling Bell","Boot","Dodecahedron","Ice Cream","DataDisk","Necronomicon","Pen Nib","Bag of Preparation","Mango","Peace Pipe","Singing Bowl","Oddly Smooth Stone","Gambling Chip","Black Star","Shovel","Emotion Chip","Meat on the Bone","War Paint","Chemical X","Cables","Bronze Scales","Bird Faced Urn","Nunchaku","PreservedInsect","FossilizedHelix","Calipers","Gremlin Horn","Letter Opener","Symbiotic Virus","Bottled Flame"],"potions_floor_usage":[12,33,33,44,44,55,55],"damage_taken":[{"damage":0.0,"enemies":"Cultist","floor":1.0,"turns":2.0},{"damage":4.0,"enemies":"3 Sentries","floor":6.0,"turns":3.0},{"damage":0.0,"enemies":"Gremlin Nob","floor":7.0,"turns":2.0},{"damage":0.0,"enemies":"Lagavulin","floor":8.0,"turns":4.0},{"damage":0,"enemies":"Gremlin Nob","floor":10,"turns":2},{"damage":13,"enemies":"3 Sentries","floor":11,"turns":3},{"damage":0,"enemies":"Gremlin Nob","floor":12,"turns":2},{"damage":0,"enemies":"3 Sentries","floor":14,"turns":4},{"damage":0,"enemies":"Slime Boss","floor":16,"turns":4},{"damage":0,"enemies":"Spheric Guardian","floor":18,"turns":2},{"damage":14,"enemies":"Gremlin Leader","floor":23,"turns":3},{"damage":4,"enemies":"Book of Stabbing","floor":25,"turns":3},{"damage":1,"enemies":"Gremlin Leader","floor":27,"turns":2},{"damage":15,"enemies":"Slavers","floor":28,"turns":2},{"damage":0,"enemies":"Book of Stabbing","floor":30,"turns":3},{"damage":0,"enemies":"3 Byrds","floor":31,"turns":2},{"damage":9,"enemies":"Champ","floor":33,"turns":5},{"damage":0,"enemies":"Orb Walker","floor":35,"turns":3},{"damage":0,"enemies":"3 Shapes","floor":36,"turns":2},{"damage":7,"enemies":"Reptomancer","floor":37,"turns":3},{"damage":0,"enemies":"Transient","floor":38,"turns":5},{"damage":0,"enemies":"Maw","floor":39,"turns":5},{"damage":4,"enemies":"Giant Head","floor":40,"turns":5},{"damage":0,"enemies":"Reptomancer","floor":44,"turns":3},{"damage":19,"enemies":"Nemesis","floor":45,"turns":3},{"damage":0,"enemies":"Reptomancer","floor":46,"turns":3},{"damage":0,"enemies":"Nemesis","floor":48,"turns":3},{"damage":0,"enemies":"Awakened One","floor":50,"turns":8},{"damage":0,"enemies":"Shield and Spear","floor":54,"turns":4},{"damage":44,"enemies":"The Heart","floor":55,"turns":7}],"seed_played":"-5506411075791183051","potions_obtained":[{"floor":7.0,"key":"Fire Potion"},{"floor":11,"key":"FocusPotion"},{"floor":12,"key":"LiquidBronze"},{"floor":14,"key":"FocusPotion"},{"floor":25,"key":"EssenceOfSteel"},{"floor":33,"key":"Weak Potion"},{"floor":36,"key":"SpeedPotion"},{"floor":37,"key":"AttackPotion"},{"floor":46,"key":"FocusPotion"},{"floor":54,"key":"EssenceOfSteel"}],"is_trial":true,"path_per_floor":["?","?","T","?","?","?","E","M","M","E","M"],"character_chosen":"DEFECT","items_purchased":["Whetstone","DataDisk","Reinforced Body","Bag of Preparation","Doom and Gloom","Chemical X","Calipers","Capacitor"],"campfire_rested":1,"item_purchase_floors":[13,19,21,24,41,41,47,53],"current_hp_per_floor":[75,75,75,75,64,60,60,60,60,60,47,47,47,47,47,47,81,81,81,71,71,71,57,57,67,67,66,51,51,51,51,96,87,101,101,101,94,94,94,90,90,90,90,90,71,71,71,71,71,71,101,101,101,101,59],"gold":143,"neow_bonus":"","is_prod":false,"is_daily":false,"chose_seed":false,"campfire_upgraded":4,"win_rate":0,"timestamp":1562739995,"path_taken":["M","?","?","?","?","E","E","E","T","E","E","E","$","E","R","BOSS","M","$","?","$","?","E","$","E","T","?","E","R","E","?","R","BOSS","M","?","?","?","M","E","$","R","T","E","E","E","$","E","R","BOSS","R","$","E","BOSS"],"build_version":"2019-01-23","purchased_purges":2,"victory":true,"max_hp_per_floor":[75,75,75,75,75,75,75,75,75,75,75,75,75,75,75,75,81,81,81,87,87,87,87,87,101,101,101,101,101,101,101,101,101,101,101,101,101,101,101,101,101,101,101,101,101,101,101,101,101,101,101,101,101,101,101],"card_choices":[],"player_experience":354616,"relics_obtained":[{"floor":4.0,"key":"Centennial Puzzle"},{"floor":6.0,"key":"Regal Pillow"},{"floor":7.0,"key":"Ornamental Fan"},{"floor":8.0,"key":"StoneCalendar"},{"floor":9.0,"key":"Bottled Lightning"},{"floor":10,"key":"Omamori"},{"floor":11,"key":"Darkstone Periapt"},{"floor":12,"key":"Lantern"},{"floor":14,"key":"Smiling Mask"},{"floor":17,"key":"Boot"},{"floor":17,"key":"Dodecahedron"},{"floor":17,"key":"Ice Cream"},{"floor":20,"key":"Necronomicon"},{"floor":23,"key":"Pen Nib"},{"floor":25,"key":"Mango"},{"floor":26,"key":"Peace Pipe"},{"floor":27,"key":"Singing Bowl"},{"floor":28,"key":"Oddly Smooth Stone"},{"floor":30,"key":"Gambling Chip"},{"floor":37,"key":"Shovel"},{"floor":37,"key":"Emotion Chip"},{"floor":40,"key":"Meat on the Bone"},{"floor":40,"key":"War Paint"},{"floor":44,"key":"Cables"},{"floor":44,"key":"Bronze Scales"},{"floor":45,"key":"Bird Faced Urn"},{"floor":45,"key":"Nunchaku"},{"floor":46,"key":"PreservedInsect"},{"floor":46,"key":"FossilizedHelix"},{"floor":48,"key":"Gremlin Horn"},{"floor":48,"key":"Letter Opener"},{"floor":54,"key":"Symbiotic Virus"},{"floor":54,"key":"Bottled Flame"}],"event_choices":[{"damage_healed":0.0,"max_hp_gain":0.0,"max_hp_loss":0.0,"gold_gain":0.0,"event_name":"Living Wall","player_choice":"Grow","floor":2.0,"gold_loss":0.0,"damage_taken":0.0,"cards_upgraded":["Darkness"]},{"damage_healed":0.0,"max_hp_gain":0.0,"max_hp_loss":0.0,"gold_gain":0.0,"event_name":"Golden Wing","player_choice":"Ignored","floor":3.0,"gold_loss":0.0,"damage_taken":0.0},{"damage_healed":0.0,"max_hp_gain":0.0,"max_hp_loss":0.0,"gold_gain":75.0,"event_name":"World of Goop","player_choice":"Gather Gold","floor":5.0,"gold_loss":0.0,"damage_taken":11.0},{"damage_healed":0,"gold_gain":0,"player_choice":"Obtained Book","damage_taken":16,"max_hp_gain":0,"max_hp_loss":0,"event_name":"Cursed Tome","floor":20,"gold_loss":0},{"damage_healed":0,"gold_gain":200,"player_choice":"Gold","damage_taken":0,"max_hp_gain":0,"max_hp_loss":0,"event_name":"Wheel of Change","floor":22,"gold_loss":0}],"is_beta":false,"boss_relics":[{"not_picked":["Velvet Choker","Cursed Key"],"picked":"Calling Bell"},{"not_picked":["Tiny House","White Beast Statue"],"picked":"Black Star"}],"items_purged_floors":[19,21],"is_endless":false,"potions_floor_spawned":[7,11,12,14,18,25,30,33,36,37,46,54],"ascension_level":1}