{"gold_per_floor":[116,391,405,424,19,50,66,82,131,147,147,147,47,57,57,160,160,175,185,200,200,216,216,248,248,294,123,123,157,171,171,171,266,266,276,276,295,308,408,439,450,479,479,505,203,203,223,236,236,236,236,236,35,67,67],"floor_reached":56,"playtime":8446,"items_purged":["Regret","Strike_G","Strike_G","Strike_G","Defend_G"],"score":1576,"play_id":"f876916f-174b-46c6-8375-4e81bb6ad250","local_time":"20190628141142","is_ascension_mode":true,"campfire_choices":[{"data":"Dash","floor":12.0,"key":"SMITH"},{"data":"Footwork","floor":15.0,"key":"SMITH"},{"data":"Grand Finale","floor":23.0,"key":"SMITH"},{"floor":25.0,"key":"RECALL"},{"data":"Survivor","floor":28.0,"key":"SMITH"},{"data":"Defend_G","floor":32.0,"key":"SMITH"},{"data":"After Image","floor":46,"key":"SMITH"},{"data":"Defend_G","floor":49,"key":"SMITH"},{"data":"Defend_G","floor":52,"key":"SMITH"}],"neow_cost":"NONE","seed_source_timestamp":0,"circlet_count":0,"master_deck":["Defend_G","Defend_G+1","Defend_G+1","Defend_G+1","Strike_G","Strike_G","Survivor+1","Neutralize+1","Heel Hook","Dash+1","Footwork+1","Grand Finale+1","Blur+1","Escape Plan+1","Adrenaline+1","Footwork+1","Deflect+1","Outmaneuver+1","Leg Sweep+1","Backflip+1","Prepared+1","Venomology+1","Prepared+1","Blur+1","After Image","Quick Slash+1","Quick Slash+1","After Image+1","Acrobatics+1","Panacea+1","Acrobatics+1","Dash+1"],"special_seed":0,"relics":["Ring of the Snake","Toxic Egg 2","Dead Branch","Potion Belt","Runic Pyramid","Mummified Hand","Vajra","Ancient Tea Set","HoveringKite","PreservedInsect","Pen Nib","Letter Opener","Oddly Smooth Stone"],"potions_floor_usage":[40,42,47,55,55,55,55,55],"damage_taken":[{"damage":3.0,"enemies":"Jaw Worm","floor":1.0,"turns":4.0},{"damage":2.0,"enemies":"Cultist","floor":3.0,"turns":5.0},{"damage":2.0,"enemies":"2 Louse","floor":4.0,"turns":3.0},{"damage":1.0,"enemies":"Gremlin Nob","floor":6.0,"turns":4.0},{"damage":19.0,"enemies":"Lots of Slimes","floor":7.0,"turns":8.0},{"damage":2.0,"enemies":"Looter","floor":8.0,"turns":4.0},{"damage":22.0,"enemies":"Gremlin Gang","floor":10.0,"turns":7.0},{"damage":0.0,"enemies":"Blue Slaver","floor":14.0,"turns":3.0},{"damage":18.0,"enemies":"Slime Boss","floor":16.0,"turns":10.0},{"damage":0.0,"enemies":"3 Byrds","floor":18.0,"turns":3.0},{"damage":0.0,"enemies":"Shell Parasite","floor":19.0,"turns":5.0},{"damage":2.0,"enemies":"Snecko","floor":20.0,"turns":7.0},{"damage":2.0,"enemies":"Sentry and Sphere","floor":22.0,"turns":5.0},{"damage":18.0,"enemies":"Gremlin Leader","floor":24.0,"turns":8.0},{"damage":0.0,"enemies":"Book of Stabbing","floor":29.0,"turns":8.0},{"damage":0.0,"enemies":"Snake Plant","floor":30.0,"turns":4.0},{"damage":0.0,"enemies":"Champ","floor":33.0,"turns":13.0},{"damage":0.0,"enemies":"3 Darklings","floor":35.0,"turns":5.0},{"damage":3.0,"enemies":"3 Shapes","floor":37.0,"turns":7.0},{"damage":8.0,"enemies":"Writhing Mass","floor":38.0,"turns":15.0},{"damage":0,"enemies":"Nemesis","floor":40,"turns":16},{"damage":4,"enemies":"3 Darklings","floor":41,"turns":4},{"damage":0,"enemies":"Giant Head","floor":42,"turns":8},{"damage":0,"enemies":"Nemesis","floor":44,"turns":7},{"damage":0,"enemies":"4 Shapes","floor":47,"turns":6},{"damage":0,"enemies":"Spire Growth","floor":48,"turns":5},{"damage":32,"enemies":"Awakened One","floor":50,"turns":22},{"damage":2,"enemies":"Shield and Spear","floor":54,"turns":3},{"damage":16,"enemies":"The Heart","floor":55,"turns":12}],"seed_played":"-101153154678021174","potions_obtained":[{"floor":1.0,"key":"FearPotion"},{"floor":8.0,"key":"GamblersBrew"},{"floor":10.0,"key":"Regen Potion"},{"floor":18.0,"key":"PowerPotion"},{"floor":20.0,"key":"Energy Potion"},{"floor":41,"key":"GhostInAJar"},{"floor":44,"key":"Dexterity Potion"},{"floor":47,"key":"Fruit Juice"},{"floor":48,"key":"GamblersBrew"}],"is_trial":false,"path_per_floor":["?","M","?","M","?","M","?","?","?"],"character_chosen":"THE_SILENT","items_purchased":["Footwork","Toxic Egg 2","Backflip+1","Acrobatics+1","Panacea+1","Acrobatics+1"],"campfire_rested":0,"item_purchase_floors":[5,5,27,45,45,53],"current_hp_per_floor":[74,74,72,70,70,69,50,48,48,26,26,26,26,26,26,8,77,77,77,75,77,75,75,57,57,57,57,57,57,57,57,57,57,77,77,73,70,62,62,62,58,73,73,73,73,73,78,78,78,46,78,78,78,76,60],"gold":67,"neow_bonus":"TEN_PERCENT_HP_BONUS","is_prod":false,"is_daily":false,"chose_seed":false,"campfire_upgraded":8,"win_rate":0,"timestamp":1561720302,"path_taken":["M","?","?","M","$","E","M","M","T","M","?","R","$","M","R","BOSS","M","M","?","?","M","R","E","R","T","$","R","E","?","?","R","BOSS","M","?","M","M","?","E","M","E","T","E","$","R","M","M","R","BOSS","R","$","E","BOSS"],"build_version":"2019-01-23","purchased_purges":5,"victory":true,"max_hp_per_floor":[77,77,77,77,77,77,77,77,77,77,77,77,77,77,77,77,77,77,77,77,77,77,77,77,77,77,77,77,77,77,77,77,77,77,77,73,73,73,73,73,73,73,73,73,73,73,78,78,78,78,78,78,78,78,78],"card_choices":[{"not_picked":["Underhanded Strike","Cloak And Dagger"],"picked":"Heel Hook","floor":1.0},{"not_picked":["PiercingWail","Dodge and Roll"],"picked":"Dash","floor":3.0},{"not_picked":["All Out Attack","Dash","Dagger Spray"],"picked":"SKIP","floor":4.0},{"not_picked":["Prepared+1","Terror+1"],"picked":"Grand Finale","floor":6.0},{"not_picked":["Blade Dance+1","Dagger Spray"],"picked":"Blur+1","floor":7.0},{"not_picked":["Quick Slash","Dodge and Roll+1"],"picked":"Escape Plan+1","floor":8.0},{"not_picked":["Dodge and Roll+1","Dagger Throw","Eviscerate"],"picked":"SKIP","floor":10.0},{"not_picked":["Eviscerate","Quick Slash"],"picked":"Well Laid Plans","floor":14.0},{"not_picked":["Tools of the Trade","After Image"],"picked":"Adrenaline+1","floor":16.0},{"not_picked":["All Out Attack","Well Laid Plans"],"picked":"Footwork+1","floor":18.0},{"not_picked":["Underhanded Strike","Sucker Punch"],"picked":"Deflect+1","floor":19.0},{"not_picked":["Cloak And Dagger+1","Bane"],"picked":"Outmaneuver+1","floor":20.0},{"not_picked":["Accuracy","Masterful Stab","Underhanded Strike+1"],"picked":"SKIP","floor":22.0},{"not_picked":["Sucker Punch","Quick Slash"],"picked":"Leg Sweep+1","floor":24.0},{"not_picked":["Finisher","Masterful Stab","Storm of Steel+1"],"picked":"SKIP","floor":29.0},{"not_picked":["Deadly Poison+1","Cloak And Dagger+1"],"picked":"Prepared+1","floor":30.0},{"not_picked":["Night Terror+1","Burst+1"],"picked":"Venomology+1","floor":33.0},{"not_picked":["Cloak And Dagger+1","Terror+1"],"picked":"Prepared+1","floor":35.0},{"not_picked":["Deflect+1","Sucker Punch"],"picked":"Blur+1","floor":37.0},{"not_picked":["Endless Agony","Cloak And Dagger+1"],"picked":"After Image","floor":38.0},{"not_picked":["Flying Knee+1","Sucker Punch"],"picked":"Quick Slash+1","floor":40},{"not_picked":["Underhanded Strike","Flying Knee+1"],"picked":"Quick Slash+1","floor":41},{"not_picked":["Blade Dance+1","Corpse Explosion+1","Flying Knee+1"],"picked":"SKIP","floor":42},{"not_picked":["Dagger Spray","Setup+1"],"picked":"After Image","floor":44},{"not_picked":["Dash","Leg Sweep+1","Deadly Poison+1"],"picked":"SKIP","floor":47},{"not_picked":["Riddle With Holes","Cloak And Dagger+1","Outmaneuver+1"],"picked":"SKIP","floor":48},{"not_picked":["Bane","Riddle With Holes"],"picked":"Dash+1","floor":54}],"player_experience":258147,"relics_obtained":[{"floor":6.0,"key":"Dead Branch"},{"floor":9.0,"key":"Potion Belt"},{"floor":24.0,"key":"Mummified Hand"},{"floor":26.0,"key":"Vajra"},{"floor":29.0,"key":"Ancient Tea Set"},{"floor":40,"key":"PreservedInsect"},{"floor":42,"key":"Pen Nib"},{"floor":44,"key":"Letter Opener"},{"floor":54,"key":"Oddly Smooth Stone"}],"event_choices":[{"damage_healed":0.0,"max_hp_gain":0.0,"max_hp_loss":0.0,"gold_gain":275.0,"event_name":"Golden Shrine","player_choice":"Desecrate","floor":2.0,"gold_loss":0.0,"damage_taken":0.0,"cards_obtained":["Regret"]},{"damage_healed":0.0,"max_hp_gain":0.0,"max_hp_loss":0.0,"gold_gain":0.0,"event_name":"Upgrade Shrine","player_choice":"Upgraded","floor":11.0,"gold_loss":0.0,"damage_taken":0.0,"cards_upgraded":["Neutralize"]},{"cards_removed":["Well Laid Plans"],"damage_healed":2.0,"max_hp_gain":0.0,"max_hp_loss":0.0,"gold_gain":0.0,"event_name":"Bonfire Elementals","player_choice":"Offered Uncommon","floor":21.0,"gold_loss":0.0,"damage_taken":0.0},{"damage_healed":0.0,"max_hp_gain":0.0,"max_hp_loss":0.0,"gold_gain":0.0,"event_name":"Vampires","player_choice":"Ignored","floor":31.0,"gold_loss":0.0,"damage_taken":0.0},{"damage_healed":0.0,"max_hp_gain":0.0,"max_hp_loss":4.0,"gold_gain":0.0,"event_name":"Winding Halls","player_choice":"Max HP","floor":36.0,"gold_loss":0.0,"damage_taken":0.0},{"damage_healed":0.0,"max_hp_gain":0.0,"max_hp_loss":0.0,"gold_gain":100.0,"event_name":"Golden Shrine","player_choice":"Pray","floor":39.0,"gold_loss":0.0,"damage_taken":0.0}],"is_beta":false,"boss_relics":[{"not_picked":["Black Star","Astrolabe"],"picked":"Runic Pyramid"},{"not_picked":["Coffee Dripper","Runic Dome"],"picked":"HoveringKite"}],"items_purged_floors":[5,13,27,45,53],"is_endless":false,"potions_floor_spawned":[1,8,10,18,20,40,41,44,47,48],"ascension_level":3}