{"gold_per_floor":[117,117,128,145,0,0,0,31,31,0,29,29,41,58,58,162,162,174,174,99,14,14,14,24,55,105,30,63,63,63,63,63,159,159,177,177,197,0,100,100,127,127,197,231,243,297,51,61,61,61],"floor_reached":51,"playtime":3064,"items_purged":["Writhe","Shame"],"score":782,"play_id":"e82c72ad-6a68-4ab5-8050-e514fad039e3","local_time":"20190630015843","is_ascension_mode":true,"campfire_choices":[{"data":"Shrug It Off","floor":6,"key":"SMITH"},{"data":"Limit Break","floor":15,"key":"SMITH"},{"data":"Barricade","floor":23,"key":"SMITH"},{"floor":29,"key":"REST"},{"floor":32,"key":"REST"},{"data":"1","floor":40,"key":"LIFT"},{"data":"Pommel Strike","floor":42,"key":"SMITH"},{"floor":49,"key":"REST"}],"neow_cost":"NONE","seed_source_timestamp":40835162889637,"circlet_count":0,"master_deck":["Strike_R","Strike_R","Strike_R","Strike_R","Defend_R","Defend_R","Defend_R","Defend_R","Bash","Dramatic Entrance","Pommel Strike+1","Immolate","Shrug It Off+1","Shrug It Off","Limit Break+1","Rage","Ghostly Armor","Dark Shackles","Spot Weakness","Metallicize","Barricade+1","Seeing Red+1","Flame Barrier+1","Entrench","Demon Form","True Grit+1","Cleave+1","Sentinel+1","Madness","Madness","Inflame+1","Uppercut+1","Shockwave+1","Clothesline+1"],"relics":["Burning Blood","Meat on the Bone","Mercury Hourglass","Ancient Tea Set","Cursed Key","Prayer Wheel","Boot","Nilry\u0027s Codex","Mummified Hand","Dream Catcher","Ice Cream","Sozu","Red Mask","Girya","Happy Flower","Question Card","Pantograph","Ginger","Strawberry"],"potions_floor_usage":[16,16,33,33,37,50],"damage_taken":[{"damage":0,"enemies":"Cultist","floor":1,"turns":2},{"damage":11,"enemies":"Jaw Worm","floor":3,"turns":2},{"damage":0,"enemies":"Small Slimes","floor":4,"turns":2},{"damage":35,"enemies":"Lagavulin","floor":8,"turns":8},{"damage":6,"enemies":"Gremlin Nob","floor":11,"turns":4},{"damage":4,"enemies":"Red Slaver","floor":13,"turns":2},{"damage":1,"enemies":"Blue Slaver","floor":14,"turns":3},{"damage":32,"enemies":"The Guardian","floor":16,"turns":14},{"damage":15,"enemies":"2 Thieves","floor":18,"turns":3},{"damage":0,"enemies":"Shell Parasite","floor":24,"turns":5},{"damage":37,"enemies":"Slavers","floor":25,"turns":6},{"damage":34,"enemies":"Book of Stabbing","floor":28,"turns":8},{"damage":29,"enemies":"Automaton","floor":33,"turns":10},{"damage":5,"enemies":"3 Darklings","floor":35,"turns":2},{"damage":10,"enemies":"Orb Walker","floor":37,"turns":5},{"damage":2,"enemies":"Mind Bloom Boss Battle","floor":39,"turns":9},{"damage":17,"enemies":"Reptomancer","floor":41,"turns":7},{"damage":46,"enemies":"Giant Head","floor":44,"turns":9},{"damage":5,"enemies":"Sphere and 2 Shapes","floor":45,"turns":4},{"damage":33,"enemies":"2 Orb Walkers","floor":46,"turns":4},{"damage":32,"enemies":"Spire Growth","floor":48,"turns":5},{"damage":51,"enemies":"Donu and Deca","floor":50,"turns":8}],"seed_played":"861517677782812242","potions_obtained":[{"floor":3,"key":"Energy Potion"},{"floor":8,"key":"PowerPotion"},{"floor":13,"key":"Block Potion"},{"floor":16,"key":"SkillPotion"},{"floor":24,"key":"AttackPotion"},{"floor":31,"key":"LiquidBronze"},{"floor":33,"key":"Ancient Potion"}],"is_trial":false,"path_per_floor":["M","?","M","M","$","R","?","E","T","?","E","?","M","M","R","B",null,"M","?","?","?","?","R","M","E","T","$","E","R","?","?","R","B",null,"M","?","M","?","?","R","E","R","T","E","M","?","$","M","R","B",null],"character_chosen":"IRONCLAD","items_purchased":["Limit Break","Rage","Strawberry"],"campfire_rested":3,"item_purchase_floors":[5,5,47],"current_hp_per_floor":[80,80,75,80,80,80,80,51,51,51,51,51,53,58,58,44,80,71,71,71,71,55,55,61,42,42,42,26,50,50,50,74,51,80,80,70,66,66,70,70,59,59,59,31,44,29,36,22,48,40],"gold":61,"neow_bonus":"RANDOM_COLORLESS","is_prod":false,"is_daily":false,"chose_seed":false,"campfire_upgraded":4,"win_rate":0,"timestamp":1561852723,"path_taken":["M","?","?","M","$","R","?","E","T","?","E","?","M","?","R","BOSS","M","?","?","?","?","R","M","E","T","$","E","R","?","?","R","BOSS","M","?","M","?","?","R","E","R","T","E","?","?","$","M","R","BOSS"],"build_version":"2019-01-23","purchased_purges":2,"victory":true,"max_hp_per_floor":[80,80,80,80,80,80,80,80,80,80,80,80,80,80,80,80,80,80,80,80,80,80,80,80,80,80,80,80,80,80,80,80,80,80,80,80,80,80,80,80,80,80,80,80,80,80,87,87,87,87],"card_choices":[{"not_picked":["Power Through","Twin Strike"],"picked":"Pommel Strike","floor":1},{"not_picked":["Warcry","Power Through"],"picked":"Shrug It Off","floor":3},{"not_picked":["Body Slam","Combust"],"picked":"Shrug It Off","floor":4},{"not_picked":["Thunderclap","Bloodletting"],"picked":"Ghostly Armor","floor":8},{"not_picked":["Clash","Burning Pact","Twin Strike"],"picked":"SKIP","floor":11},{"not_picked":["Dual Wield","Warcry"],"picked":"Spot Weakness","floor":13},{"not_picked":["Headbutt","Pommel Strike"],"picked":"Metallicize","floor":14},{"not_picked":["Berserk","Juggernaut"],"picked":"Barricade","floor":16},{"not_picked":["Shockwave","Sword Boomerang"],"picked":"Seeing Red+1","floor":18},{"not_picked":["Warcry","Anger"],"picked":"Flame Barrier+1","floor":24},{"not_picked":["Thunderclap","Seeing Red"],"picked":"Entrench","floor":24},{"not_picked":["Power Through","Clash","Flame Barrier"],"picked":"SKIP","floor":25},{"not_picked":["Disarm","Cleave+1"],"picked":"Demon Form","floor":28},{"not_picked":["Warcry","Ghostly Armor"],"picked":"True Grit+1","floor":29},{"not_picked":["Uppercut","Sever Soul"],"picked":"Cleave+1","floor":32},{"not_picked":["Thunderclap+1","Burning Pact"],"picked":"Sentinel+1","floor":35},{"not_picked":["Rage","Thunderclap+1","Headbutt"],"picked":"SKIP","floor":35},{"not_picked":["Body Slam","Armaments","Twin Strike+1"],"picked":"SKIP","floor":37},{"not_picked":["Offering","Cleave","Twin Strike"],"picked":"SKIP","floor":37},{"not_picked":["True Grit","Sever Soul+1"],"picked":"Inflame+1","floor":39},{"not_picked":["True Grit","Wild Strike+1"],"picked":"Uppercut+1","floor":41},{"not_picked":["Power Through+1","Cleave+1","Anger+1","Fire Breathing"],"picked":"SKIP","floor":44},{"not_picked":["Sword Boomerang","Twin Strike","Feel No Pain"],"picked":"Shockwave+1","floor":45},{"not_picked":["Anger+1","Bloodletting+1","Sword Boomerang","Pommel Strike"],"picked":"SKIP","floor":45},{"not_picked":["Havoc+1","True Grit","Power Through"],"picked":"Clothesline+1","floor":46},{"not_picked":["Uppercut+1","Dual Wield+1","Shrug It Off","Perfected Strike+1"],"picked":"SKIP","floor":48},{"not_picked":["Headbutt","Combust+1","Ghostly Armor+1","Bloodletting"],"picked":"SKIP","floor":48}],"player_experience":34382,"relics_obtained":[{"floor":8,"key":"Meat on the Bone"},{"floor":9,"key":"Mercury Hourglass"},{"floor":11,"key":"Ancient Tea Set"},{"floor":22,"key":"Nilry\u0027s Codex"},{"floor":25,"key":"Mummified Hand"},{"floor":26,"key":"Dream Catcher"},{"floor":28,"key":"Ice Cream"},{"floor":39,"key":"Girya"},{"floor":41,"key":"Happy Flower"},{"floor":43,"key":"Question Card"},{"floor":44,"key":"Pantograph"},{"floor":46,"key":"Ginger"}],"event_choices":[{"damage_healed":0,"gold_gain":0,"cards_transformed":["Strike_R"],"player_choice":"Transformed","damage_taken":0,"max_hp_gain":0,"max_hp_loss":0,"event_name":"Transmorgrifier","floor":2,"gold_loss":0,"cards_obtained":["Immolate"]},{"damage_healed":0,"gold_gain":0,"player_choice":"Ignored","damage_taken":0,"max_hp_gain":0,"max_hp_loss":0,"event_name":"Liars Game","floor":7,"gold_loss":0},{"damage_healed":0,"gold_gain":0,"player_choice":"Left Gold","damage_taken":0,"max_hp_gain":0,"max_hp_loss":0,"event_name":"World of Goop","floor":10,"gold_loss":31},{"damage_healed":0,"gold_gain":0,"player_choice":"1 cards matched","damage_taken":0,"max_hp_gain":0,"max_hp_loss":0,"event_name":"Match and Keep!","floor":12,"gold_loss":0,"cards_obtained":["Dark Shackles"]},{"damage_healed":0,"gold_gain":0,"player_choice":"1 cards matched","damage_taken":0,"max_hp_gain":0,"max_hp_loss":0,"event_name":"Match and Keep!","floor":12,"gold_loss":0,"cards_obtained":["Dark Shackles"]},{"damage_healed":0,"gold_gain":0,"player_choice":"Opened","damage_taken":0,"relics_obtained":["Prayer Wheel"],"max_hp_gain":0,"max_hp_loss":0,"event_name":"The Mausoleum","floor":19,"gold_loss":0,"cards_obtained":["Writhe"]},{"cards_removed":["Writhe"],"damage_healed":0,"gold_gain":0,"player_choice":"Gave Gold","damage_taken":0,"max_hp_gain":0,"max_hp_loss":0,"event_name":"Beggar","floor":20,"gold_loss":75},{"damage_healed":0,"gold_gain":0,"player_choice":"Obtained Relic","damage_taken":0,"relics_obtained":["Boot"],"max_hp_gain":0,"max_hp_loss":0,"event_name":"Addict","floor":21,"gold_loss":85},{"damage_healed":0,"gold_gain":0,"player_choice":"Obtained Book","damage_taken":16,"max_hp_gain":0,"max_hp_loss":0,"event_name":"Cursed Tome","floor":22,"gold_loss":0},{"damage_healed":0,"gold_gain":0,"player_choice":"Ignored","damage_taken":0,"max_hp_gain":0,"max_hp_loss":0,"event_name":"Ghosts","floor":30,"gold_loss":0},{"damage_healed":0,"gold_gain":0,"player_choice":"Got Potions","damage_taken":0,"max_hp_gain":0,"max_hp_loss":0,"event_name":"Lab","floor":31,"gold_loss":0},{"damage_healed":0,"gold_gain":0,"player_choice":"Embrace Madness","damage_taken":10,"max_hp_gain":0,"max_hp_loss":0,"event_name":"Winding Halls","floor":36,"gold_loss":0,"cards_obtained":["Madness","Madness"]},{"damage_healed":0,"gold_gain":0,"player_choice":"Paid","damage_taken":0,"relics_obtained":["Red Mask"],"max_hp_gain":0,"max_hp_loss":0,"event_name":"Tomb of Lord Red Mask","floor":38,"gold_loss":197},{"damage_healed":0,"gold_gain":0,"player_choice":"Fight","damage_taken":0,"max_hp_gain":0,"max_hp_loss":0,"event_name":"MindBloom","floor":39,"gold_loss":0},{"damage_healed":0,"gold_gain":0,"player_choice":"Fight","damage_taken":0,"max_hp_gain":0,"max_hp_loss":0,"event_name":"Mysterious Sphere","floor":46,"gold_loss":0}],"is_beta":false,"boss_relics":[{"not_picked":["Black Star","White Beast Statue"],"picked":"Cursed Key"},{"not_picked":["Coffee Dripper","Busted Crown"],"picked":"Sozu"}],"items_purged_floors":[27,47],"is_endless":false,"potions_floor_spawned":[3,8,13,16,24,25,33,37,39,44,46,48],"ascension_level":1}