{"gold_per_floor":[16,26,101,117,117,117,131,131,131,131,142,171,171,206,206,307,307,318,334,259,270,195,220,230,230,230,260,160,160,172,190,190,295,345,356,356,356,374,374,374,374,374,374,374,387,27,58,73,73,73],"floor_reached":51,"playtime":4406,"items_purged":["Defend_G","Defend_G"],"score":1160,"play_id":"d8ef688e-607b-49b8-91d6-f86cab1f2efa","local_time":"20190713165914","is_ascension_mode":true,"campfire_choices":[{"data":"Neutralize","floor":6.0,"key":"SMITH"},{"data":"Backstab","floor":8.0,"key":"SMITH"},{"data":"Grand Finale","floor":13.0,"key":"SMITH"},{"data":"Eviscerate","floor":15.0,"key":"SMITH"},{"data":"Well Laid Plans","floor":25.0,"key":"SMITH"},{"data":"Footwork","floor":29.0,"key":"SMITH"},{"floor":32.0,"key":"REST"},{"data":"Glass Knife","floor":40.0,"key":"SMITH"},{"data":"Dodge and Roll","floor":42.0,"key":"SMITH"},{"data":"Malaise","floor":49,"key":"SMITH"}],"neow_cost":"NO_GOLD","seed_source_timestamp":78745613310196,"circlet_count":0,"master_deck":["Defend_G","Defend_G","Defend_G","Strike_G+1","Survivor","Neutralize+1","Blade Dance+1","Tools of the Trade","Cloak And Dagger","Backstab+1","Leg Sweep+1","Flying Knee","Grand Finale+1","Well Laid Plans+1","Eviscerate+1","Grand Finale+1","Escape Plan","Prepared","Calculated Gamble","Footwork+1","Backstab+1","Glass Knife+1","Dodge and Roll+1","Skewer+1","PiercingWail+1","Trip","Quick Slash+1","Malaise+1","Reflex+1"],"special_seed":0,"relics":["Ring of the Snake","Potion Belt","Ninja Scroll","Gremlin Horn","Philosopher\u0027s Stone","FossilizedHelix","Bag of Preparation","Tiny House","Mercury Hourglass","Meat on the Bone","Whetstone","Sundial"],"potions_floor_usage":[50,50,50],"damage_taken":[{"damage":0.0,"enemies":"Cultist","floor":1.0,"turns":4.0},{"damage":0.0,"enemies":"2 Louse","floor":2.0,"turns":3.0},{"damage":0.0,"enemies":"Small Slimes","floor":4.0,"turns":3.0},{"damage":0.0,"enemies":"2 Fungi Beasts","floor":7.0,"turns":4.0},{"damage":0.0,"enemies":"Gremlin Gang","floor":11.0,"turns":5.0},{"damage":4.0,"enemies":"Lagavulin","floor":12.0,"turns":5.0},{"damage":0.0,"enemies":"Gremlin Nob","floor":14.0,"turns":3.0},{"damage":0.0,"enemies":"Slime Boss","floor":16.0,"turns":3.0},{"damage":0.0,"enemies":"Spheric Guardian","floor":18.0,"turns":1.0},{"damage":9.0,"enemies":"2 Thieves","floor":19.0,"turns":3.0},{"damage":0.0,"enemies":"3 Cultists","floor":21.0,"turns":3.0},{"damage":0.0,"enemies":"Gremlin Leader","floor":23.0,"turns":5.0},{"damage":0.0,"enemies":"Sentry and Sphere","floor":24.0,"turns":3.0},{"damage":18.0,"enemies":"Book of Stabbing","floor":27.0,"turns":3.0},{"damage":0.0,"enemies":"Centurion and Healer","floor":30.0,"turns":6.0},{"damage":0.0,"enemies":"Cultist and Chosen","floor":31.0,"turns":4.0},{"damage":45.0,"enemies":"Champ","floor":33.0,"turns":10.0},{"damage":0.0,"enemies":"Orb Walker","floor":35.0,"turns":3.0},{"damage":0.0,"enemies":"3 Shapes","floor":38.0,"turns":6.0},{"damage":10.0,"enemies":"Writhing Mass","floor":45.0,"turns":5.0},{"damage":18.0,"enemies":"Giant Head","floor":47.0,"turns":8.0},{"damage":0,"enemies":"Jaw Worm Horde","floor":48,"turns":4},{"damage":35,"enemies":"Awakened One","floor":50,"turns":14}],"seed_played":"2848664130700356700","potions_obtained":[{"floor":2.0,"key":"FairyPotion"},{"floor":7.0,"key":"Fire Potion"},{"floor":14.0,"key":"EssenceOfSteel"},{"floor":16.0,"key":"Strength Potion"},{"floor":19.0,"key":"EssenceOfSteel"},{"floor":21.0,"key":"Regen Potion"},{"floor":27.0,"key":"SteroidPotion"},{"floor":31.0,"key":"GhostInAJar"},{"floor":34.0,"key":"SneckoOil"},{"floor":48,"key":"Weak Potion"}],"is_trial":false,"path_per_floor":["M","?","?","?","M","?","?","?","M","?","T"],"character_chosen":"THE_SILENT","items_purchased":["Malaise","Whetstone","Swift Potion"],"campfire_rested":1,"item_purchase_floors":[46,46,46],"current_hp_per_floor":[63,63,52,52,38,38,38,38,38,38,38,34,34,34,34,34,61,61,52,52,52,52,52,52,52,52,34,34,34,34,34,55,10,60,60,60,75,75,75,75,75,75,75,75,65,65,47,47,47,39],"gold":73,"neow_bonus":"TRANSFORM_TWO_CARDS","is_prod":false,"is_daily":false,"chose_seed":false,"campfire_upgraded":9,"win_rate":0,"timestamp":1563026354,"path_taken":["M","?","?","M","?","R","M","R","T","?","M","E","R","E","R","BOSS","M","?","?","M","$","E","M","R","T","E","$","R","M","M","R","BOSS","M","?","?","?","$","R","?","R","T","?","M","$","E","M","R","BOSS"],"build_version":"2019-01-23","purchased_purges":2,"victory":true,"max_hp_per_floor":[70,70,70,70,70,70,70,70,70,70,70,70,70,70,70,70,70,70,70,70,70,70,70,70,70,70,70,70,70,70,70,70,70,75,75,75,75,75,75,75,75,75,75,75,75,75,75,75,75,75],"card_choices":[{"not_picked":["Dodge and Roll","Acrobatics"],"picked":"Cloak And Dagger","floor":1.0},{"not_picked":["Acrobatics","Underhanded Strike"],"picked":"Backstab","floor":2.0},{"not_picked":["Outmaneuver","Dodge and Roll"],"picked":"Leg Sweep","floor":4.0},{"not_picked":["Accuracy","Crippling Poison"],"picked":"Flying Knee","floor":7.0},{"not_picked":["Prepared","Outmaneuver"],"picked":"Well Laid Plans","floor":11.0},{"not_picked":["Cloak And Dagger","Outmaneuver","Blade Dance"],"picked":"SKIP","floor":12.0},{"not_picked":["Cloak And Dagger","Unload"],"picked":"Eviscerate","floor":14.0},{"not_picked":["Tools of the Trade","Doppelganger"],"picked":"Grand Finale","floor":16.0},{"not_picked":["Dodge and Roll+1","All Out Attack"],"picked":"Escape Plan","floor":18.0},{"not_picked":["Outmaneuver","PiercingWail"],"picked":"Prepared","floor":19.0},{"not_picked":["Dodge and Roll+1","Flying Knee"],"picked":"Calculated Gamble","floor":21.0},{"not_picked":["Deadly Poison","Dagger Throw","Sucker Punch+1"],"picked":"SKIP","floor":23.0},{"not_picked":["Riddle With Holes","Burst","Outmaneuver"],"picked":"SKIP","floor":24.0},{"not_picked":["Finisher","Eviscerate+1"],"picked":"Footwork","floor":27.0},{"not_picked":["Blur","Catalyst"],"picked":"Backstab","floor":30.0},{"not_picked":["Poisoned Stab","Deadly Poison","Outmaneuver"],"picked":"SKIP","floor":31.0},{"not_picked":["Doppelganger","Venomology"],"picked":"Glass Knife","floor":33.0},{"not_picked":["Poisoned Stab","Bane"],"picked":"Dodge and Roll","floor":34.0},{"not_picked":["Expertise","Bane+1"],"picked":"Skewer+1","floor":35.0},{"not_picked":["Prepared","Calculated Gamble"],"picked":"PiercingWail+1","floor":38.0},{"not_picked":["Dark Shackles","Bandage Up"],"picked":"Trip","floor":41.0},{"not_picked":["Slice+1","All Out Attack+1"],"picked":"Quick Slash+1","floor":45.0},{"not_picked":["Catalyst+1","Deadly Poison","Sucker Punch+1"],"picked":"SKIP","floor":47.0},{"not_picked":["Deflect+1","Slice"],"picked":"Reflex+1","floor":48}],"player_experience":392739,"relics_obtained":[{"floor":9.0,"key":"Potion Belt"},{"floor":12.0,"key":"Ninja Scroll"},{"floor":14.0,"key":"Gremlin Horn"},{"floor":23.0,"key":"FossilizedHelix"},{"floor":27.0,"key":"Bag of Preparation"},{"floor":43.0,"key":"Mercury Hourglass"},{"floor":44.0,"key":"Meat on the Bone"},{"floor":47.0,"key":"Sundial"}],"event_choices":[{"damage_healed":0.0,"max_hp_gain":0.0,"max_hp_loss":0.0,"gold_gain":75.0,"event_name":"World of Goop","player_choice":"Gather Gold","floor":3.0,"gold_loss":0.0,"damage_taken":11.0},{"damage_healed":0.0,"max_hp_gain":0.0,"max_hp_loss":0.0,"gold_gain":0.0,"event_name":"Shining Light","player_choice":"Entered Light","floor":5.0,"gold_loss":0.0,"damage_taken":14.0,"cards_upgraded":["Blade Dance","Strike_G"]},{"damage_healed":0.0,"max_hp_gain":0.0,"max_hp_loss":0.0,"gold_gain":0.0,"cards_transformed":["Strike_G"],"event_name":"Transmorgrifier","player_choice":"Transformed","floor":10.0,"gold_loss":0.0,"damage_taken":0.0,"cards_obtained":["Grand Finale"]},{"cards_removed":["Strike_G"],"damage_healed":0.0,"max_hp_gain":0.0,"max_hp_loss":0.0,"gold_gain":0.0,"event_name":"Beggar","player_choice":"Gave Gold","floor":20.0,"gold_loss":75.0,"damage_taken":0.0},{"damage_healed":0.0,"max_hp_gain":0.0,"max_hp_loss":0.0,"gold_gain":0.0,"event_name":"Tomb of Lord Red Mask","player_choice":"Ignored","floor":36.0,"gold_loss":0.0,"damage_taken":0.0},{"damage_healed":15.0,"max_hp_gain":0.0,"max_hp_loss":0.0,"gold_gain":0.0,"event_name":"Wheel of Change","player_choice":"Full Heal","floor":37.0,"gold_loss":0.0,"damage_taken":0.0},{"damage_healed":0.0,"max_hp_gain":0.0,"max_hp_loss":0.0,"gold_gain":0.0,"event_name":"SensoryStone","player_choice":"Memory 1","floor":41.0,"gold_loss":0.0,"damage_taken":0.0}],"is_beta":false,"boss_relics":[{"not_picked":["WristBlade","Ectoplasm"],"picked":"Philosopher\u0027s Stone"},{"not_picked":["Empty Cage","Runic Pyramid"],"picked":"Tiny House"}],"items_purged_floors":[22,28],"is_endless":false,"potions_floor_spawned":[2,7,14,16,19,21,24,27,31,48],"ascension_level":9}