{"gold_per_floor":[20,31,46,46,46,46,80,80,106,106,106,144,165,165,165,261,261,286,241,266,266,0,0,0,0,53,53,72,99,99,99],"floor_reached":31,"playtime":1107,"items_purged":[],"score":522,"play_id":"8ef90dd9-bfb4-44ca-8d8f-034c92fa80dd","local_time":"20190715133026","is_ascension_mode":true,"campfire_choices":[{"data":"Rampage","floor":6.0,"key":"SMITH"},{"data":"Battle Trance","floor":8.0,"key":"SMITH"},{"floor":10.0,"key":"REST"},{"data":"Burning Pact","floor":15.0,"key":"SMITH"},{"floor":23,"key":"REST"},{"data":"Uppercut","floor":25,"key":"SMITH"},{"data":"Combust","floor":27,"key":"SMITH"}],"neow_cost":"NO_GOLD","seed_source_timestamp":280243163219388,"circlet_count":0,"master_deck":["AscendersBane","Strike_R","Strike_R","Strike_R+1","Defend_R","Defend_R+1","Defend_R","Defend_R","Bash+1","Shockwave+1","Rampage+1","Shrug It Off","Battle Trance+1","Combust+1","Impervious","Burning Pact+1","Offering","Uppercut+1","Shrug It Off","Disarm","Evolve","Power Through","Pummel+1","Rampage","Limit Break"],"special_seed":0,"relics":["Burning Blood","Ginger","War Paint","Whetstone","Dream Catcher","Bloody Idol","Blood Vial","Lantern","Lizard Tail","Question Card","Vajra","Strawberry"],"potions_floor_usage":[28,29,29,31],"damage_taken":[{"damage":7.0,"enemies":"Cultist","floor":1.0,"turns":4.0},{"damage":9.0,"enemies":"2 Louse","floor":2.0,"turns":4.0},{"damage":7.0,"enemies":"Small Slimes","floor":3.0,"turns":3.0},{"damage":29.0,"enemies":"Gremlin Nob","floor":7.0,"turns":4.0},{"damage":27.0,"enemies":"3 Sentries","floor":12.0,"turns":6.0},{"damage":3.0,"enemies":"Looter","floor":13.0,"turns":4.0},{"damage":28.0,"enemies":"The Guardian","floor":16.0,"turns":13.0},{"damage":31.0,"enemies":"Shell Parasite","floor":18.0,"turns":5.0},{"damage":22.0,"enemies":"2 Thieves","floor":19.0,"turns":5.0},{"damage":12.0,"enemies":"Centurion and Healer","floor":20.0,"turns":9.0},{"damage":46,"enemies":"Sentry and Sphere","floor":28,"turns":8},{"damage":46,"enemies":"Book of Stabbing","floor":29,"turns":9},{"damage":21,"enemies":"Slavers","floor":31,"turns":3}],"seed_played":"8229732369994668155","potions_obtained":[{"floor":1.0,"key":"GamblersBrew"},{"floor":3.0,"key":"Swift Potion"},{"floor":16.0,"key":"GamblersBrew"},{"floor":20,"key":"Weak Potion"},{"floor":28,"key":"Energy Potion"},{"floor":29,"key":"Block Potion"}],"is_trial":false,"path_per_floor":["M","M","M","$","?","R","E","R","T","R","?","E","M","?","R","B",null,"M","M","M","?","$","R","?","R","T","R","M","E","?","E"],"character_chosen":"IRONCLAD","items_purchased":["Question Card"],"campfire_rested":2,"item_purchase_floors":[22],"current_hp_per_floor":[67,64,63,63,52,52,29,29,29,51,51,30,35,35,35,15,55,32,18,14,14,14,34,34,34,39,39,45,19,19,0],"gold":99,"neow_bonus":"ONE_RARE_RELIC","is_prod":false,"is_daily":false,"chose_seed":false,"campfire_upgraded":5,"win_rate":0,"timestamp":1563165026,"path_taken":["M","M","M","$","?","R","E","R","T","R","?","E","M","?","R","BOSS","M","M","M","?","$","R","?","R","T","R","M","E","?","E"],"build_version":"2019-07-05","purchased_purges":0,"victory":false,"max_hp_per_floor":[75,75,75,75,75,75,75,75,75,75,68,68,68,68,68,68,68,68,68,68,68,68,68,68,68,68,68,68,75,75,75],"card_choices":[{"not_picked":["Sentinel","Reckless Charge"],"picked":"Shockwave","floor":1.0},{"not_picked":["Shockwave","Sword Boomerang"],"picked":"Rampage","floor":2.0},{"not_picked":["Seeing Red","Sword Boomerang"],"picked":"Shrug It Off","floor":3.0},{"not_picked":["Corruption","Intimidate"],"picked":"Battle Trance","floor":7.0},{"not_picked":["Havoc","True Grit"],"picked":"Combust","floor":10.0},{"not_picked":["Sentinel","Clothesline"],"picked":"Impervious","floor":12.0},{"not_picked":["Perfected Strike","Warcry"],"picked":"Burning Pact","floor":13.0},{"not_picked":["Berserk","Exhume"],"picked":"Offering","floor":16.0},{"not_picked":["Twin Strike+1","Perfected Strike"],"picked":"Uppercut","floor":18.0},{"not_picked":["Shockwave","Clash"],"picked":"Shrug It Off","floor":19.0},{"not_picked":["Exhume","Flex","Intimidate"],"picked":"SKIP","floor":20},{"not_picked":["Warcry","Flame Barrier","Entrench"],"picked":"Disarm","floor":23},{"not_picked":["Twin Strike","Anger","Cleave"],"picked":"Power Through","floor":28},{"not_picked":["Bloodletting","Clash","Twin Strike"],"picked":"Pummel+1","floor":29}],"player_experience":782080,"relics_obtained":[{"floor":7.0,"key":"Whetstone"},{"floor":9.0,"key":"Dream Catcher"},{"floor":12.0,"key":"Blood Vial"},{"floor":26,"key":"Vajra"},{"floor":29,"key":"Strawberry"}],"event_choices":[{"damage_healed":0.0,"max_hp_gain":0.0,"max_hp_loss":0.0,"gold_gain":0.0,"event_name":"Scrap Ooze","player_choice":"Success","floor":5.0,"gold_loss":0.0,"damage_taken":11.0,"relics_obtained":["War Paint"]},{"damage_healed":0.0,"max_hp_gain":0.0,"max_hp_loss":7.0,"gold_gain":0.0,"event_name":"Golden Idol","player_choice":"Lose Max HP","floor":11.0,"gold_loss":0.0,"damage_taken":0.0,"relics_obtained":["Golden Idol"]},{"damage_healed":0.0,"max_hp_gain":0.0,"max_hp_loss":0.0,"gold_gain":0.0,"event_name":"Dead Adventurer","player_choice":"Searched \u00271\u0027 times","floor":14.0,"gold_loss":0.0,"damage_taken":0.0,"relics_obtained":["Lantern"]},{"damage_healed":0,"gold_gain":0,"player_choice":"Gave Idol","damage_taken":0,"relics_obtained":["Bloody Idol"],"max_hp_gain":0,"max_hp_loss":0,"event_name":"Forgotten Altar","floor":21,"relics_lost":["Golden Idol"],"gold_loss":0},{"damage_healed":0,"gold_gain":0,"player_choice":"Read","damage_taken":0,"max_hp_gain":0,"max_hp_loss":0,"event_name":"The Library","floor":24,"gold_loss":0,"cards_obtained":["Evolve"]},{"damage_healed":0,"gold_gain":0,"cards_transformed":["Strike_R","Strike_R"],"player_choice":"Became Test Subject","damage_taken":0,"max_hp_gain":0,"max_hp_loss":0,"event_name":"Drug Dealer","floor":30,"gold_loss":0,"cards_obtained":["Rampage","Limit Break"]}],"is_beta":false,"boss_relics":[{"not_picked":["Runic Cube","Ectoplasm"],"picked":"Lizard Tail"}],"items_purged_floors":[],"is_endless":false,"potions_floor_spawned":[1,3,16,20,28,29],"killed_by":"Slavers","ascension_level":20}