{"gold_per_floor":[114,129,144,144,159,189,204,59,59,59,89,89,89,119,119,219,219,204,114,144,159,84,84,84,84,84,84],"floor_reached":27,"playtime":2248,"items_purged":["Strike_G"],"score":274,"play_id":"26d5568a-2dc6-4ade-ab34-6d94c9d00bb4","local_time":"20190511231423","daily_mods":["Specialized","Flight","DeadlyEvents"],"is_ascension_mode":false,"campfire_choices":[{"data":"Distraction","floor":10,"key":"SMITH"},{"data":"Well Laid Plans","floor":12,"key":"SMITH"},{"data":"Accuracy","floor":13,"key":"SMITH"},{"floor":15,"key":"REST"},{"data":"Envenom","floor":23,"key":"SMITH"},{"data":"Adrenaline","floor":24,"key":"SMITH"},{"data":"Prepared","floor":25,"key":"SMITH"}],"neow_cost":"","seed_source_timestamp":2642085767995147,"circlet_count":0,"master_deck":["Defend_G","Defend_G","Defend_G","Defend_G","Defend_G","Strike_G","Strike_G","Strike_G","Survivor","Neutralize","Accuracy","Accuracy","Accuracy","Accuracy","Accuracy+1","Prepared+1","Quick Slash","Cloak And Dagger","Dagger Spray","Distraction+1","Cloak And Dagger+1","Well Laid Plans+1","Burst","Noxious Fumes","Adrenaline+1","Cloak And Dagger","Envenom+1","Prepared+1"],"special_seed":18028,"relics":["Ring of the Serpent","Bottled Tornado","Dead Branch","Pocketwatch","Bag of Marbles","Bag of Preparation"],"potions_floor_usage":[6,11,14,18,20,27],"damage_taken":[{"damage":9,"enemies":"2 Louse","floor":1,"turns":3},{"damage":1,"enemies":"Jaw Worm","floor":2,"turns":7},{"damage":4,"enemies":"Cultist","floor":3,"turns":4},{"damage":12,"enemies":"3 Louse","floor":5,"turns":4},{"damage":8,"enemies":"Lagavulin","floor":6,"turns":7},{"damage":7,"enemies":"Red Slaver","floor":7,"turns":6},{"damage":4,"enemies":"Gremlin Nob","floor":11,"turns":5},{"damage":7,"enemies":"3 Sentries","floor":14,"turns":4},{"damage":34,"enemies":"The Guardian","floor":16,"turns":10},{"damage":6,"enemies":"2 Thieves","floor":18,"turns":4},{"damage":38,"enemies":"Slavers","floor":20,"turns":5},{"damage":20,"enemies":"Spheric Guardian","floor":21,"turns":5},{"damage":22,"enemies":"Gremlin Leader","floor":27,"turns":5}],"seed_played":"-3356535960329970887","potions_obtained":[{"floor":5,"key":"Strength Potion"},{"floor":11,"key":"Explosive Potion"},{"floor":16,"key":"SkillPotion"},{"floor":18,"key":"Fruit Juice"},{"floor":21,"key":"Block Potion"}],"is_trial":false,"path_per_floor":["M","M","M","?","M","E","M","$","T","R","E","R","R","E","R","B",null,"M","?","E","M","$","R","R","R","T","E"],"character_chosen":"THE_SILENT","items_purchased":["Well Laid Plans","EssenceOfSteel"],"campfire_rested":1,"item_purchase_floors":[8,8],"current_hp_per_floor":[61,60,56,56,44,36,29,29,29,29,25,25,25,18,39,5,70,64,64,31,11,11,11,11,11,11,0],"gold":84,"neow_bonus":"","is_prod":false,"is_daily":true,"chose_seed":false,"campfire_upgraded":6,"win_rate":0,"timestamp":1557630863,"path_taken":["M","M","M","?","M","E","?","$","T","R","E","R","R","?","R","BOSS","M","?","?","M","$","R","R","R","T","?"],"build_version":"2019-01-23","purchased_purges":1,"victory":false,"max_hp_per_floor":[70,70,70,70,70,70,70,70,70,70,70,70,70,70,70,70,70,70,70,75,75,75,75,75,75,75,75],"card_choices":[{"not_picked":["PiercingWail","Sucker Punch"],"picked":"Prepared","floor":1},{"not_picked":["Dagger Spray","Sucker Punch"],"picked":"Quick Slash","floor":2},{"not_picked":["Dodge and Roll","Die Die Die"],"picked":"Cloak And Dagger","floor":3},{"not_picked":["Deflect","Dodge and Roll"],"picked":"Dagger Spray","floor":5},{"not_picked":["Leg Sweep","Dagger Spray"],"picked":"Distraction","floor":6},{"not_picked":["Flying Knee","Catalyst"],"picked":"Cloak And Dagger","floor":7},{"not_picked":["Poisoned Stab","Slice"],"picked":"Burst","floor":11},{"not_picked":["Choke","Acrobatics"],"picked":"Noxious Fumes","floor":14},{"not_picked":["Burst","Corpse Explosion"],"picked":"Adrenaline","floor":16},{"not_picked":["Escape Plan","Footwork"],"picked":"Cloak And Dagger","floor":18},{"not_picked":["Cloak And Dagger","Heel Hook+1"],"picked":"Envenom","floor":20},{"not_picked":["Slice","Dagger Spray"],"picked":"Prepared","floor":21}],"player_experience":131324,"relics_obtained":[{"floor":6,"key":"Bottled Tornado"},{"floor":9,"key":"Dead Branch"},{"floor":11,"key":"Pocketwatch"},{"floor":14,"key":"Bag of Marbles"},{"floor":20,"key":"Bag of Preparation"}],"event_choices":[{"damage_healed":0,"gold_gain":0,"player_choice":"Grow","damage_taken":0,"max_hp_gain":0,"max_hp_loss":0,"event_name":"Living Wall","floor":4,"gold_loss":0,"cards_upgraded":["Prepared"]},{"cards_removed":["Strike_G"],"damage_healed":0,"gold_gain":0,"player_choice":"Upgrade and Remove","damage_taken":0,"max_hp_gain":0,"max_hp_loss":0,"event_name":"Designer","floor":19,"gold_loss":90,"cards_upgraded":["Cloak And Dagger"]}],"is_beta":false,"boss_relics":[{"not_picked":["Snecko Eye","Ectoplasm"],"picked":"Ring of the Serpent"}],"items_purged_floors":[22],"is_endless":false,"potions_floor_spawned":[5,11,16,18,21],"killed_by":"Gremlin Leader","ascension_level":0}