{"gold_per_floor":[144,189,189,189,238,238,313,411,411,460,460,509,48,146,146,471,471,490,90,139,188,188],"floor_reached":22,"playtime":1888,"items_purged":[],"score":221,"play_id":"40ff8deb-8361-4946-a512-39fd901d6eeb","local_time":"20190506000720","daily_mods":["Chimera","Colorless Cards","Midas"],"is_ascension_mode":false,"campfire_choices":[{"floor":6,"key":"REST"},{"floor":15,"key":"REST"}],"neow_cost":"","seed_source_timestamp":2154701918663344,"circlet_count":0,"master_deck":["Bash+1","Survivor","Zap","Strike_R+1","Strike_G","Strike_B","Defend_R","Defend_G+1","Defend_B+1","Dual Wield","Havoc","Injury","Headbutt","Metallicize","Armaments+1","Flex+1","Metallicize","Shrug It Off+1","Magnetism","Iron Wave","Demon Form","Trip+1","Havoc+1","Metallicize"],"special_seed":18022,"relics":["Burning Blood","Golden Idol","Ginger","Toxic Egg 2","Letter Opener","Red Skull","Regal Pillow","Black Star","Shuriken","War Paint"],"potions_floor_usage":[8,10,14,16,22],"damage_taken":[{"damage":19,"enemies":"Jaw Worm","floor":1,"turns":4},{"damage":3,"enemies":"Small Slimes","floor":2,"turns":4},{"damage":12,"enemies":"2 Louse","floor":5,"turns":3},{"damage":42,"enemies":"3 Sentries","floor":8,"turns":10},{"damage":16,"enemies":"Large Slime","floor":10,"turns":6},{"damage":11,"enemies":"Lots of Slimes","floor":12,"turns":2},{"damage":6,"enemies":"Lagavulin","floor":14,"turns":6},{"damage":10,"enemies":"Slime Boss","floor":16,"turns":11},{"damage":10,"enemies":"2 Thieves","floor":18,"turns":4},{"damage":41,"enemies":"Spheric Guardian","floor":20,"turns":6},{"damage":35,"enemies":"Chosen and Byrds","floor":21,"turns":7},{"damage":15,"enemies":"Snake Plant","floor":22,"turns":1}],"seed_played":"2603549402228900304","potions_obtained":[{"floor":5,"key":"BloodPotion"},{"floor":8,"key":"PowerPotion"},{"floor":14,"key":"Regen Potion"},{"floor":21,"key":"Energy Potion"}],"is_trial":false,"path_per_floor":["M","M","?","?","M","R","?","E","T","M","T","M","$","E","R","B",null,"M","$","M","M","M"],"character_chosen":"IRONCLAD","items_purchased":["Metallicize","Shrug It Off+1","Red Skull","SkillPotion","Magnetism","Shuriken","War Paint"],"campfire_rested":2,"item_purchase_floors":[13,13,13,13,13,19,19],"current_hp_per_floor":[67,70,70,54,48,72,61,33,33,23,23,18,18,18,57,65,80,76,76,41,12,0],"gold":188,"neow_bonus":"","is_prod":false,"is_daily":true,"chose_seed":false,"campfire_upgraded":0,"win_rate":0.0,"timestamp":1557115640,"path_taken":["M","M","?","?","M","R","?","E","T","M","?","M","$","E","R","BOSS","M","$","M","M","M"],"build_version":"2019-01-23","purchased_purges":0,"victory":false,"max_hp_per_floor":[80,80,80,80,80,80,80,80,80,80,80,80,80,80,80,80,80,80,80,80,80,80],"card_choices":[{"not_picked":["Wild Strike","Clothesline"],"picked":"Dual Wield","floor":1},{"not_picked":["Second Wind","Flex"],"picked":"Havoc","floor":2},{"not_picked":["Wild Strike","Perfected Strike"],"picked":"Headbutt","floor":5},{"not_picked":["Wild Strike","Twin Strike"],"picked":"Metallicize","floor":8},{"not_picked":["Bandage Up+1","Brutality"],"picked":"Armaments+1","floor":10},{"not_picked":["Havoc+1","Headbutt"],"picked":"Flex+1","floor":12},{"not_picked":["Bandage Up+1","Reckless Charge"],"picked":"Iron Wave","floor":14},{"not_picked":["Juggernaut","Fiend Fire"],"picked":"Demon Form","floor":16},{"not_picked":["Headbutt","Carnage"],"picked":"Trip+1","floor":18},{"not_picked":["Perfected Strike+1","Hemokinesis"],"picked":"Havoc+1","floor":20},{"not_picked":["Headbutt+1","Pommel Strike"],"picked":"Metallicize","floor":21}],"player_experience":36254,"relics_obtained":[{"floor":8,"key":"Ginger"},{"floor":9,"key":"Toxic Egg 2"},{"floor":11,"key":"Letter Opener"},{"floor":14,"key":"Regal Pillow"}],"event_choices":[{"damage_healed":0,"gold_gain":0,"player_choice":"Take Wound","damage_taken":0,"relics_obtained":["Golden Idol"],"max_hp_gain":0,"max_hp_loss":0,"event_name":"Golden Idol","floor":3,"gold_loss":0,"cards_obtained":["Injury"]},{"damage_healed":0,"gold_gain":0,"player_choice":"Entered Light","damage_taken":16,"max_hp_gain":0,"max_hp_loss":0,"event_name":"Shining Light","floor":4,"gold_loss":0,"cards_upgraded":["Strike_R","Bash"]},{"damage_healed":0,"gold_gain":75,"player_choice":"Gather Gold","damage_taken":11,"max_hp_gain":0,"max_hp_loss":0,"event_name":"World of Goop","floor":7,"gold_loss":0}],"is_beta":false,"boss_relics":[{"not_picked":["Empty Cage","Pandora\u0027s Box"],"picked":"Black Star"}],"items_purged_floors":[],"is_endless":false,"potions_floor_spawned":[5,8,14,21],"killed_by":"Snake Plant","ascension_level":0}