{"gold_per_floor":[114,114,132,147,160,160,189,189,189,189,221,234,66,86,86,190,190,204,7,17,17],"floor_reached":21,"playtime":1211,"items_purged":["Strike_G"],"score":210,"play_id":"4750dac3-2e8d-4cde-8672-9c077e8bd72d","local_time":"20190706193654","is_ascension_mode":true,"campfire_choices":[{"data":"Envenom","floor":6,"key":"SMITH"},{"floor":8,"key":"REST"},{"floor":15,"key":"REST"}],"neow_cost":"NONE","seed_source_timestamp":6888890663945,"circlet_count":0,"master_deck":["Strike_G","Strike_G","Strike_G","Strike_G","Defend_G","Defend_G","Defend_G","Defend_G","Defend_G","Survivor","Neutralize+1","Crippling Poison","Quick Slash","Flying Knee","Envenom+1","Predator","Dagger Spray+1","PiercingWail+1","Catalyst+1","Bane+1","Poisoned Stab+1","Glass Knife+1","Deflect+1","Flying Knee+1","Deadly Poison+1"],"relics":["Ring of the Snake","Bottled Lightning","Toxic Egg 2","Pantograph","Molten Egg 2","The Specimen","Eternal Feather","Happy Flower"],"potions_floor_usage":[14,14,16,18,21],"damage_taken":[{"damage":0,"enemies":"Cultist","floor":1,"turns":3},{"damage":6,"enemies":"Small Slimes","floor":3,"turns":5},{"damage":2,"enemies":"Jaw Worm","floor":4,"turns":4},{"damage":8,"enemies":"Lots of Slimes","floor":5,"turns":3},{"damage":14,"enemies":"Gremlin Nob","floor":7,"turns":5},{"damage":18,"enemies":"Lagavulin","floor":11,"turns":6},{"damage":9,"enemies":"Blue Slaver","floor":12,"turns":4},{"damage":3,"enemies":"Exordium Wildlife","floor":14,"turns":2},{"damage":16,"enemies":"The Guardian","floor":16,"turns":8},{"damage":17,"enemies":"Shell Parasite","floor":18,"turns":5},{"damage":22,"enemies":"Spheric Guardian","floor":20,"turns":4},{"damage":37,"enemies":"Centurion and Healer","floor":21,"turns":5}],"seed_played":"-7049456458476953618","potions_obtained":[{"floor":5,"key":"Swift Potion"},{"floor":7,"key":"Explosive Potion"},{"floor":12,"key":"EssenceOfSteel"},{"floor":14,"key":"Swift Potion"},{"floor":16,"key":"Block Potion"}],"is_trial":false,"path_per_floor":["M","T","M","M","M","R","E","R","T","T","E","M","$","M","R","B",null,"M","$","M","M"],"character_chosen":"THE_SILENT","items_purchased":["Catalyst+1","Bane+1","Happy Flower","Flying Knee+1"],"campfire_rested":2,"item_purchase_floors":[13,13,19,19],"current_hp_per_floor":[70,70,64,62,54,54,40,61,61,61,43,34,34,31,52,54,70,53,53,31,0],"gold":17,"neow_bonus":"UPGRADE_CARD","is_prod":false,"is_daily":false,"chose_seed":false,"campfire_upgraded":1,"win_rate":0,"timestamp":1562434614,"path_taken":["M","?","M","?","M","R","E","R","T","?","E","M","$","M","R","BOSS","M","$","M","M"],"build_version":"2019-07-05","purchased_purges":1,"victory":false,"max_hp_per_floor":[70,70,70,70,70,70,70,70,70,70,70,70,70,70,70,70,70,70,70,70,70],"card_choices":[{"not_picked":["Outmaneuver","Dodge and Roll"],"picked":"Crippling Poison","floor":1},{"not_picked":["Cloak And Dagger","Sucker Punch"],"picked":"Quick Slash","floor":3},{"not_picked":["Outmaneuver","Cloak And Dagger"],"picked":"Flying Knee","floor":4},{"not_picked":["Blur","Masterful Stab"],"picked":"Envenom","floor":5},{"not_picked":["Calculated Gamble","Expertise"],"picked":"Predator","floor":7},{"not_picked":["Sucker Punch+1","Bouncing Flask+1"],"picked":"Dagger Spray+1","floor":11},{"not_picked":["Tactician+1","Outmaneuver+1"],"picked":"PiercingWail+1","floor":12},{"not_picked":["Sucker Punch+1","Cloak And Dagger+1"],"picked":"Poisoned Stab+1","floor":14},{"not_picked":["Envenom","Tools of the Trade"],"picked":"Glass Knife+1","floor":16},{"not_picked":["PiercingWail+1","Sucker Punch+1"],"picked":"Deflect+1","floor":18},{"not_picked":["Flying Knee+1","Bouncing Flask+1"],"picked":"Deadly Poison+1","floor":20}],"player_experience":58781,"relics_obtained":[{"floor":2,"key":"Bottled Lightning"},{"floor":7,"key":"Toxic Egg 2"},{"floor":9,"key":"Pantograph"},{"floor":10,"key":"Molten Egg 2"},{"floor":11,"key":"The Specimen"}],"event_choices":[],"is_beta":false,"boss_relics":[{"not_picked":["Lizard Tail","Ring of the Serpent"],"picked":"Eternal Feather"}],"items_purged_floors":[13],"is_endless":false,"potions_floor_spawned":[5,7,12,14,16],"killed_by":"Centurion and Healer","ascension_level":2}