{"gold_per_floor":[156,198,246,282,315,402,483,588,612,705,70,166,241,328,328,622,622,673,703,733,784,44,137,221,296,342,432,31,118,202,256,256,571,571,601,643,159,213,267,348,89,164,190,274,355,397,499,595,595,595],"floor_reached":51,"playtime":7429,"items_purged":[],"score":2237,"play_id":"bc51d670-986a-4b49-a0b4-e9ceb381cecd","local_time":"20190603183107","daily_mods":["Vintage","Allstar","Heirloom","Time Dilation","Flight","Elite Swarm","Midas"],"is_ascension_mode":true,"campfire_choices":[{"floor":15.0,"key":"REST"},{"floor":32.0,"key":"REST"},{"floor":49,"key":"REST"}],"neow_cost":"","seed_source_timestamp":0,"circlet_count":0,"master_deck":["Strike_B","Defend_B","Defend_B","Defend_B","Defend_B","Zap+1","Dualcast","Forethought","Sadistic Nature","Blind","Trip","Violence","Machine Learning","Creative AI","Echo Form","Reboot+1","Defragment","Ball Lightning","Panache","Genetic Algorithm","Stack","Meteor Strike","Seek","Reboot","Coolheaded+1","Consume+1","Heatsinks+1","Loop","Seek","Hologram","Secret Weapon","Rainbow","Echo Form","Ball Lightning","Hello World","Seek","Tempest","Rainbow","Defragment","Mind Blast","Buffer","Amplify+1","Seek+1","Seek+1","Meteor Strike+1","Leap+1"],"special_seed":0,"relics":["Cracked Core","Dead Branch","Symbiotic Virus","PreservedInsect","Gremlin Horn","Centennial Puzzle","Juzu Bracelet","Bag of Preparation","Smiling Mask","Pen Nib","MawBank","DataDisk","Mummified Hand","Strawberry","Happy Flower","Anchor","Astrolabe","War Paint","Sundial","Darkstone Periapt","Dodecahedron","Blood Vial","Regal Pillow","Oddly Smooth Stone","Singing Bowl","Lantern","Art of War","Bronze Scales","Orichalcum","Tiny Chest","Vajra","Bottled Lightning","Dream Catcher","Fusion Hammer","Toxic Egg 2","Bottled Flame","Bag of Marbles","TheAbacus","Potion Belt","Kunai","Pear","Bottled Tornado","Question Card","The Courier","Ornamental Fan","Molten Egg 2","Cables","Pocketwatch","Gambling Chip"],"potions_floor_usage":[50,50,50],"damage_taken":[{"damage":12.0,"enemies":"Jaw Worm","floor":1.0,"turns":3.0},{"damage":0.0,"enemies":"Small Slimes","floor":2.0,"turns":2.0},{"damage":2.0,"enemies":"2 Louse","floor":3.0,"turns":3.0},{"damage":1.0,"enemies":"2 Fungi Beasts","floor":4.0,"turns":2.0},{"damage":11.0,"enemies":"Large Slime","floor":5.0,"turns":4.0},{"damage":8.0,"enemies":"Lagavulin","floor":6.0,"turns":6.0},{"damage":8.0,"enemies":"Gremlin Nob","floor":7.0,"turns":3.0},{"damage":9.0,"enemies":"3 Sentries","floor":8.0,"turns":5.0},{"damage":0.0,"enemies":"Gremlin Nob","floor":10.0,"turns":2.0},{"damage":4.0,"enemies":"3 Sentries","floor":12.0,"turns":3.0},{"damage":7.0,"enemies":"Gremlin Nob","floor":13.0,"turns":3.0},{"damage":0.0,"enemies":"Lagavulin","floor":14.0,"turns":4.0},{"damage":18.0,"enemies":"Hexaghost","floor":16.0,"turns":5.0},{"damage":1.0,"enemies":"Shell Parasite","floor":18.0,"turns":3.0},{"damage":0.0,"enemies":"3 Byrds","floor":19.0,"turns":2.0},{"damage":0.0,"enemies":"Snake Plant","floor":20.0,"turns":2.0},{"damage":0.0,"enemies":"Cultist and Chosen","floor":21.0,"turns":2.0},{"damage":0.0,"enemies":"Gremlin Leader","floor":23.0,"turns":2.0},{"damage":3.0,"enemies":"Book of Stabbing","floor":24.0,"turns":3.0},{"damage":12.0,"enemies":"Slavers","floor":25.0,"turns":3.0},{"damage":0.0,"enemies":"Book of Stabbing","floor":27.0,"turns":3.0},{"damage":0.0,"enemies":"Slavers","floor":29.0,"turns":1.0},{"damage":0.0,"enemies":"Gremlin Leader","floor":30.0,"turns":1.0},{"damage":0.0,"enemies":"Chosen and Byrds","floor":31.0,"turns":1.0},{"damage":0.0,"enemies":"Automaton","floor":33.0,"turns":4.0},{"damage":0.0,"enemies":"3 Shapes","floor":35.0,"turns":2.0},{"damage":0.0,"enemies":"Orb Walker","floor":36.0,"turns":1.0},{"damage":0.0,"enemies":"Sphere and 2 Shapes","floor":38.0,"turns":1.0},{"damage":0.0,"enemies":"Maw","floor":39.0,"turns":1.0},{"damage":0.0,"enemies":"Nemesis","floor":40.0,"turns":1.0},{"damage":0.0,"enemies":"Giant Head","floor":42.0,"turns":3.0},{"damage":0.0,"enemies":"Nemesis","floor":44.0,"turns":1.0},{"damage":0,"enemies":"Giant Head","floor":45,"turns":2},{"damage":0,"enemies":"Writhing Mass","floor":46,"turns":1},{"damage":0,"enemies":"Reptomancer","floor":47,"turns":1},{"damage":0,"enemies":"Nemesis","floor":48,"turns":1},{"damage":0,"enemies":"Donu and Deca","floor":50,"turns":3}],"seed_played":"2736794347831822407","potions_obtained":[{"floor":1.0,"key":"LiquidBronze"},{"floor":3.0,"key":"EssenceOfSteel"},{"floor":4.0,"key":"SkillPotion"},{"floor":5.0,"key":"Energy Potion"},{"floor":8.0,"key":"PowerPotion"},{"floor":12.0,"key":"FocusPotion"},{"floor":14.0,"key":"GamblersBrew"},{"floor":19.0,"key":"FearPotion"},{"floor":21.0,"key":"Weak Potion"},{"floor":23.0,"key":"SkillPotion"},{"floor":33.0,"key":"Energy Potion"},{"floor":42.0,"key":"Ancient Potion"},{"floor":44.0,"key":"Strength Potion"},{"floor":46,"key":"AttackPotion"}],"is_trial":true,"path_per_floor":[],"character_chosen":"DEFECT","items_purchased":["Defragment","Mummified Hand","Ball Lightning","Panache","Genetic Algorithm","Stack","Blood Vial","Regal Pillow","Loop","Seek","Hologram","Secret Weapon","Orichalcum","Tiny Chest","Ball Lightning","Hello World","Defragment","Mind Blast","Bag of Marbles","TheAbacus","Bottled Tornado"],"campfire_rested":3,"item_purchase_floors":[11,11,11,11,11,11,22,22,22,22,22,22,28,28,28,28,37,37,37,37,41],"current_hp_per_floor":[56,56,54,53,42,34,26,17,17,17,17,20,13,13,37,19,66,65,65,65,65,65,67,68,60,60,62,62,66,68,70,88,88,88,88,88,88,88,88,98,98,98,98,98,98,98,100,100,100,100],"gold":595,"neow_bonus":"","is_prod":false,"is_daily":false,"chose_seed":false,"campfire_upgraded":0,"win_rate":0,"timestamp":1559575867,"path_taken":["M","M","M","M","M","E","E","E","T","E","$","E","E","E","R","BOSS","M","M","M","M","$","E","E","E","T","E","$","E","E","M","R","BOSS","M","M","$","M","M","E","$","E","T","E","E","M","E","E","R","BOSS"],"build_version":"2019-01-23","purchased_purges":0,"victory":true,"max_hp_per_floor":[75,75,75,75,75,75,75,75,75,75,75,82,82,82,82,82,82,82,82,82,82,82,82,84,86,86,86,86,88,88,88,88,88,88,88,88,88,88,88,98,98,98,98,98,98,98,100,100,100,100],"card_choices":[{"not_picked":["Thunder Strike","Multi-Cast"],"picked":"Machine Learning","floor":6.0},{"not_picked":["Echo Form","Buffer"],"picked":"Creative AI","floor":7.0},{"not_picked":["All For One","Core Surge"],"picked":"Echo Form","floor":8.0},{"not_picked":["Electrodynamics","Echo Form"],"picked":"Reboot","floor":10.0},{"not_picked":["Seek","Echo Form"],"picked":"Meteor Strike","floor":12.0},{"not_picked":["Reboot","Hyperbeam","Meteor Strike"],"picked":"SKIP","floor":13.0},{"not_picked":["Reboot","Echo Form"],"picked":"Seek","floor":14.0},{"not_picked":["Hyperbeam","Electrodynamics"],"picked":"Reboot","floor":16.0},{"not_picked":["Core Surge","Echo Form"],"picked":"Rainbow","floor":23.0},{"not_picked":["All For One","Hyperbeam","Reboot"],"picked":"Singing Bowl","floor":24.0},{"not_picked":["Core Surge","Hyperbeam","Machine Learning"],"picked":"Singing Bowl","floor":25.0},{"not_picked":["Reboot","All For One"],"picked":"Echo Form","floor":27.0},{"not_picked":["Machine Learning","Echo Form","Core Surge"],"picked":"Singing Bowl","floor":29.0},{"not_picked":["Biased Cognition","Multi-Cast"],"picked":"Seek","floor":30.0},{"not_picked":["Stack","Compile Driver"],"picked":"Tempest","floor":32.0},{"not_picked":["Biased Cognition","Thunder Strike"],"picked":"Rainbow","floor":33.0},{"not_picked":["Core Surge","Electrodynamics"],"picked":"Buffer","floor":40.0},{"not_picked":["Creative AI","Thunder Strike"],"picked":"Amplify+1","floor":42.0},{"not_picked":["Biased Cognition","Fission+1","Rainbow+1"],"picked":"Seek+1","floor":44.0},{"not_picked":["Multi-Cast+1","Electrodynamics","Hyperbeam"],"picked":"Seek+1","floor":45},{"not_picked":["Buffer","Biased Cognition","Echo Form","All For One+1"],"picked":"Singing Bowl","floor":47},{"not_picked":["Thunder Strike+1","Electrodynamics","Seek+1"],"picked":"Meteor Strike+1","floor":48},{"not_picked":["Sunder+1","Rip and Tear+1","Recycle+1"],"picked":"Leap+1","floor":49}],"player_experience":161245,"relics_obtained":[{"floor":1.0,"key":"Symbiotic Virus"},{"floor":2.0,"key":"PreservedInsect"},{"floor":3.0,"key":"Gremlin Horn"},{"floor":4.0,"key":"Centennial Puzzle"},{"floor":5.0,"key":"Juzu Bracelet"},{"floor":6.0,"key":"Bag of Preparation"},{"floor":7.0,"key":"Smiling Mask"},{"floor":8.0,"key":"Pen Nib"},{"floor":9.0,"key":"MawBank"},{"floor":10.0,"key":"DataDisk"},{"floor":12.0,"key":"Strawberry"},{"floor":13.0,"key":"Happy Flower"},{"floor":14.0,"key":"Anchor"},{"floor":18.0,"key":"War Paint"},{"floor":19.0,"key":"Sundial"},{"floor":20.0,"key":"Darkstone Periapt"},{"floor":21.0,"key":"Dodecahedron"},{"floor":23.0,"key":"Oddly Smooth Stone"},{"floor":24.0,"key":"Singing Bowl"},{"floor":25.0,"key":"Lantern"},{"floor":26.0,"key":"Art of War"},{"floor":27.0,"key":"Bronze Scales"},{"floor":29.0,"key":"Vajra"},{"floor":30.0,"key":"Bottled Lightning"},{"floor":31.0,"key":"Dream Catcher"},{"floor":35.0,"key":"Toxic Egg 2"},{"floor":36.0,"key":"Bottled Flame"},{"floor":38.0,"key":"Potion Belt"},{"floor":39.0,"key":"Kunai"},{"floor":40.0,"key":"Pear"},{"floor":42.0,"key":"Question Card"},{"floor":43.0,"key":"The Courier"},{"floor":44.0,"key":"Ornamental Fan"},{"floor":45,"key":"Molten Egg 2"},{"floor":46,"key":"Cables"},{"floor":47,"key":"Pocketwatch"},{"floor":48,"key":"Gambling Chip"}],"event_choices":[],"is_beta":false,"boss_relics":[{"not_picked":["FrozenCore","Eternal Feather"],"picked":"Astrolabe"},{"not_picked":["Velvet Choker","White Beast Statue"],"picked":"Fusion Hammer"}],"items_purged_floors":[],"is_endless":false,"potions_floor_spawned":[1,3,4,5,8,12,14,19,21,23,27,30,33,35,42,44,45,46],"ascension_level":9}