{"gold_per_floor":[13,24,24,41,53,53,88,98,170,170,184,184,184,216,216,318,318,330,330,344,359,207,241,241,274,328,373,385,411,456,486,498,614,676,701,367,380,380,51,71,90,118,142,191,191,209,244,255,255,255],"floor_reached":51,"playtime":4405,"items_purged":["Strike_R","Strike_R"],"score":929,"play_id":"7ef92c2b-06e7-4671-b83d-807e7fd29189","local_time":"20190712101938","is_ascension_mode":true,"campfire_choices":[{"data":"Immolate","floor":6.0,"key":"SMITH"},{"data":"Uppercut","floor":10.0,"key":"SMITH"},{"data":"Rampage","floor":13.0,"key":"SMITH"},{"data":"Corruption","floor":15.0,"key":"SMITH"},{"data":"Inflame","floor":24.0,"key":"SMITH"},{"data":"Immolate","floor":32.0,"key":"SMITH"},{"floor":49,"key":"REST"}],"neow_cost":"NO_GOLD","seed_source_timestamp":1158480313516239,"circlet_count":0,"master_deck":["Defend_R","Defend_R","Defend_R","Defend_R","Bash+1","Immolate+1","Offering","Feel No Pain+1","Metallicize+1","Uppercut+1","Rampage+1","Corruption+1","Double Tap+1","Shrug It Off+1","Immolate+1","Entrench+1","Inflame+1","Battle Trance+1","Sentinel+1","Shrug It Off+1","Evolve+1","Feed","Thunderclap+1","Deep Breath+1","Havoc+1","Metallicize+1","Exhume+1","Inflame+1","Battle Trance+1","Flex+1","Infernal Blade+1"],"special_seed":0,"relics":["Burning Blood","Blood Vial","Toxic Egg 2","Bird Faced Urn","Bronze Scales","White Beast Statue","Oddly Smooth Stone","Frozen Egg 2","MawBank","Paper Frog","PreservedInsect","Tiny House","Lantern","Bottled Flame","Blue Candle","Art of War","Turnip","Bag of Marbles"],"potions_floor_usage":[41,44,46,50,50],"damage_taken":[{"damage":1.0,"enemies":"Cultist","floor":1.0,"turns":3.0},{"damage":3.0,"enemies":"Jaw Worm","floor":2.0,"turns":4.0},{"damage":0.0,"enemies":"2 Louse","floor":4.0,"turns":1.0},{"damage":6.0,"enemies":"Gremlin Gang","floor":5.0,"turns":2.0},{"damage":21.0,"enemies":"Gremlin Nob","floor":7.0,"turns":4.0},{"damage":6.0,"enemies":"Blue Slaver","floor":8.0,"turns":3.0},{"damage":1.0,"enemies":"Exordium Thugs","floor":11.0,"turns":2.0},{"damage":13.0,"enemies":"Lagavulin","floor":14.0,"turns":7.0},{"damage":45.0,"enemies":"Slime Boss","floor":16.0,"turns":8.0},{"damage":7.0,"enemies":"2 Thieves","floor":18.0,"turns":2.0},{"damage":6.0,"enemies":"Chosen","floor":20.0,"turns":3.0},{"damage":13.0,"enemies":"Centurion and Healer","floor":21.0,"turns":4.0},{"damage":45.0,"enemies":"Slavers","floor":23.0,"turns":5.0},{"damage":24.0,"enemies":"Gremlin Leader","floor":25.0,"turns":6.0},{"damage":12.0,"enemies":"Book of Stabbing","floor":27.0,"turns":5.0},{"damage":10.0,"enemies":"Sentry and Sphere","floor":29.0,"turns":5.0},{"damage":6.0,"enemies":"Gremlin Leader","floor":30.0,"turns":4.0},{"damage":6.0,"enemies":"Snake Plant","floor":31.0,"turns":3.0},{"damage":21.0,"enemies":"Automaton","floor":33.0,"turns":11.0},{"damage":0.0,"enemies":"Orb Walker","floor":35.0,"turns":3.0},{"damage":0.0,"enemies":"3 Darklings","floor":37.0,"turns":1.0},{"damage":15,"enemies":"Spire Growth","floor":40,"turns":6},{"damage":17,"enemies":"4 Shapes","floor":41,"turns":9},{"damage":17,"enemies":"Nemesis","floor":42,"turns":5},{"damage":42,"enemies":"2 Orb Walkers","floor":44,"turns":5},{"damage":7,"enemies":"Sphere and 2 Shapes","floor":46,"turns":6},{"damage":22,"enemies":"Giant Head","floor":47,"turns":7},{"damage":37,"enemies":"Spire Growth","floor":48,"turns":4},{"damage":41,"enemies":"Time Eater","floor":50,"turns":7}],"seed_played":"6143635352530390567","potions_obtained":[{"floor":4.0,"key":"SkillPotion"},{"floor":5.0,"key":"BloodPotion"},{"floor":7.0,"key":"BloodPotion"},{"floor":14.0,"key":"FearPotion"},{"floor":18.0,"key":"Strength Potion"},{"floor":20.0,"key":"Explosive Potion"},{"floor":21.0,"key":"BloodPotion"},{"floor":25.0,"key":"EssenceOfSteel"},{"floor":27.0,"key":"SpeedPotion"},{"floor":30.0,"key":"Energy Potion"},{"floor":33.0,"key":"Weak Potion"},{"floor":35.0,"key":"Strength Potion"},{"floor":37.0,"key":"SkillPotion"},{"floor":41,"key":"LiquidBronze"},{"floor":44,"key":"Explosive Potion"},{"floor":46,"key":"Ancient Potion"},{"floor":47,"key":"Weak Potion"}],"is_trial":false,"path_per_floor":["?","?","?","M","?","M","?","$","M","?","?"],"character_chosen":"IRONCLAD","items_purchased":["Inflame","Lantern","Deep Breath+1","Bottled Flame","Metallicize+1"],"campfire_rested":1,"item_purchase_floors":[22,36,36,39,39],"current_hp_per_floor":[80,80,80,80,80,80,65,67,67,67,74,74,74,73,73,42,80,79,79,80,73,73,44,44,44,44,48,48,48,66,72,72,69,85,85,85,85,77,77,85,87,82,82,59,59,80,83,62,92,74],"gold":255,"neow_bonus":"TRANSFORM_TWO_CARDS","is_prod":false,"is_daily":false,"chose_seed":false,"campfire_upgraded":6,"win_rate":0,"timestamp":1562915978,"path_taken":["M","M","?","M","M","R","E","M","T","R","M","?","R","E","R","BOSS","M","?","M","?","$","E","R","E","T","E","?","M","E","?","R","BOSS","M","$","M","?","?","?","M","E","T","?","?","M","E","M","R","BOSS"],"build_version":"2019-01-23","purchased_purges":2,"victory":true,"max_hp_per_floor":[80,80,80,80,80,80,80,80,80,80,80,80,80,80,80,80,80,80,80,80,80,80,80,80,80,80,80,80,80,80,80,80,80,85,85,85,85,85,85,88,91,91,91,94,94,100,103,103,103,106],"card_choices":[{"not_picked":["Havoc","Warcry","Flex"],"picked":"SKIP","floor":1.0},{"not_picked":["Warcry","Headbutt","Intimidate"],"picked":"SKIP","floor":2.0},{"not_picked":["Anger","Flex"],"picked":"Feel No Pain","floor":4.0},{"not_picked":["Power Through","Wild Strike"],"picked":"Metallicize","floor":5.0},{"not_picked":["Burning Pact","Entrench"],"picked":"Uppercut","floor":7.0},{"not_picked":["Bludgeon","Whirlwind"],"picked":"Rampage","floor":8.0},{"not_picked":["Inflame","Flex+1"],"picked":"True Grit+1","floor":11.0},{"not_picked":["Shrug It Off+1","Bloodletting+1"],"picked":"Corruption","floor":14.0},{"not_picked":["Berserk","Juggernaut"],"picked":"Double Tap+1","floor":16.0},{"not_picked":["Sever Soul","Evolve+1"],"picked":"Shrug It Off+1","floor":18.0},{"not_picked":["Perfected Strike","Rampage","Sword Boomerang"],"picked":"SKIP","floor":20.0},{"not_picked":["Heavy Blade+1","Havoc+1"],"picked":"Entrench+1","floor":21.0},{"not_picked":["Cleave","Juggernaut","Clothesline"],"picked":"SKIP","floor":23.0},{"not_picked":["Cleave","Juggernaut","Clothesline"],"picked":"SKIP","floor":23.0},{"not_picked":["Whirlwind","Power Through+1","Dual Wield+1"],"picked":"SKIP","floor":25.0},{"not_picked":["Evolve+1","Pummel"],"picked":"Battle Trance+1","floor":27.0},{"not_picked":["Clothesline","Intimidate+1"],"picked":"Sentinel+1","floor":29.0},{"not_picked":["Fiend Fire","Burning Pact+1"],"picked":"Shrug It Off+1","floor":30.0},{"not_picked":["Pommel Strike","Shrug It Off+1"],"picked":"Evolve+1","floor":31.0},{"not_picked":["Double Tap+1","Berserk+1"],"picked":"Feed","floor":33.0},{"not_picked":["Clothesline","Warcry+1"],"picked":"Thunderclap+1","floor":35.0},{"not_picked":["Body Slam","Rampage"],"picked":"Havoc+1","floor":37.0},{"not_picked":["Thunderclap","Wild Strike"],"picked":"Exhume+1","floor":40},{"not_picked":["Anger+1","Flex+1","Clash"],"picked":"SKIP","floor":41},{"not_picked":["Clash+1","Entrench+1"],"picked":"Inflame+1","floor":42},{"not_picked":["Anger+1","Havoc+1"],"picked":"Battle Trance+1","floor":44},{"not_picked":["Warcry+1","Rampage"],"picked":"Flex+1","floor":46},{"not_picked":["Whirlwind","Thunderclap"],"picked":"Infernal Blade+1","floor":47},{"not_picked":["Sword Boomerang+1","Pummel","Wild Strike+1"],"picked":"SKIP","floor":48}],"player_experience":375109,"relics_obtained":[{"floor":7.0,"key":"Blood Vial"},{"floor":9.0,"key":"Toxic Egg 2"},{"floor":14.0,"key":"Bronze Scales"},{"floor":23.0,"key":"Oddly Smooth Stone"},{"floor":25.0,"key":"Frozen Egg 2"},{"floor":26.0,"key":"MawBank"},{"floor":27.0,"key":"Paper Frog"},{"floor":30.0,"key":"PreservedInsect"},{"floor":42,"key":"Blue Candle"},{"floor":43,"key":"Art of War"},{"floor":44,"key":"Turnip"},{"floor":47,"key":"Bag of Marbles"}],"event_choices":[{"damage_healed":0.0,"max_hp_gain":0.0,"max_hp_loss":0.0,"gold_gain":0.0,"event_name":"Living Wall","player_choice":"Grow","floor":3.0,"gold_loss":0.0,"damage_taken":0.0,"cards_upgraded":["Bash"]},{"damage_healed":0.0,"max_hp_gain":0.0,"max_hp_loss":0.0,"gold_gain":0.0,"event_name":"WeMeetAgain","player_choice":"Gave Potion","floor":12.0,"gold_loss":0.0,"damage_taken":0.0,"relics_obtained":["Bird Faced Urn"]},{"damage_healed":0.0,"max_hp_gain":0.0,"max_hp_loss":0.0,"gold_gain":0.0,"cards_transformed":["Strike_R"],"event_name":"Transmorgrifier","player_choice":"Transformed","floor":19.0,"gold_loss":0.0,"damage_taken":0.0,"cards_obtained":["Immolate"]},{"damage_healed":0.0,"max_hp_gain":0.0,"max_hp_loss":0.0,"gold_gain":0.0,"event_name":"Upgrade Shrine","player_choice":"Upgraded","floor":28.0,"gold_loss":0.0,"damage_taken":0.0,"cards_upgraded":["Metallicize"]},{"damage_healed":0.0,"max_hp_gain":0.0,"max_hp_loss":0.0,"gold_gain":0.0,"event_name":"Wheel of Change","player_choice":"Damaged","floor":38.0,"gold_loss":0.0,"damage_taken":8.0},{"damage_healed":0,"gold_gain":0,"player_choice":"Fight","damage_taken":0,"max_hp_gain":0,"max_hp_loss":0,"event_name":"Mysterious Sphere","floor":44,"gold_loss":0},{"cards_removed":["True Grit"],"damage_healed":0,"gold_gain":0,"player_choice":"Removed Skill","damage_taken":0,"max_hp_gain":0,"max_hp_loss":0,"event_name":"Falling","floor":45,"gold_loss":0}],"is_beta":false,"boss_relics":[{"not_picked":["Runic Cube","Eternal Feather"],"picked":"White Beast Statue"},{"not_picked":["Calling Bell","Snecko Eye"],"picked":"Tiny House"}],"items_purged_floors":[22,36],"is_endless":false,"potions_floor_spawned":[4,5,7,11,14,18,20,21,23,25,27,29,30,31,33,35,37,40,41,42,44,46,47,48],"ascension_level":2}