{"gold_per_floor":[114,114,114,114,114,114,144,144,194,44,77,92,107,32,32,132,132,147,147,162,177,192,222,222,237,237,252,282,297,297,312,312,412,462,477,477,477,489,142,172,187,202,202,232,454,454,469,19,19,19],"floor_reached":50,"playtime":3247,"items_purged":["Strike_G"],"score":613,"play_id":"2084e7de-16ab-40e8-a5a3-7a8316c845ff","local_time":"20190510221431","daily_mods":["Cursed Run","Diverse","Terminal"],"is_ascension_mode":false,"campfire_choices":[{"data":"Neutralize","floor":6,"key":"SMITH"},{"floor":8,"key":"REST"},{"floor":15,"key":"REST"},{"data":"All For One","floor":24,"key":"SMITH"},{"data":"Infernal Blade","floor":30,"key":"SMITH"},{"data":"Gash","floor":32,"key":"SMITH"},{"floor":46,"key":"REST"},{"floor":49,"key":"REST"}],"neow_cost":"","seed_source_timestamp":0,"circlet_count":0,"master_deck":["Survivor+1","Neutralize+1","Prepared+1","Acrobatics+1","Decay","Gash+1","Turbo+1","Brutality+1","Infernal Blade+1","Storm of Steel+1","Pummel+1","Reboot+1","Outmaneuver+1","Tools of the Trade+1","All For One+1","After Image+1","All For One+1","Fire Breathing+1","Anger+1","Cleave+1","Static Discharge+1","Clumsy","Cold Snap+1","Gash+1","Regret","Reboot+1","Steam Power+1","Force Field+1","Purity","Decay","Fire Breathing+1"],"special_seed":18027,"relics":["Cursed Key","Darkstone Periapt","Du-Vu Doll","Pear","Omamori","Vajra","Frozen Egg 2","Pandora\u0027s Box","Juzu Bracelet","Gremlin Horn","Red Mask","Blue Candle","Ginger","Tiny House","Mark of the Bloom","Unceasing Top","Kunai","Snake Skull","Mummified Hand","Smiling Mask","Bottled Tornado","DollysMirror"],"potions_floor_usage":[16,22,22,23,29,31,35,41,42,50],"damage_taken":[{"damage":0,"enemies":"Small Slimes","floor":1,"turns":3},{"damage":53,"enemies":"Gremlin Nob","floor":7,"turns":7},{"damage":23,"enemies":"3 Sentries","floor":11,"turns":8},{"damage":0,"enemies":"Jaw Worm","floor":12,"turns":3},{"damage":0,"enemies":"2 Louse","floor":13,"turns":2},{"damage":6,"enemies":"Slime Boss","floor":16,"turns":7},{"damage":2,"enemies":"3 Byrds","floor":18,"turns":3},{"damage":1,"enemies":"Spheric Guardian","floor":20,"turns":2},{"damage":2,"enemies":"Centurion and Healer","floor":21,"turns":3},{"damage":16,"enemies":"Cultist and Chosen","floor":22,"turns":5},{"damage":18,"enemies":"Book of Stabbing","floor":23,"turns":4},{"damage":2,"enemies":"Masked Bandits","floor":25,"turns":2},{"damage":2,"enemies":"Snake Plant","floor":27,"turns":3},{"damage":14,"enemies":"Slavers","floor":28,"turns":3},{"damage":2,"enemies":"Snecko","floor":29,"turns":3},{"damage":1,"enemies":"Centurion and Healer","floor":31,"turns":2},{"damage":11,"enemies":"Automaton","floor":33,"turns":6},{"damage":0,"enemies":"Orb Walker","floor":35,"turns":2},{"damage":5,"enemies":"2 Orb Walkers","floor":38,"turns":2},{"damage":3,"enemies":"Reptomancer","floor":40,"turns":3},{"damage":18,"enemies":"3 Shapes","floor":41,"turns":2},{"damage":0,"enemies":"Maw","floor":42,"turns":2},{"damage":2,"enemies":"Nemesis","floor":44,"turns":3},{"damage":1,"enemies":"4 Shapes","floor":47,"turns":1},{"damage":42,"enemies":"Awakened One","floor":50,"turns":4}],"seed_played":"-2800817003503574526","potions_obtained":[{"floor":12,"key":"PowerPotion"},{"floor":16,"key":"Dexterity Potion"},{"floor":20,"key":"Strength Potion"},{"floor":21,"key":"Fire Potion"},{"floor":28,"key":"AttackPotion"},{"floor":29,"key":"Swift Potion"},{"floor":33,"key":"Explosive Potion"},{"floor":34,"key":"PowerPotion"},{"floor":35,"key":"FearPotion"},{"floor":42,"key":"Explosive Potion"},{"floor":44,"key":"Ancient Potion"}],"is_trial":false,"path_per_floor":["M","?","?","?","$","R","E","R","T","$","?","M","M","$","R","B",null,"M","?","M","M","M","E","R","?","T","M","E","M","R","M","R","B",null,"M","?","?","?","$","E","M","M","T","E","?","R","M","$","R","B"],"character_chosen":"THE_SILENT","items_purchased":["Vajra","Kunai","Purity","Bottled Tornado","DollysMirror"],"campfire_rested":4,"item_purchase_floors":[10,39,39,48,48],"current_hp_per_floor":[68,67,66,65,64,63,20,41,47,47,24,24,24,24,45,39,68,66,66,65,63,47,29,29,27,33,31,17,15,15,14,14,9,68,67,66,65,60,60,57,39,39,39,37,37,37,36,36,36,0],"gold":19,"neow_bonus":"","is_prod":false,"is_daily":true,"chose_seed":false,"campfire_upgraded":4,"win_rate":0.0,"timestamp":1557540871,"path_taken":["M","?","?","?","?","R","E","R","T","$","?","M","?","?","R","BOSS","M","?","M","M","M","E","R","?","T","M","E","M","R","M","R","BOSS","M","?","?","?","$","E","M","M","T","E","?","R","M","$","R","BOSS"],"build_version":"2019-01-23","purchased_purges":1,"victory":false,"max_hp_per_floor":[68,67,66,65,64,63,72,71,76,75,74,73,72,71,70,69,68,67,66,65,64,63,62,61,60,65,64,63,62,61,60,59,64,68,67,66,65,64,63,62,61,60,65,64,63,62,61,60,59,59],"card_choices":[{"not_picked":["Terror","Outmaneuver"],"picked":"Prepared","floor":1},{"not_picked":["Havoc","Heavy Blade"],"picked":"Acrobatics","floor":7},{"not_picked":["Well Laid Plans","Quick Slash"],"picked":"Gash","floor":11},{"not_picked":["Poisoned Stab","Body Slam"],"picked":"Twin Strike","floor":12},{"not_picked":["Lockon","Endless Agony"],"picked":"Turbo","floor":13},{"not_picked":["Doppelganger","Wraith Form v2+1"],"picked":"Brutality+1","floor":16},{"not_picked":["Eviscerate","Cloak And Dagger"],"picked":"Fire Breathing+1","floor":18},{"not_picked":["Finisher","Warcry"],"picked":"Anger","floor":20},{"not_picked":["Seeing Red","Deflect","Cold Snap"],"picked":"SKIP","floor":21},{"not_picked":["Cold Snap","Outmaneuver"],"picked":"Cleave+1","floor":22},{"not_picked":["Hyperbeam","Cold Snap"],"picked":"Static Discharge+1","floor":23},{"not_picked":["Tactician","Beam Cell","Eviscerate"],"picked":"SKIP","floor":27},{"not_picked":["Dodge and Roll","Bullet Time"],"picked":"Cold Snap","floor":28},{"not_picked":["Heavy Blade","Auto Shields","Genetic Algorithm"],"picked":"SKIP","floor":29},{"not_picked":["Carnage","BootSequence+1"],"picked":"Gash","floor":31},{"not_picked":["Grand Finale","Corpse Explosion"],"picked":"Reboot","floor":33},{"not_picked":["Dash+1","Flying Knee+1"],"picked":"Steam Power","floor":35},{"not_picked":["Clash+1","Loop+1"],"picked":"Force Field+1","floor":38},{"not_picked":["Barrage","Rip and Tear","Dash+1"],"picked":"SKIP","floor":40},{"not_picked":["Hologram+1","Shrug It Off+1","Clothesline"],"picked":"SKIP","floor":41},{"not_picked":["Hologram+1","Hello World+1","Leap+1"],"picked":"SKIP","floor":42},{"not_picked":["Battle Trance+1","Wild Strike","Spot Weakness"],"picked":"SKIP","floor":44},{"not_picked":["Dagger Throw","Accuracy+1","Buffer+1"],"picked":"SKIP","floor":47}],"player_experience":103887,"relics_obtained":[{"floor":7,"key":"Pear"},{"floor":9,"key":"Omamori"},{"floor":11,"key":"Frozen Egg 2"},{"floor":23,"key":"Gremlin Horn"},{"floor":25,"key":"Red Mask"},{"floor":26,"key":"Blue Candle"},{"floor":28,"key":"Ginger"},{"floor":38,"key":"Unceasing Top"},{"floor":40,"key":"Snake Skull"},{"floor":43,"key":"Mummified Hand"},{"floor":44,"key":"Smiling Mask"}],"event_choices":[{"damage_healed":0,"gold_gain":0,"player_choice":"Grow","damage_taken":0,"max_hp_gain":0,"max_hp_loss":0,"event_name":"Living Wall","floor":2,"gold_loss":0,"cards_upgraded":["Prepared"]},{"damage_healed":0,"gold_gain":0,"player_choice":"Ignored","damage_taken":0,"max_hp_gain":0,"max_hp_loss":0,"event_name":"Liars Game","floor":3,"gold_loss":0},{"damage_healed":0,"gold_gain":0,"player_choice":"Ignored","damage_taken":0,"max_hp_gain":0,"max_hp_loss":0,"event_name":"Golden Wing","floor":4,"gold_loss":0},{"damage_healed":0,"gold_gain":30,"player_choice":"Searched \u00273\u0027 times","damage_taken":0,"max_hp_gain":0,"max_hp_loss":0,"event_name":"Dead Adventurer","floor":11,"gold_loss":0},{"damage_healed":0,"gold_gain":0,"player_choice":"Opened","damage_taken":0,"relics_obtained":["Juzu Bracelet"],"max_hp_gain":0,"max_hp_loss":0,"event_name":"The Mausoleum","floor":19,"gold_loss":0,"cards_obtained":["Writhe"]},{"damage_healed":0,"gold_gain":0,"player_choice":"Fought Bandits","damage_taken":0,"max_hp_gain":0,"max_hp_loss":0,"event_name":"Masked Bandits","floor":25,"gold_loss":0},{"cards_removed":["Twin Strike"],"damage_healed":0,"gold_gain":0,"player_choice":"Removed Attack","damage_taken":0,"max_hp_gain":0,"max_hp_loss":0,"event_name":"Falling","floor":36,"gold_loss":0},{"damage_healed":0,"gold_gain":0,"player_choice":"Upgrade","damage_taken":0,"relics_obtained":["Mark of the Bloom"],"max_hp_gain":0,"max_hp_loss":0,"event_name":"MindBloom","floor":37,"gold_loss":0,"cards_upgraded":["Survivor","Acrobatics","Turbo","Storm of Steel","Pummel","Reboot","Outmaneuver","All For One","Anger","Cold Snap","Gash","Steam Power"]},{"damage_healed":0,"gold_gain":0,"player_choice":"Fight","damage_taken":0,"max_hp_gain":0,"max_hp_loss":0,"event_name":"Mysterious Sphere","floor":38,"gold_loss":0},{"damage_healed":0,"gold_gain":222,"player_choice":"Wore Mask","damage_taken":0,"max_hp_gain":0,"max_hp_loss":0,"event_name":"Tomb of Lord Red Mask","floor":45,"gold_loss":0}],"is_beta":false,"boss_relics":[{"not_picked":["Runic Pyramid","Busted Crown"],"picked":"Pandora\u0027s Box"},{"not_picked":["Empty Cage","White Beast Statue"],"picked":"Tiny House"}],"items_purged_floors":[14],"is_endless":false,"potions_floor_spawned":[12,16,20,21,28,29,33,35,42,44],"killed_by":"Awakened One","ascension_level":0}