{"gold_per_floor":[115,115,115,126,56,85,61,96,96,96,112,112,126,143,143,246,246,259,174,174,42,53,84,101,117,117,117,117,146,146,166,166,269,269,285,285,302,302,61,61,79,89,116,133,133,167,167,167],"floor_reached":48,"playtime":3076,"items_purged":[],"score":562,"play_id":"f75c7833-dc29-4cde-9d43-dd1836908567","local_time":"20190506125151","is_ascension_mode":false,"campfire_choices":[{"floor":10,"key":"REST"},{"data":"Defragment","floor":15,"key":"SMITH"},{"data":"Storm","floor":27,"key":"SMITH"},{"floor":30,"key":"REST"},{"data":"Loop","floor":32,"key":"SMITH"},{"data":"Apotheosis","floor":40,"key":"SMITH"},{"floor":45,"key":"REST"}],"neow_cost":"NONE","seed_source_timestamp":2201058734442420,"circlet_count":0,"master_deck":["Strike_B","Defend_B","Defend_B","Defend_B+1","Defend_B+1","Zap+1","Dualcast","Regret","FTL","Storm+1","Multi-Cast","Ball Lightning","Defragment+1","Electrodynamics","Chaos+1","Turbo+1","Rebound+1","Hello World+1","Sweeping Beam","Loop+1","Hologram+1","Stack+1","Hello World","Necronomicurse","FTL+1","Sunder+1","Dualcast","Redo","Apotheosis+1","Capacitor","Loop","Reboot","Hologram","Ball Lightning+1"],"relics":["Cracked Core","Gambling Chip","FaceOfCleric","Blood Vial","War Paint","Shuriken","Mummified Hand","Astrolabe","Du-Vu Doll","Pen Nib","Molten Egg 2","Necronomicon","Ancient Tea Set","Philosopher\u0027s Stone","Regal Pillow"],"potions_floor_usage":[6,14,14,22,29,33,33,41,46,48,48],"damage_taken":[{"damage":6,"enemies":"Jaw Worm","floor":1,"turns":2},{"damage":0,"enemies":"Small Slimes","floor":4,"turns":3},{"damage":41,"enemies":"Lagavulin","floor":6,"turns":7},{"damage":9,"enemies":"Gremlin Nob","floor":8,"turns":3},{"damage":1,"enemies":"Cultist","floor":11,"turns":3},{"damage":15,"enemies":"Exordium Thugs","floor":13,"turns":4},{"damage":5,"enemies":"Large Slime","floor":14,"turns":4},{"damage":30,"enemies":"Hexaghost","floor":16,"turns":7},{"damage":4,"enemies":"Shell Parasite","floor":18,"turns":4},{"damage":20,"enemies":"2 Thieves","floor":22,"turns":3},{"damage":13,"enemies":"Book of Stabbing","floor":23,"turns":4},{"damage":2,"enemies":"Centurion and Healer","floor":24,"turns":4},{"damage":3,"enemies":"Cultist and Chosen","floor":25,"turns":3},{"damage":1,"enemies":"Gremlin Leader","floor":29,"turns":4},{"damage":1,"enemies":"3 Cultists","floor":31,"turns":3},{"damage":12,"enemies":"Champ","floor":33,"turns":7},{"damage":19,"enemies":"3 Shapes","floor":35,"turns":3},{"damage":16,"enemies":"Orb Walker","floor":37,"turns":2},{"damage":20,"enemies":"Maw","floor":38,"turns":5},{"damage":39,"enemies":"Jaw Worm Horde","floor":41,"turns":3},{"damage":2,"enemies":"Transient","floor":42,"turns":5},{"damage":8,"enemies":"4 Shapes","floor":44,"turns":2},{"damage":47,"enemies":"Nemesis","floor":46,"turns":7},{"damage":30,"enemies":"Jaw Worm Horde","floor":48,"turns":2}],"seed_played":"-7766994242631015038","potions_obtained":[{"floor":4,"key":"Poison Potion"},{"floor":11,"key":"FearPotion"},{"floor":13,"key":"Strength Potion"},{"floor":24,"key":"Block Potion"},{"floor":25,"key":"PowerPotion"},{"floor":29,"key":"Block Potion"},{"floor":37,"key":"PowerPotion"},{"floor":42,"key":"Regen Potion"},{"floor":44,"key":"Fire Potion"},{"floor":46,"key":"Poison Potion"}],"is_trial":false,"path_per_floor":["M","?","?","M","$","E","$","E","T","R","M","T","M","M","R","B",null,"M","?","?","$","M","E","M","M","T","R","?","E","R","M","R","B",null,"M","?","M","M","$","R","M","M","T","M","R","E","?","M"],"character_chosen":"DEFECT","items_purchased":["Storm","Ball Lightning","Loop","SkillPotion","Apotheosis","Capacitor"],"campfire_rested":3,"item_purchase_floors":[5,7,21,21,39,39],"current_hp_per_floor":[69,69,69,70,70,30,30,24,24,47,49,49,37,35,35,8,82,79,79,79,79,62,52,53,53,53,53,37,39,65,67,67,58,90,72,72,59,42,42,42,6,7,7,2,45,16,16,0],"gold":167,"neow_bonus":"UPGRADE_CARD","is_prod":false,"is_daily":false,"chose_seed":false,"campfire_upgraded":4,"win_rate":0.0,"timestamp":1557161511,"path_taken":["M","?","?","?","$","E","$","E","T","R","M","?","?","M","R","BOSS","M","?","?","?","?","E","M","M","T","R","?","E","R","M","R","BOSS","M","?","M","M","$","R","M","?","T","M","R","E","?","?"],"build_version":"2019-01-23","purchased_purges":0,"victory":false,"max_hp_per_floor":[75,75,75,76,76,77,77,78,78,78,79,79,80,81,81,82,82,83,83,83,83,84,85,86,87,87,87,87,88,88,89,89,90,90,91,91,92,93,93,93,94,95,95,96,96,97,97,97],"card_choices":[{"not_picked":["Stack","Scrape","Reinforced Body"],"picked":"SKIP","floor":1},{"not_picked":["Gash","Leap"],"picked":"FTL","floor":4},{"not_picked":["Sunder","Leap"],"picked":"Multi-Cast","floor":6},{"not_picked":["Leap","Stack","Turbo"],"picked":"SKIP","floor":8},{"not_picked":["Compile Driver","Conserve Battery","Coolheaded"],"picked":"SKIP","floor":11},{"not_picked":["Leap","Turbo","Compile Driver"],"picked":"SKIP","floor":13},{"not_picked":["Conserve Battery","Barrage"],"picked":"Defragment","floor":14},{"not_picked":["Buffer","Biased Cognition"],"picked":"Electrodynamics","floor":16},{"not_picked":["Compile Driver","Coolheaded"],"picked":"Hello World+1","floor":18},{"not_picked":["Leap","Genetic Algorithm"],"picked":"Hologram+1","floor":22},{"not_picked":["Reprogram","Beam Cell"],"picked":"Stack+1","floor":23},{"not_picked":["White Noise","Redo"],"picked":"Hello World","floor":24},{"not_picked":["Streamline","Compile Driver","Leap+1"],"picked":"SKIP","floor":25},{"not_picked":["Turbo","Scrape+1"],"picked":"FTL+1","floor":29},{"not_picked":["Cold Snap+1","Coolheaded+1","Stack"],"picked":"SKIP","floor":31},{"not_picked":["Reboot","Meteor Strike+1"],"picked":"Machine Learning","floor":33},{"not_picked":["Cold Snap+1","Stack+1"],"picked":"Sunder+1","floor":35},{"not_picked":["Melter+1","Auto Shields","Beam Cell+1"],"picked":"SKIP","floor":37},{"not_picked":["Tempest","Steam Power+1"],"picked":"Redo","floor":38},{"not_picked":["Stack","Barrage+1"],"picked":"Loop","floor":41},{"not_picked":["Leap+1","Gash+1"],"picked":"Reboot","floor":42},{"not_picked":["Compile Driver+1","Go for the Eyes+1"],"picked":"Hologram","floor":44},{"not_picked":["BootSequence+1","Redo"],"picked":"Ball Lightning+1","floor":46}],"player_experience":43596,"relics_obtained":[{"floor":6,"key":"Blood Vial"},{"floor":8,"key":"War Paint"},{"floor":9,"key":"Shuriken"},{"floor":12,"key":"Mummified Hand"},{"floor":23,"key":"Pen Nib"},{"floor":26,"key":"Molten Egg 2"},{"floor":28,"key":"Necronomicon"},{"floor":29,"key":"Ancient Tea Set"},{"floor":43,"key":"Regal Pillow"}],"event_choices":[{"damage_healed":0,"gold_gain":0,"player_choice":"Box","damage_taken":0,"relics_obtained":["Gambling Chip"],"max_hp_gain":0,"max_hp_loss":0,"event_name":"Big Fish","floor":2,"gold_loss":0,"cards_obtained":["Regret"]},{"damage_healed":0,"gold_gain":0,"player_choice":"Trade","damage_taken":0,"relics_obtained":["FaceOfCleric"],"max_hp_gain":0,"max_hp_loss":0,"event_name":"FaceTrader","floor":3,"gold_loss":0},{"damage_healed":0,"gold_gain":0,"player_choice":"Obtained Relic","damage_taken":0,"relics_obtained":["Du-Vu Doll"],"max_hp_gain":0,"max_hp_loss":0,"event_name":"Addict","floor":19,"gold_loss":85},{"damage_healed":0,"gold_gain":0,"player_choice":"Read","damage_taken":0,"max_hp_gain":0,"max_hp_loss":0,"event_name":"The Library","floor":20,"gold_loss":0,"cards_obtained":["Sweeping Beam"]},{"damage_healed":0,"gold_gain":0,"player_choice":"Obtained Book","damage_taken":16,"max_hp_gain":0,"max_hp_loss":0,"event_name":"Cursed Tome","floor":28,"gold_loss":0},{"cards_removed":["Machine Learning"],"damage_healed":0,"gold_gain":0,"player_choice":"Took Card","damage_taken":0,"max_hp_gain":0,"max_hp_loss":0,"event_name":"NoteForYourself","floor":36,"gold_loss":0,"cards_obtained":["Dualcast"]},{"damage_healed":0,"gold_gain":0,"player_choice":"Ignored","damage_taken":0,"max_hp_gain":0,"max_hp_loss":0,"event_name":"SecretPortal","floor":47,"gold_loss":0}],"is_beta":false,"boss_relics":[{"not_picked":["FrozenCore","Velvet Choker"],"picked":"Astrolabe"},{"not_picked":["Nuclear Battery","Fusion Hammer"],"picked":"Philosopher\u0027s Stone"}],"items_purged_floors":[],"is_endless":false,"potions_floor_spawned":[4,11,13,24,25,29,37,42,44,46],"killed_by":"Jaw Worm Horde","ascension_level":0}