{"gold_per_floor":[117,117,128,108,127,127,26,26,26,26,37,37,70,86,86,189,189,200,200,21,36,36,64,64,92,118,135,10,42,58,58],"floor_reached":31,"playtime":1862,"items_purged":["Strike_R","Strike_R","Normality"],"score":337,"play_id":"1e32fb9c-ffc3-44ac-bf0a-e2c128fa148f","local_time":"20190714230732","is_ascension_mode":true,"campfire_choices":[{"floor":6,"key":"RECALL"},{"data":"Heavy Blade","floor":8,"key":"SMITH"},{"data":"Iron Wave","floor":10,"key":"SMITH"},{"data":"Pommel Strike","floor":15,"key":"SMITH"},{"floor":24,"key":"REST"}],"neow_cost":"NONE","seed_source_timestamp":26605688648886,"circlet_count":0,"master_deck":["Strike_R","Strike_R","Strike_R","Defend_R","Defend_R","Defend_R","Defend_R","Bash","Dramatic Entrance","Thunderclap","Anger","Iron Wave+1","Heavy Blade+1","Battle Trance","Cleave","Pommel Strike+1","Barricade","Blood for Blood+1","Seeing Red","Armaments+1","Shrug It Off+1","Ghostly Armor+1","Pommel Strike+1","Shrug It Off"],"relics":["Burning Blood","Bottled Lightning","Cursed Key","Matryoshka","Bag of Preparation","Juzu Bracelet","Pen Nib","Kunai"],"potions_floor_usage":[16,16,18,27,29,29,31],"damage_taken":[{"damage":0,"enemies":"Small Slimes","floor":1,"turns":3},{"damage":5,"enemies":"2 Louse","floor":3,"turns":2},{"damage":0,"enemies":"Cultist","floor":5,"turns":2},{"damage":7,"enemies":"Red Slaver","floor":11,"turns":2},{"damage":18,"enemies":"3 Sentries","floor":13,"turns":6},{"damage":7,"enemies":"Exordium Wildlife","floor":14,"turns":3},{"damage":51,"enemies":"The Guardian","floor":16,"turns":12},{"damage":4,"enemies":"Spheric Guardian","floor":18,"turns":4},{"damage":16,"enemies":"3 Byrds","floor":21,"turns":5},{"damage":37,"enemies":"Slavers","floor":23,"turns":5},{"damage":36,"enemies":"Gremlin Leader","floor":25,"turns":7},{"damage":25,"enemies":"Sentry and Sphere","floor":27,"turns":6},{"damage":13,"enemies":"Book of Stabbing","floor":29,"turns":3},{"damage":0,"enemies":"Snecko","floor":30,"turns":4},{"damage":20,"enemies":"Snake Plant","floor":31,"turns":3}],"seed_played":"-5168194330469489224","potions_obtained":[{"floor":1,"key":"Ancient Potion"},{"floor":4,"key":"Block Potion"},{"floor":11,"key":"FearPotion"},{"floor":16,"key":"SkillPotion"},{"floor":25,"key":"SpeedPotion"},{"floor":27,"key":"SteroidPotion"},{"floor":30,"key":"Fire Potion"}],"is_trial":false,"path_per_floor":["M","?","M","?","M","R","$","R","T","R","M","$","E","M","R","B",null,"M","?","$","M","$","E","R","E","T","M","$","E","M","M"],"character_chosen":"IRONCLAD","items_purchased":["Heavy Blade","Seeing Red"],"campfire_rested":1,"item_purchase_floors":[7,20],"current_hp_per_floor":[80,80,80,80,80,80,80,80,80,80,79,79,67,66,66,21,80,80,80,80,70,70,39,63,33,33,14,14,7,13,0],"gold":58,"neow_bonus":"RANDOM_COLORLESS","is_prod":false,"is_daily":false,"chose_seed":false,"campfire_upgraded":3,"win_rate":0,"timestamp":1563138452,"path_taken":["M","?","M","?","M","R","$","R","T","R","?","?","E","M","R","BOSS","M","?","$","?","$","E","R","E","T","M","$","E","M","M"],"build_version":"2019-07-05","purchased_purges":3,"victory":false,"max_hp_per_floor":[80,80,80,80,80,80,80,80,80,80,80,80,80,80,80,80,80,80,80,80,80,80,80,80,80,80,80,80,80,80,80],"card_choices":[{"not_picked":["Sword Boomerang","Armaments"],"picked":"Thunderclap","floor":1},{"not_picked":["Wild Strike","Sword Boomerang"],"picked":"Anger","floor":3},{"not_picked":["Havoc","Body Slam"],"picked":"Iron Wave","floor":5},{"not_picked":["Thunderclap","Bludgeon"],"picked":"Battle Trance","floor":11},{"not_picked":["Perfected Strike","Feel No Pain"],"picked":"Cleave","floor":13},{"not_picked":["Wild Strike","Carnage"],"picked":"Pommel Strike","floor":14},{"not_picked":["Offering","Double Tap"],"picked":"Barricade","floor":16},{"not_picked":["Dual Wield","Havoc"],"picked":"Blood for Blood+1","floor":18},{"not_picked":["Twin Strike+1","Dual Wield"],"picked":"Armaments+1","floor":21},{"not_picked":["Flex","Iron Wave","Barricade"],"picked":"SKIP","floor":23},{"not_picked":["Evolve","Body Slam"],"picked":"Shrug It Off+1","floor":25},{"not_picked":["Warcry","Pommel Strike+1"],"picked":"Ghostly Armor+1","floor":27},{"not_picked":["Havoc","Heavy Blade+1"],"picked":"Pommel Strike+1","floor":29},{"not_picked":["Warcry","Iron Wave"],"picked":"Shrug It Off","floor":30}],"player_experience":79638,"relics_obtained":[{"floor":13,"key":"Bottled Lightning"},{"floor":23,"key":"Matryoshka"},{"floor":25,"key":"Bag of Preparation"},{"floor":26,"key":"Juzu Bracelet"},{"floor":26,"key":"Pen Nib"},{"floor":29,"key":"Kunai"}],"event_choices":[{"damage_healed":0,"gold_gain":0,"player_choice":"Ignored","damage_taken":0,"max_hp_gain":0,"max_hp_loss":0,"event_name":"Shining Light","floor":2,"gold_loss":0},{"damage_healed":0,"gold_gain":0,"player_choice":"Bought 1 Potion","damage_taken":0,"max_hp_gain":0,"max_hp_loss":0,"event_name":"The Woman in Blue","floor":4,"gold_loss":0},{"damage_healed":0,"gold_gain":0,"player_choice":"Ignored","damage_taken":0,"max_hp_gain":0,"max_hp_loss":0,"event_name":"N\u0027loth","floor":19,"gold_loss":0}],"is_beta":false,"boss_relics":[{"not_picked":["Snecko Eye","Calling Bell"],"picked":"Cursed Key"}],"items_purged_floors":[7,20,28],"is_endless":false,"potions_floor_spawned":[1,11,14,16,25,27,30],"killed_by":"Snake Plant","ascension_level":3}