{"gold_per_floor":[219,219,243,243,243,243,261,261,286,321,167,210,210,226,226,349,349,372,372,372,395,494,494,528,443,467,500,500,521,521,534,534,659,659,674,138,138,13,13,13,31,66,66,89,103,121,121,141,141,141],"floor_reached":51,"playtime":4232,"items_purged":["Strike_G","Strike_G","Strike_G"],"score":998,"play_id":"d0960df9-1048-4fee-ae75-aaf4da598e92","local_time":"20190710145335","is_ascension_mode":true,"campfire_choices":[{"data":"Noxious Fumes","floor":6.0,"key":"SMITH"},{"floor":8.0,"key":"REST"},{"data":"Noxious Fumes","floor":15.0,"key":"SMITH"},{"data":"Catalyst","floor":23.0,"key":"SMITH"},{"data":"Adrenaline","floor":28.0,"key":"SMITH"},{"data":"Ghostly","floor":32.0,"key":"SMITH"},{"data":"Deadly Poison","floor":40.0,"key":"SMITH"},{"data":"Footwork","floor":49.0,"key":"SMITH"}],"neow_cost":"NONE","seed_source_timestamp":1001958856058941,"circlet_count":0,"master_deck":["Defend_G","Defend_G","Defend_G","Defend_G","Defend_G","Strike_G","Strike_G","Survivor","Neutralize+1","Dagger Throw","Noxious Fumes+1","PiercingWail","Backflip","Noxious Fumes+1","Acrobatics","Adrenaline+1","Tactician","Ghostly+1","Ghostly+1","Ghostly","Ghostly","Ghostly","Catalyst+1","Concentrate","Backstab+1","Dagger Throw+1","Die Die Die+1","Masterful Stab+1","Tools of the Trade","Reflex+1","Deadly Poison+1","Footwork+1","Dash+1","Deflect","Flechettes+1","Poisoned Stab+1","Slice+1","Concentrate+1"],"special_seed":0,"relics":["Ring of the Snake","Golden Idol","Anchor","Odd Mushroom","Bag of Preparation","Molten Egg 2","Runic Pyramid","Pear","Bag of Marbles","Gremlin Horn","Centennial Puzzle","Darkstone Periapt","Sozu","Paper Crane","Pen Nib","Letter Opener","Smiling Mask"],"potions_floor_usage":[],"damage_taken":[{"damage":6.0,"enemies":"Small Slimes","floor":1.0,"turns":4.0},{"damage":1.0,"enemies":"Cultist","floor":3.0,"turns":3.0},{"damage":0.0,"enemies":"Jaw Worm","floor":7.0,"turns":3.0},{"damage":3.0,"enemies":"The Mushroom Lair","floor":10.0,"turns":4.0},{"damage":19.0,"enemies":"Gremlin Nob","floor":12.0,"turns":4.0},{"damage":8.0,"enemies":"3 Louse","floor":14.0,"turns":3.0},{"damage":1.0,"enemies":"Hexaghost","floor":16.0,"turns":9.0},{"damage":0.0,"enemies":"Chosen","floor":18.0,"turns":5.0},{"damage":0.0,"enemies":"Spheric Guardian","floor":21.0,"turns":6.0},{"damage":0.0,"enemies":"Book of Stabbing","floor":24.0,"turns":6.0},{"damage":0.0,"enemies":"Gremlin Leader","floor":27.0,"turns":6.0},{"damage":0.0,"enemies":"3 Cultists","floor":29.0,"turns":4.0},{"damage":0.0,"enemies":"Snake Plant","floor":31.0,"turns":3.0},{"damage":9.0,"enemies":"Champ","floor":33.0,"turns":10.0},{"damage":0.0,"enemies":"3 Darklings","floor":35.0,"turns":4.0},{"damage":0.0,"enemies":"Orb Walker","floor":41.0,"turns":2.0},{"damage":0.0,"enemies":"Nemesis","floor":42.0,"turns":7.0},{"damage":0.0,"enemies":"Spire Growth","floor":44.0,"turns":3.0},{"damage":0.0,"enemies":"Jaw Worm Horde","floor":45.0,"turns":3.0},{"damage":0.0,"enemies":"3 Darklings","floor":46.0,"turns":3.0},{"damage":0.0,"enemies":"Writhing Mass","floor":48.0,"turns":5.0},{"damage":21,"enemies":"Awakened One","floor":50,"turns":11}],"seed_played":"3286620270329574751","potions_obtained":[{"floor":10.0,"key":"Poison Potion"},{"floor":12.0,"key":"Strength Potion"},{"floor":14.0,"key":"Explosive Potion"},{"floor":18.0,"key":"Regen Potion"},{"floor":21.0,"key":"GhostInAJar"}],"is_trial":false,"path_per_floor":["?","?","?","M","?","T","?","?","?","?","M","?","?","?","M","T"],"character_chosen":"THE_SILENT","items_purchased":["Noxious Fumes","Paper Crane","Deadly Poison","Footwork","Dash+1"],"campfire_rested":1,"item_purchase_floors":[11,36,36,36,36],"current_hp_per_floor":[64,47,46,39,39,39,39,60,60,57,57,38,38,30,30,29,60,60,35,45,45,45,45,45,45,45,45,45,45,45,45,45,36,43,43,43,43,43,43,43,43,43,43,43,43,43,43,43,43,22],"gold":141,"neow_bonus":"HUNDRED_GOLD","is_prod":false,"is_daily":false,"chose_seed":false,"campfire_upgraded":7,"win_rate":0,"timestamp":1562759615,"path_taken":["M","?","M","?","?","R","?","R","T","?","$","E","?","M","R","BOSS","M","?","?","M","?","R","E","?","T","E","R","?","?","M","R","BOSS","M","$","?","$","?","R","M","E","T","M","?","M","?","M","R","BOSS"],"build_version":"2019-01-23","purchased_purges":3,"victory":true,"max_hp_per_floor":[70,70,70,70,70,70,70,70,70,70,70,70,70,70,70,70,70,70,35,45,45,45,45,45,45,45,45,45,45,45,45,45,45,45,45,45,43,43,43,43,43,43,43,43,43,43,43,43,43,43],"card_choices":[{"not_picked":["Quick Slash","Blade Dance"],"picked":"Dagger Throw","floor":1.0},{"not_picked":["Deflect","Cloak And Dagger"],"picked":"Noxious Fumes","floor":3.0},{"not_picked":["Sucker Punch","Concentrate"],"picked":"PiercingWail","floor":7.0},{"not_picked":["Bullet Time","Crippling Poison"],"picked":"Backflip","floor":10.0},{"not_picked":["PiercingWail","Concentrate"],"picked":"Acrobatics","floor":12.0},{"not_picked":["Bane+1","Quick Slash+1","Blade Dance"],"picked":"SKIP","floor":14.0},{"not_picked":["After Image","Night Terror"],"picked":"Adrenaline","floor":16.0},{"not_picked":["Flying Knee+1","Expertise"],"picked":"Tactician","floor":18.0},{"not_picked":["Quick Slash+1","Acrobatics+1"],"picked":"Catalyst","floor":21.0},{"not_picked":["Heel Hook+1","Cloak And Dagger"],"picked":"Concentrate","floor":24.0},{"not_picked":["Prepared+1","Bane+1"],"picked":"Backstab+1","floor":27.0},{"not_picked":["Choke+1","Quick Slash+1"],"picked":"Dagger Throw+1","floor":29.0},{"not_picked":["Finisher+1","Bane+1"],"picked":"Masterful Stab+1","floor":31.0},{"not_picked":["Venomology","Die Die Die+1"],"picked":"Tools of the Trade","floor":33.0},{"not_picked":["Dagger Spray+1","Noxious Fumes+1"],"picked":"Reflex+1","floor":35.0},{"not_picked":["Reflex","Dagger Spray+1"],"picked":"Deflect","floor":41.0},{"not_picked":["Backstab+1","Distraction+1"],"picked":"Flechettes+1","floor":42.0},{"not_picked":["Tools of the Trade","Dagger Throw+1","Cloak And Dagger+1"],"picked":"SKIP","floor":44.0},{"not_picked":["Blade Dance","Well Laid Plans+1"],"picked":"Poisoned Stab+1","floor":45.0},{"not_picked":["Predator+1","Blade Dance"],"picked":"Slice+1","floor":46.0},{"not_picked":["Dagger Spray+1","Flechettes+1"],"picked":"Concentrate+1","floor":48.0}],"player_experience":358377,"relics_obtained":[{"floor":10.0,"key":"Odd Mushroom"},{"floor":12.0,"key":"Bag of Preparation"},{"floor":13.0,"key":"Molten Egg 2"},{"floor":24.0,"key":"Bag of Marbles"},{"floor":26.0,"key":"Centennial Puzzle"},{"floor":27.0,"key":"Darkstone Periapt"},{"floor":42.0,"key":"Pen Nib"},{"floor":43.0,"key":"Letter Opener"},{"floor":47.0,"key":"Smiling Mask"}],"event_choices":[{"damage_healed":0.0,"max_hp_gain":0.0,"max_hp_loss":0.0,"gold_gain":0.0,"event_name":"Golden Idol","player_choice":"Take Damage","floor":2.0,"gold_loss":0.0,"damage_taken":17.0,"relics_obtained":["Golden Idol"]},{"damage_healed":0.0,"max_hp_gain":0.0,"max_hp_loss":0.0,"gold_gain":0.0,"event_name":"Scrap Ooze","player_choice":"Success","floor":4.0,"gold_loss":0.0,"damage_taken":7.0,"relics_obtained":["Anchor"]},{"damage_healed":0.0,"max_hp_gain":0.0,"max_hp_loss":0.0,"gold_gain":0.0,"event_name":"Upgrade Shrine","player_choice":"Upgraded","floor":5.0,"gold_loss":0.0,"damage_taken":0.0,"cards_upgraded":["Neutralize"]},{"damage_healed":0.0,"max_hp_gain":0.0,"max_hp_loss":0.0,"gold_gain":0.0,"event_name":"Mushrooms","player_choice":"Fought Mushrooms","floor":10.0,"gold_loss":0.0,"damage_taken":0.0},{"damage_healed":0.0,"max_hp_gain":0.0,"max_hp_loss":35.0,"gold_gain":0.0,"event_name":"Ghosts","player_choice":"Became a Ghost","floor":19.0,"gold_loss":0.0,"damage_taken":0.0,"cards_obtained":["Ghostly","Ghostly","Ghostly","Ghostly","Ghostly"]},{"damage_healed":0.0,"max_hp_gain":0.0,"max_hp_loss":0.0,"gold_gain":0.0,"event_name":"The Mausoleum","player_choice":"Opened","floor":20.0,"gold_loss":0.0,"damage_taken":0.0,"relics_obtained":["Pear"]},{"damage_healed":0.0,"max_hp_gain":0.0,"max_hp_loss":0.0,"gold_gain":99.0,"event_name":"Nest","player_choice":"Stole From Cult","floor":22.0,"gold_loss":0.0,"damage_taken":0.0},{"damage_healed":0.0,"max_hp_gain":0.0,"max_hp_loss":0.0,"gold_gain":0.0,"event_name":"Addict","player_choice":"Obtained Relic","floor":25.0,"gold_loss":85.0,"damage_taken":0.0,"relics_obtained":["Gremlin Horn"]},{"damage_healed":0.0,"max_hp_gain":0.0,"max_hp_loss":0.0,"gold_gain":0.0,"event_name":"The Library","player_choice":"Read","floor":30.0,"gold_loss":0.0,"damage_taken":0.0,"cards_obtained":["Die Die Die"]},{"damage_healed":0.0,"max_hp_gain":0.0,"max_hp_loss":2.0,"gold_gain":0.0,"event_name":"Winding Halls","player_choice":"Max HP","floor":37.0,"gold_loss":0.0,"damage_taken":0.0},{"damage_healed":0.0,"max_hp_gain":0.0,"max_hp_loss":0.0,"gold_gain":0.0,"event_name":"Accursed Blacksmith","player_choice":"Forge","floor":39.0,"gold_loss":0.0,"damage_taken":0.0,"cards_upgraded":["Ghostly"]}],"is_beta":false,"boss_relics":[{"not_picked":["Tiny House","Velvet Choker"],"picked":"Runic Pyramid"},{"not_picked":["Lizard Tail","Busted Crown"],"picked":"Sozu"}],"items_purged_floors":[11,36,38],"is_endless":false,"potions_floor_spawned":[10,12,14,18,21,29,41,45,46,48],"ascension_level":5}