{"gold_per_floor":[144,144,144,189,234,324,369,369,369,414,414,414,414,459,459,759,759,804,804,849,849,894,939,939,984,984,1029,1074,1074,349,394,394,394],"floor_reached":33,"playtime":2633,"items_purged":["Strike_Br"],"score":278,"play_id":"d4540cbe-3537-4207-a348-07d60c18f51f","local_time":"20190522220311","daily_mods":["Heirloom","Green Cards","Midas"],"is_ascension_mode":false,"campfire_choices":[{"floor":8.0,"key":"REST"},{"floor":15.0,"key":"REST"},{"floor":24.0,"key":"REST"},{"floor":29.0,"key":"REST"},{"floor":32,"key":"REST"}],"neow_cost":"","seed_source_timestamp":0,"circlet_count":0,"master_deck":["Allegro+1","Allegro+1","Allegro+1","Strike_Br","Strike_Br+1","Defend_Br","Defend_Br","Defend_Br","SecondHand","PatternShift+1","LockedAnchor","LockedThread","LockedBlood","ReapSow","LockedAnchor","ExoVibe","LockedFlame","BeatsPerMinute+1","ResonantCall+1","TiringSlam+1","TickedOff","Pain","Shame","HandsUpC","Misterioso","LockedUrn","Echoward","DaylightSavings"],"special_seed":18038,"relics":["Chronometer","hubris:CuriousFeather","Lightning?","hubris:SphereOfDissonance","hubris:TenFootPole","infinitespire:FocusingShard","Astrolabe","WarpedTongs","theJungle:PaperFaux","infinitespire:BottledMercury","infinitespire:ShieldingShard","HandDrill","Blood Vial"],"potions_floor_usage":[31],"damage_taken":[{"damage":15.0,"enemies":"Jaw Worm","floor":1.0,"turns":4.0},{"damage":5.0,"enemies":"Small Slimes","floor":4.0,"turns":3.0},{"damage":0.0,"enemies":"Cultist","floor":5.0,"turns":3.0},{"damage":12.0,"enemies":"Gremlin Nob","floor":6.0,"turns":5.0},{"damage":20.0,"enemies":"Large Slime","floor":7.0,"turns":5.0},{"damage":7.0,"enemies":"3 Louse","floor":10.0,"turns":3.0},{"damage":6.0,"enemies":"Lots of Slimes","floor":14.0,"turns":3.0},{"damage":27.0,"enemies":"Hexaghost","floor":16.0,"turns":12.0},{"damage":12.0,"enemies":"theJungle:MUSHROOMGANG","floor":18.0,"turns":5.0},{"damage":9.0,"enemies":"theJungle:5_Spyders","floor":20.0,"turns":7.0},{"damage":17.0,"enemies":"theJungle:Snecko_Cultist_And_Trap","floor":22.0,"turns":5.0},{"damage":4.0,"enemies":"theJungle:SlimyTreeVines","floor":23.0,"turns":4.0},{"damage":36.0,"enemies":"theJungle:JungleHuntersEncounter","floor":25.0,"turns":6.0},{"damage":11.0,"enemies":"theJungle:Lyon","floor":27.0,"turns":3.0},{"damage":14.0,"enemies":"Snake Plant","floor":28.0,"turns":4.0},{"damage":7,"enemies":"theJungle:JungleHuntersEncounter","floor":31,"turns":5},{"damage":68,"enemies":"theJungle:TotemBoss","floor":33,"turns":6}],"seed_played":"7337043475493984283","potions_obtained":[{"floor":1.0,"key":"SkillPotion"},{"floor":5.0,"key":"LiquidBronze"},{"floor":10.0,"key":"Dexterity Potion"},{"floor":14.0,"key":"Regen Potion"},{"floor":20.0,"key":"SteroidPotion"},{"floor":22.0,"key":"Fruit Juice"}],"is_trial":false,"path_per_floor":["M","?","?","M","M","E","M","R","T","M","?","?","?","M","R","B",null,"M","?","M","?","M","M","R","M","T","M","M","R","$","M","R","B"],"character_chosen":"CHRONO_CLASS","items_purchased":["infinitespire:ShieldingShard","HandDrill","Blood Vial","AttackPotion"],"campfire_rested":5,"item_purchase_floors":[30,30,30,30],"current_hp_per_floor":[50,50,50,45,45,33,19,38,38,33,33,27,48,42,61,43,65,57,57,54,54,46,52,70,34,34,25,18,39,39,44,65,0],"gold":394,"neow_bonus":"","is_prod":false,"is_daily":true,"chose_seed":false,"campfire_upgraded":0,"win_rate":0.0,"timestamp":1558576991,"path_taken":["M","?","?","M","M","E","M","R","T","M","?","?","?","M","R","BOSS","M","?","?","?","M","M","R","M","T","M","M","R","$","M","R","BOSS"],"build_version":"2019-01-23","purchased_purges":1,"victory":false,"max_hp_per_floor":[65,65,65,65,65,65,65,65,65,65,65,65,65,65,65,65,65,65,65,65,65,65,70,70,70,70,70,70,70,70,70,70,70],"card_choices":[{"not_picked":["Facsimile","AlternateTimeline"],"picked":"Tempo","floor":1.0},{"not_picked":["LockedWarPaint","LockedMercury"],"picked":"LockedAnchor","floor":4.0},{"not_picked":["Goo","LockedAnchor"],"picked":"LockedThread","floor":5.0},{"not_picked":["LockedThread","Fragmentalize"],"picked":"LockedBlood","floor":6.0},{"not_picked":["AlternateTimeline","PrimeTime"],"picked":"ReapSow","floor":7.0},{"not_picked":["ShortSighted","TiringSlam"],"picked":"LockedAnchor","floor":10.0},{"not_picked":["Recurrance","LockedAnchor"],"picked":"ExoVibe","floor":14.0},{"not_picked":["LockedBell","LockedAstrolabe"],"picked":"LockedFlame","floor":16.0},{"not_picked":["HandsUpB","LockedAnchor"],"picked":"TickedOff","floor":18.0},{"not_picked":["HandsUpB","CrunchTime"],"picked":"Tempo","floor":20.0},{"not_picked":["Backlash","LockedWhetstone"],"picked":"HandsUpC","floor":22.0},{"not_picked":["HandsUpB","Chronoelasticity"],"picked":"LockedUrn","floor":23.0},{"not_picked":["Backlash","LockedBlood","AlternateTimeline"],"picked":"SKIP","floor":25.0},{"not_picked":["HandsUpB","Engulf"],"picked":"Echoward","floor":27.0},{"not_picked":["LockedMedicine+1","CrunchTime+1"],"picked":"DaylightSavings","floor":28.0},{"not_picked":["CrunchTime","TickedOff","WatchCommand+1"],"picked":"SKIP","floor":31}],"player_experience":255929,"relics_obtained":[{"floor":6.0,"key":"hubris:SphereOfDissonance"},{"floor":9.0,"key":"hubris:TenFootPole"},{"floor":11.0,"key":"infinitespire:FocusingShard"},{"floor":26.0,"key":"infinitespire:BottledMercury"}],"event_choices":[{"damage_healed":0.0,"max_hp_gain":0.0,"max_hp_loss":0.0,"gold_gain":0.0,"event_name":"The Cleric","player_choice":"Leave","floor":3.0,"gold_loss":0.0,"damage_taken":0.0},{"damage_healed":0.0,"max_hp_gain":0.0,"max_hp_loss":0.0,"gold_gain":0.0,"event_name":"Shining Light","player_choice":"Entered Light","floor":12.0,"gold_loss":0.0,"damage_taken":13.0,"cards_upgraded":["PatternShift","Strike_Br"]},{"damage_healed":21.0,"max_hp_gain":0.0,"max_hp_loss":0.0,"gold_gain":0.0,"event_name":"Big Fish","player_choice":"Banana","floor":13.0,"gold_loss":0.0,"damage_taken":0.0},{"damage_healed":0.0,"max_hp_gain":0.0,"max_hp_loss":0.0,"gold_gain":0.0,"event_name":"Accursed Blacksmith","player_choice":"Rummage","floor":19.0,"gold_loss":0.0,"damage_taken":0.0,"relics_obtained":["WarpedTongs"],"cards_obtained":["Pain"]}],"is_beta":false,"boss_relics":[{"not_picked":["Snecko Eye","infinitespire:Cupcake"],"picked":"Astrolabe"}],"items_purged_floors":[30],"is_endless":false,"potions_floor_spawned":[1,5,10,14,20,22],"killed_by":"theJungle:TotemBoss","ascension_level":0}