{"gold_per_floor":[115,0,75,75,95,114,114,114,114,114,141,158,158,158,158,254,254,265,265,279,279],"floor_reached":21,"playtime":1208,"items_purged":["Decay"],"score":230,"play_id":"6c5a1bba-baaf-4430-805e-e76ed4f5654e","local_time":"20190624143230","is_ascension_mode":true,"campfire_choices":[{"floor":10.0,"key":"REST"},{"data":"Zap","floor":13,"key":"SMITH"},{"floor":15,"key":"REST"}],"neow_cost":"CURSE","seed_source_timestamp":0,"circlet_count":0,"master_deck":["Strike_B","Strike_B","Defend_B","Defend_B","Defend_B+1","Defend_B","Zap+1","Dualcast","White Noise","Sunder","Ball Lightning+1","Go for the Eyes","Creative AI+1","Sweeping Beam+1","Necronomicurse","Steam"],"special_seed":0,"relics":["Cracked Core","Girya","Frozen Egg 2","Question Card","Nuclear Battery","Necronomicon"],"potions_floor_usage":[21,21,21],"damage_taken":[{"damage":4.0,"enemies":"Small Slimes","floor":1.0,"turns":3.0},{"damage":1.0,"enemies":"2 Louse","floor":5.0,"turns":3.0},{"damage":12.0,"enemies":"Jaw Worm","floor":6.0,"turns":2.0},{"damage":25.0,"enemies":"3 Sentries","floor":11.0,"turns":5.0},{"damage":6.0,"enemies":"Looter","floor":12.0,"turns":2.0},{"damage":28,"enemies":"Hexaghost","floor":16,"turns":8},{"damage":23,"enemies":"Shell Parasite","floor":18,"turns":5},{"damage":21,"enemies":"3 Byrds","floor":20,"turns":3},{"damage":7,"enemies":"Snake Plant","floor":21,"turns":2}],"seed_played":"1996123786616278019","potions_obtained":[{"floor":6.0,"key":"PowerPotion"},{"floor":16,"key":"EssenceOfSteel"},{"floor":18,"key":"SpeedPotion"},{"floor":20,"key":"GamblersBrew"}],"is_trial":false,"path_per_floor":["?","?","?","?","M","?","?"],"character_chosen":"DEFECT","items_purchased":["Sunder"],"campfire_rested":2,"item_purchase_floors":[2],"current_hp_per_floor":[64,64,53,58,57,45,45,29,29,53,28,22,22,15,39,11,63,40,24,3,0],"gold":279,"neow_bonus":"ONE_RARE_RELIC","is_prod":false,"is_daily":false,"chose_seed":false,"campfire_upgraded":1,"win_rate":0,"timestamp":1561375950,"path_taken":["M","$","?","?","M","M","?","?","T","R","E","?","R","?","R","BOSS","M","?","M","M"],"build_version":"2019-01-23","purchased_purges":1,"victory":false,"max_hp_per_floor":[75,75,75,80,80,80,80,80,80,80,80,80,80,80,80,80,80,80,80,80,80],"card_choices":[{"not_picked":["Rip and Tear","Beam Cell"],"picked":"White Noise","floor":1.0},{"not_picked":["Lockon","Barrage"],"picked":"Ball Lightning","floor":5.0},{"not_picked":["Turbo","Hologram","Sweeping Beam"],"picked":"SKIP","floor":6.0},{"not_picked":["Hyperbeam","Reprogram"],"picked":"Go for the Eyes","floor":11.0},{"not_picked":["Sunder","Static Discharge+1","Melter","Go for the Eyes"],"picked":"SKIP","floor":12.0},{"not_picked":["Multi-Cast","Thunder Strike","Biased Cognition+1"],"picked":"Creative AI+1","floor":16},{"not_picked":["Rebound","Stack","Ball Lightning"],"picked":"Sweeping Beam+1","floor":18},{"not_picked":["Hello World+1","Storm+1","Ball Lightning"],"picked":"Steam","floor":20}],"player_experience":225105,"relics_obtained":[{"floor":9.0,"key":"Frozen Egg 2"},{"floor":11.0,"key":"Question Card"},{"floor":19,"key":"Necronomicon"}],"event_choices":[{"damage_healed":0.0,"max_hp_gain":0.0,"max_hp_loss":0.0,"gold_gain":75.0,"event_name":"World of Goop","player_choice":"Gather Gold","floor":3.0,"gold_loss":0.0,"damage_taken":11.0},{"damage_healed":0.0,"max_hp_gain":5.0,"max_hp_loss":0.0,"gold_gain":0.0,"event_name":"Big Fish","player_choice":"Donut","floor":4.0,"gold_loss":0.0,"damage_taken":0.0},{"cards_removed":["Strike_B"],"damage_healed":0.0,"max_hp_gain":0.0,"max_hp_loss":0.0,"gold_gain":0.0,"event_name":"Living Wall","player_choice":"Forget","floor":7.0,"gold_loss":0.0,"damage_taken":0.0},{"damage_healed":0.0,"max_hp_gain":0.0,"max_hp_loss":0.0,"gold_gain":0.0,"event_name":"Shining Light","player_choice":"Entered Light","floor":8.0,"gold_loss":0.0,"damage_taken":16.0,"cards_upgraded":["Ball Lightning","Defend_B"]},{"cards_removed":["Strike_B"],"damage_healed":0,"gold_gain":0,"player_choice":"Card Removal","damage_taken":7,"max_hp_gain":0,"max_hp_loss":0,"event_name":"Golden Wing","floor":14,"gold_loss":0},{"damage_healed":0,"gold_gain":0,"player_choice":"Obtained Book","damage_taken":16,"max_hp_gain":0,"max_hp_loss":0,"event_name":"Cursed Tome","floor":19,"gold_loss":0}],"is_beta":false,"boss_relics":[{"not_picked":["Lizard Tail","Black Star"],"picked":"Nuclear Battery"}],"items_purged_floors":[2],"is_endless":false,"potions_floor_spawned":[6,16,18,20],"killed_by":"Snake Plant","ascension_level":6}