{"gold_per_floor":[114,129,32,47,47,47,77,77,102,102,102,132,132,162,162,262,262,277,277,292,104,104,134,164,164,164,164,164,89,119,119,119,219,219,234,89,49,49,49,79,79,23,48,48,78,78,78,0,0,0],"floor_reached":50,"playtime":4358,"items_purged":["Regret"],"score":639,"play_id":"f9fb74e6-0f09-4d24-833f-cba6eeb5926a","local_time":"20190503204140","daily_mods":["Heirloom","Flight","Elite Swarm"],"is_ascension_mode":false,"campfire_choices":[{"data":"Thunderclap","floor":6,"key":"SMITH"},{"floor":8,"key":"REST"},{"data":"Reaper","floor":13,"key":"SMITH"},{"floor":15,"key":"REST"},{"data":"Sword Boomerang","floor":25,"key":"SMITH"},{"floor":28,"key":"REST"},{"floor":32,"key":"REST"},{"data":"Sentinel","floor":41,"key":"SMITH"},{"data":"Shockwave","floor":44,"key":"SMITH"},{"floor":46,"key":"REST"},{"floor":47,"key":"REST"},{"data":"Juggernaut","floor":49,"key":"SMITH"}],"neow_cost":"","seed_source_timestamp":0,"circlet_count":0,"master_deck":["Strike_R","Strike_R","Strike_R+1","Strike_R+1","Strike_R","Defend_R","Defend_R","Defend_R","Bash","Sentinel+1","Warcry","Finesse","Thunderclap+1","Reaper+1","Rage","Anger","Brutality","Immolate","Reaper","Anger+1","True Grit+1","Metallicize","Sword Boomerang+1","Dramatic Entrance","Demon Form","Juggernaut","Reaper","Juggernaut+1","Armaments+1","Sword Boomerang+1","Whirlwind","Juggernaut","Shockwave+1","Immolate"],"special_seed":18019,"relics":["Burning Blood","Thread and Needle","Meat on the Bone","Boot","Regal Pillow","Paper Frog","Lizard Tail","MutagenicStrength","Du-Vu Doll","Torii","Smiling Mask","Juzu Bracelet","Bronze Scales","Calling Bell","Blood Vial","Mango","The Courier","Strawberry","Potion Belt","Darkstone Periapt","Red Mask"],"potions_floor_usage":[11,11,33,40],"damage_taken":[{"damage":0.0,"enemies":"Jaw Worm","floor":1.0,"turns":5.0},{"damage":1,"enemies":"2 Louse","floor":2,"turns":3},{"damage":0,"enemies":"Cultist","floor":4,"turns":4},{"damage":28,"enemies":"3 Sentries","floor":7,"turns":8},{"damage":0,"enemies":"3 Louse","floor":11,"turns":2},{"damage":19,"enemies":"Gremlin Nob","floor":12,"turns":4},{"damage":41,"enemies":"Lagavulin","floor":14,"turns":7},{"damage":6,"enemies":"Slime Boss","floor":16,"turns":7},{"damage":11,"enemies":"Chosen","floor":18,"turns":4},{"damage":7,"enemies":"Shell Parasite","floor":20,"turns":4},{"damage":37,"enemies":"Gremlin Leader","floor":23,"turns":5},{"damage":63,"enemies":"Slavers","floor":24,"turns":6},{"damage":66,"enemies":"Gremlin Leader","floor":30,"turns":6},{"damage":59,"enemies":"Champ","floor":33,"turns":10},{"damage":10,"enemies":"Orb Walker","floor":35,"turns":3},{"damage":116,"enemies":"Giant Head","floor":40,"turns":9},{"damage":91,"enemies":"Reptomancer","floor":45,"turns":6},{"damage":106,"enemies":"Donu and Deca","floor":50,"turns":6}],"seed_played":"-420758477785995413","potions_obtained":[{"floor":1,"key":"SpeedPotion"},{"floor":2,"key":"SkillPotion"},{"floor":14,"key":"Weak Potion"},{"floor":18,"key":"GamblersBrew"},{"floor":19,"key":"Explosive Potion"},{"floor":19,"key":"SteroidPotion"}],"is_trial":false,"path_per_floor":["M","M","$","M","?","R","E","R","T","?","M","E","R","E","R","B",null,"M","?","M","$","?","E","E","R","T","?","R","?","E","T","R","B",null,"M","$","?","?","?","E","R","$","T","R","E","R","R","?","R","B"],"character_chosen":"IRONCLAD","items_purchased":["Finesse","Metallicize","Sword Boomerang","Dramatic Entrance","Sword Boomerang","Whirlwind","Shockwave"],"campfire_rested":6,"item_purchase_floors":[3,21,21,21,36,36,42],"current_hp_per_floor":[80,80,80,80,64,64,42,66,66,66,72,59,59,43,80,80,80,75,75,74,74,74,48,29,29,29,29,68,68,20,20,59,44,94,90,90,90,90,90,72,72,72,72,72,22,67,101,101,101,0],"gold":0,"neow_bonus":"","is_prod":false,"is_daily":true,"chose_seed":false,"campfire_upgraded":6,"win_rate":0.0,"timestamp":1556930500,"path_taken":["M","M","$","M","?","R","E","R","T","?","?","E","R","E","R","BOSS","M","?","?","$","?","E","E","R","T","?","R","?","E","?","R","BOSS","M","$","?","?","?","E","R","?","T","R","E","R","R","?","R","BOSS"],"build_version":"2019-01-23","purchased_purges":1,"victory":false,"max_hp_per_floor":[80,80,80,80,80,80,80,80,80,80,80,80,80,80,80,80,80,80,80,80,80,80,80,80,80,80,80,80,80,80,80,80,80,94,94,94,94,94,94,101,101,101,101,101,101,101,101,101,101,101],"card_choices":[{"not_picked":["Uppercut","Sever Soul"],"picked":"Sentinel","floor":1},{"not_picked":["Perfected Strike","Iron Wave"],"picked":"Warcry","floor":2},{"not_picked":["Power Through","Warcry"],"picked":"Thunderclap","floor":4},{"not_picked":["Offering","Berserk"],"picked":"Reaper","floor":7},{"not_picked":["Shrug It Off","Clash"],"picked":"Anger","floor":11},{"not_picked":["Berserk","Dark Embrace"],"picked":"Brutality","floor":12},{"not_picked":["Offering","Feed"],"picked":"Immolate","floor":14},{"not_picked":["Brutality","Dark Embrace"],"picked":"Reaper","floor":16},{"not_picked":["Feel No Pain+1","Disarm"],"picked":"Anger+1","floor":18},{"not_picked":["Perfected Strike","Thunderclap"],"picked":"True Grit+1","floor":20},{"not_picked":["Offering","Dark Embrace"],"picked":"Demon Form","floor":23},{"not_picked":["Offering","Double Tap"],"picked":"Juggernaut","floor":24},{"not_picked":["Dark Embrace","Brutality"],"picked":"Reaper","floor":30},{"not_picked":["Bludgeon","Feed"],"picked":"Juggernaut","floor":33},{"not_picked":["Headbutt+1","Clash"],"picked":"Armaments+1","floor":35},{"not_picked":["Double Tap","Exhume"],"picked":"Juggernaut","floor":40},{"not_picked":["Dark Embrace","Double Tap"],"picked":"Immolate","floor":45}],"player_experience":1113,"relics_obtained":[{"floor":7,"key":"Meat on the Bone"},{"floor":9,"key":"Boot"},{"floor":12,"key":"Regal Pillow"},{"floor":14,"key":"Paper Frog"},{"floor":23,"key":"Du-Vu Doll"},{"floor":24,"key":"Torii"},{"floor":26,"key":"Smiling Mask"},{"floor":30,"key":"Juzu Bracelet"},{"floor":31,"key":"Bronze Scales"},{"floor":34,"key":"Blood Vial"},{"floor":34,"key":"Mango"},{"floor":34,"key":"The Courier"},{"floor":40,"key":"Strawberry"},{"floor":43,"key":"Potion Belt"},{"floor":45,"key":"Darkstone Periapt"}],"event_choices":[{"damage_healed":0,"gold_gain":0,"player_choice":"Entered Light","damage_taken":16,"max_hp_gain":0,"max_hp_loss":0,"event_name":"Shining Light","floor":5,"gold_loss":0,"cards_upgraded":["Strike_R","Strike_R"]},{"damage_healed":0,"gold_gain":0,"player_choice":"1 cards matched","damage_taken":0,"max_hp_gain":0,"max_hp_loss":0,"event_name":"Match and Keep!","floor":10,"gold_loss":0,"cards_obtained":["Rage"]},{"damage_healed":0,"gold_gain":0,"player_choice":"Got Potions","damage_taken":0,"max_hp_gain":0,"max_hp_loss":0,"event_name":"Lab","floor":19,"gold_loss":0},{"damage_healed":0,"gold_gain":0,"player_choice":"Inject Mutagens","damage_taken":0,"relics_obtained":["MutagenicStrength"],"max_hp_gain":0,"max_hp_loss":0,"event_name":"Drug Dealer","floor":22,"gold_loss":0},{"damage_healed":0,"gold_gain":0,"player_choice":"Smashed Altar","damage_taken":0,"max_hp_gain":0,"max_hp_loss":0,"event_name":"Forgotten Altar","floor":27,"gold_loss":0,"cards_obtained":["Decay"]},{"cards_removed":["Decay"],"damage_healed":0,"gold_gain":0,"player_choice":"Gave Gold","damage_taken":0,"max_hp_gain":0,"max_hp_loss":0,"event_name":"Beggar","floor":29,"gold_loss":75},{"damage_healed":0,"gold_gain":0,"player_choice":"Upgrade","damage_taken":0,"max_hp_gain":0,"max_hp_loss":0,"event_name":"Designer","floor":37,"gold_loss":40,"cards_upgraded":["Sword Boomerang"]},{"cards_removed":["Defend_R"],"damage_healed":0,"gold_gain":0,"player_choice":"Removed Skill","damage_taken":0,"max_hp_gain":0,"max_hp_loss":0,"event_name":"Falling","floor":38,"gold_loss":0},{"cards_removed":["Shame","Shame"],"damage_healed":0,"gold_gain":0,"player_choice":"Removed Curses","damage_taken":0,"max_hp_gain":0,"max_hp_loss":0,"event_name":"Fountain of Cleansing","floor":39,"gold_loss":0},{"damage_healed":0,"gold_gain":0,"player_choice":"Paid","damage_taken":0,"relics_obtained":["Red Mask"],"max_hp_gain":0,"max_hp_loss":0,"event_name":"Tomb of Lord Red Mask","floor":48,"gold_loss":78}],"is_beta":false,"boss_relics":[{"not_picked":["Fusion Hammer","Empty Cage"],"picked":"Lizard Tail"},{"not_picked":["Black Blood","Philosopher\u0027s Stone"],"picked":"Calling Bell"}],"items_purged_floors":[36],"is_endless":false,"potions_floor_spawned":[1,2,14,18],"killed_by":"Donu and Deca","ascension_level":0}