{"gold_per_floor":[216,226,10,10,20,20,31,110,133,166,186,215,235,249,249,353,353,368,379,393,407,407,407,193,108,108,8,19,37,66,78,78,180,180,198,73,73,88,98,98,98,123,123,138,92,92,102,102,102,102,102,102,10,36,36],"floor_reached":55,"playtime":9613,"items_purged":["Strike_G","Strike_G","Strike_G"],"score":783,"play_id":"d0252357-d9cf-45d6-abc5-1f00abc7c614","local_time":"20190709225828","is_ascension_mode":false,"campfire_choices":[{"data":"Crippling Poison","floor":6.0,"key":"SMITH"},{"floor":15.0,"key":"REST"},{"floor":23.0,"key":"REST"},{"floor":32.0,"key":"REST"},{"data":"Catalyst","floor":40.0,"key":"SMITH"},{"floor":46.0,"key":"RECALL"},{"floor":49.0,"key":"REST"},{"data":"Clumsy","floor":52,"key":"PURGE"}],"neow_cost":"NONE","seed_source_timestamp":0,"circlet_count":0,"master_deck":["Strike_G","Defend_G","Defend_G","Defend_G","Defend_G","Defend_G","Survivor","Neutralize","Dagger Throw","Catalyst+1","Crippling Poison+1","Catalyst+1","Noxious Fumes","Backflip+1","Well Laid Plans","All Out Attack","Bane","Deflect+1","Envenom","Underhanded Strike+1","Dodge and Roll+1","Bane","Bane","Bandage Up+1","PiercingWail+1","Crippling Poison+1","Endless Agony+1","Flechettes+1","Noxious Fumes+1","After Image","Night Terror+1","Prepared+1","Bane","Bane+1","Outmaneuver+1","Dodge and Roll+1","Prepared+1","PiercingWail+1","Iron Wave","Dodge and Roll+1","Bandage Up+1","Dodge and Roll+1"],"special_seed":0,"relics":["Ring of the Snake","Bronze Scales","Toxic Egg 2","Pen Nib","Ancient Tea Set","Ninja Scroll","Sozu","Dream Catcher","Pear","Bag of Marbles","Cursed Key","Peace Pipe","Oddly Smooth Stone"],"potions_floor_usage":[],"damage_taken":[{"damage":0.0,"enemies":"Small Slimes","floor":1.0,"turns":3.0},{"damage":0.0,"enemies":"Cultist","floor":2.0,"turns":3.0},{"damage":0.0,"enemies":"2 Louse","floor":5.0,"turns":2.0},{"damage":7.0,"enemies":"Exordium Wildlife","floor":7.0,"turns":2.0},{"damage":16.0,"enemies":"Lagavulin","floor":10.0,"turns":5.0},{"damage":5.0,"enemies":"3 Louse","floor":11.0,"turns":3.0},{"damage":20.0,"enemies":"3 Sentries","floor":12.0,"turns":5.0},{"damage":0.0,"enemies":"Red Slaver","floor":13.0,"turns":3.0},{"damage":5.0,"enemies":"Looter","floor":14.0,"turns":3.0},{"damage":8.0,"enemies":"The Guardian","floor":16.0,"turns":6.0},{"damage":18.0,"enemies":"2 Thieves","floor":18.0,"turns":3.0},{"damage":11.0,"enemies":"Spheric Guardian","floor":19.0,"turns":5.0},{"damage":10.0,"enemies":"Shelled Parasite and Fungi","floor":20.0,"turns":5.0},{"damage":4.0,"enemies":"Chosen and Byrds","floor":21.0,"turns":3.0},{"damage":0.0,"enemies":"Snake Plant","floor":28.0,"turns":4.0},{"damage":0.0,"enemies":"3 Cultists","floor":29.0,"turns":5.0},{"damage":21.0,"enemies":"Slavers","floor":30.0,"turns":4.0},{"damage":0.0,"enemies":"Chosen and Byrds","floor":31.0,"turns":3.0},{"damage":47.0,"enemies":"Champ","floor":33.0,"turns":7.0},{"damage":16.0,"enemies":"3 Darklings","floor":35.0,"turns":3.0},{"damage":5.0,"enemies":"Orb Walker","floor":38.0,"turns":2.0},{"damage":24.0,"enemies":"3 Darklings","floor":39.0,"turns":5.0},{"damage":19.0,"enemies":"Giant Head","floor":42.0,"turns":6.0},{"damage":14.0,"enemies":"Transient","floor":44.0,"turns":4.0},{"damage":0.0,"enemies":"Jaw Worm Horde","floor":47.0,"turns":2.0},{"damage":45.0,"enemies":"Donu and Deca","floor":50.0,"turns":8.0},{"damage":13,"enemies":"Shield and Spear","floor":54,"turns":7},{"damage":87,"enemies":"The Heart","floor":55,"turns":6}],"seed_played":"-4629298874023871869","potions_obtained":[{"floor":1.0,"key":"SteroidPotion"},{"floor":11.0,"key":"Regen Potion"},{"floor":14.0,"key":"Strength Potion"},{"floor":16.0,"key":"Poison Potion"}],"is_trial":false,"path_per_floor":["M","M","$","?","M","R","M","T","T","E","M","E","M","M","R","B",null,"M","M","M","M","?","R","$","?","T","$","M","M","E","M","R","B",null,"M","$","?","M","M","R","?","E","T","M","$","R","M","?","R","B",null,"R","$","E","B"],"character_chosen":"THE_SILENT","items_purchased":["Bronze Scales","Crippling Poison","Bandage Up+1","PiercingWail+1","Prepared+1","Bandage Up+1"],"campfire_rested":4,"item_purchase_floors":[3,3,24,24,45,53],"current_hp_per_floor":[70,70,70,70,70,70,63,63,63,47,42,37,37,32,53,45,70,52,41,31,27,11,32,32,32,42,42,48,54,39,45,69,28,80,70,70,70,71,53,53,53,40,40,32,32,32,38,38,62,23,80,80,80,79,0],"gold":36,"neow_bonus":"HUNDRED_GOLD","is_prod":false,"is_daily":false,"chose_seed":false,"campfire_upgraded":2,"win_rate":0,"timestamp":1562705908,"path_taken":["M","M","$","?","M","R","?","?","T","E","M","E","M","M","R","BOSS","M","M","M","M","?","R","$","?","T","$","M","M","E","M","R","BOSS","M","$","?","M","M","R","?","E","T","?","$","R","M","?","R","BOSS","R","$","E","BOSS"],"build_version":"2019-07-05","purchased_purges":3,"victory":false,"max_hp_per_floor":[70,70,70,70,70,70,70,70,70,70,70,70,70,70,70,70,70,70,70,70,70,70,70,70,70,80,80,80,80,80,80,80,80,80,80,80,80,80,80,80,80,80,80,80,80,80,80,80,80,80,80,80,80,80,80],"card_choices":[{"not_picked":["Expertise","Quick Slash"],"picked":"Dagger Throw","floor":1.0},{"not_picked":["Dagger Throw","Outmaneuver"],"picked":"Catalyst","floor":2.0},{"not_picked":["Riddle With Holes","Sucker Punch"],"picked":"Catalyst","floor":5.0},{"not_picked":["Infinite Blades","Prepared"],"picked":"Noxious Fumes","floor":7.0},{"not_picked":["Flying Knee","Quick Slash"],"picked":"Backflip+1","floor":10.0},{"not_picked":["Blade Dance+1","Blur+1"],"picked":"Well Laid Plans","floor":11.0},{"not_picked":["Backstab","Quick Slash"],"picked":"All Out Attack","floor":12.0},{"not_picked":["Backstab","Reflex+1"],"picked":"Bane","floor":13.0},{"not_picked":["Unload","Blade Dance+1"],"picked":"Deflect+1","floor":14.0},{"not_picked":["Doppelganger+1","Malaise+1"],"picked":"Envenom","floor":16.0},{"not_picked":["Flying Knee","Expertise+1"],"picked":"Underhanded Strike+1","floor":18.0},{"not_picked":["Outmaneuver+1","Bouncing Flask+1"],"picked":"Dodge and Roll+1","floor":19.0},{"not_picked":["Noxious Fumes","Dagger Throw+1"],"picked":"Bane","floor":20.0},{"not_picked":["Backflip+1","Quick Slash"],"picked":"Bane","floor":21.0},{"not_picked":["Backflip+1","Choke"],"picked":"Crippling Poison+1","floor":28.0},{"not_picked":["Quick Slash+1","Prepared+1"],"picked":"Endless Agony+1","floor":29.0},{"not_picked":["Outmaneuver+1","Slice+1"],"picked":"Flechettes+1","floor":30.0},{"not_picked":["Blur+1","Crippling Poison+1"],"picked":"Noxious Fumes+1","floor":31.0},{"not_picked":["Heel Hook","Outmaneuver+1"],"picked":"After Image","floor":32.0},{"not_picked":["Wraith Form v2","Unload"],"picked":"Night Terror+1","floor":33.0},{"not_picked":["Eviscerate+1","Acrobatics+1"],"picked":"Prepared+1","floor":35.0},{"not_picked":["Expertise+1","Acrobatics+1"],"picked":"Bane","floor":38.0},{"not_picked":["Endless Agony","Skewer"],"picked":"Bane+1","floor":39.0},{"not_picked":["Blur+1","Finisher"],"picked":"Outmaneuver+1","floor":42.0},{"not_picked":["Flying Knee+1","Deflect+1"],"picked":"Dodge and Roll+1","floor":44.0},{"not_picked":["Dash","Bane"],"picked":"PiercingWail+1","floor":47.0},{"not_picked":["Poisoned Stab","Endless Agony"],"picked":"Dodge and Roll+1","floor":49.0},{"not_picked":["Predator+1","Phantasmal Killer+1"],"picked":"Dodge and Roll+1","floor":54}],"player_experience":67871,"relics_obtained":[{"floor":8.0,"key":"Toxic Egg 2"},{"floor":9.0,"key":"Pen Nib"},{"floor":10.0,"key":"Ancient Tea Set"},{"floor":12.0,"key":"Ninja Scroll"},{"floor":26.0,"key":"Pear"},{"floor":30.0,"key":"Bag of Marbles"},{"floor":42.0,"key":"Peace Pipe"},{"floor":54,"key":"Oddly Smooth Stone"}],"event_choices":[{"damage_healed":0.0,"max_hp_gain":0.0,"max_hp_loss":0.0,"gold_gain":0.0,"event_name":"Upgrade Shrine","player_choice":"Upgraded","floor":4.0,"gold_loss":0.0,"damage_taken":0.0,"cards_upgraded":["Catalyst"]},{"damage_healed":0.0,"max_hp_gain":0.0,"max_hp_loss":0.0,"gold_gain":0.0,"event_name":"Cursed Tome","player_choice":"Obtained Book","floor":22.0,"gold_loss":0.0,"damage_taken":16.0},{"damage_healed":0.0,"max_hp_gain":0.0,"max_hp_loss":0.0,"gold_gain":0.0,"event_name":"Addict","player_choice":"Obtained Relic","floor":25.0,"gold_loss":85.0,"damage_taken":0.0,"relics_obtained":["Dream Catcher"]},{"damage_healed":0.0,"max_hp_gain":0.0,"max_hp_loss":0.0,"gold_gain":0.0,"event_name":"Tomb of Lord Red Mask","player_choice":"Ignored","floor":37.0,"gold_loss":0.0,"damage_taken":0.0},{"damage_healed":0.0,"max_hp_gain":0.0,"max_hp_loss":0.0,"gold_gain":0.0,"event_name":"Lab","player_choice":"Got Potions","floor":41.0,"gold_loss":0.0,"damage_taken":0.0},{"cards_removed":["Strike_G"],"damage_healed":0.0,"max_hp_gain":0.0,"max_hp_loss":0.0,"gold_gain":0.0,"event_name":"NoteForYourself","player_choice":"Took Card","floor":48.0,"gold_loss":0.0,"damage_taken":0.0,"cards_obtained":["Iron Wave"]}],"is_beta":false,"boss_relics":[{"not_picked":["WristBlade","Velvet Choker"],"picked":"Sozu"},{"not_picked":["HoveringKite","Astrolabe"],"picked":"Cursed Key"}],"items_purged_floors":[24,27,36],"is_endless":false,"potions_floor_spawned":[1,11,14,16,18,20,29,33,35,39],"killed_by":"The Heart","ascension_level":0}