{"gold_per_floor":[144,189,234,279,324,324,324,422,422,422],"floor_reached":10,"playtime":465,"items_purged":[],"score":70,"play_id":"6215e36b-52a7-4407-80e6-b75cf9084462","local_time":"20190506125950","daily_mods":["Chimera","Colorless Cards","Midas"],"is_ascension_mode":false,"campfire_choices":[],"neow_cost":"","seed_source_timestamp":2201058734442420,"circlet_count":0,"master_deck":["Bash","Survivor","Zap","Strike_G","Strike_B","Defend_R","Defend_G","Defend_B","Flex","Metallicize","Armaments","Burning Pact"],"special_seed":18022,"relics":["Burning Blood","Golden Idol","Ginger","Toxic Egg 2"],"potions_floor_usage":[5,8],"damage_taken":[{"damage":10,"enemies":"Jaw Worm","floor":1,"turns":3},{"damage":3,"enemies":"Small Slimes","floor":2,"turns":3},{"damage":4,"enemies":"2 Louse","floor":3,"turns":3},{"damage":21,"enemies":"Large Slime","floor":4,"turns":6},{"damage":25,"enemies":"Lots of Slimes","floor":5,"turns":4},{"damage":26,"enemies":"3 Sentries","floor":8,"turns":11},{"damage":8,"enemies":"Exordium Wildlife","floor":10,"turns":1}],"seed_played":"2603549402228900304","potions_obtained":[{"floor":3,"key":"BloodPotion"},{"floor":4,"key":"PowerPotion"}],"is_trial":false,"path_per_floor":["M","M","M","M","M","?","?","E","T","M"],"character_chosen":"IRONCLAD","items_purchased":[],"campfire_rested":0,"item_purchase_floors":[],"current_hp_per_floor":[76,79,80,65,46,26,19,7,7,0],"gold":422,"neow_bonus":"","is_prod":false,"is_daily":true,"chose_seed":false,"campfire_upgraded":0,"win_rate":0.0,"timestamp":1557161990,"path_taken":["M","M","M","M","M","?","?","E","T","M"],"build_version":"2019-01-23","purchased_purges":0,"victory":false,"max_hp_per_floor":[80,80,80,80,80,80,80,80,80,80],"card_choices":[{"not_picked":["Wild Strike","Dual Wield","Clothesline"],"picked":"SKIP","floor":1},{"not_picked":["Second Wind","Havoc"],"picked":"Flex","floor":2},{"not_picked":["Headbutt","Wild Strike","Perfected Strike"],"picked":"SKIP","floor":3},{"not_picked":["Wild Strike","Twin Strike"],"picked":"Metallicize","floor":4},{"not_picked":["Bandage Up","Brutality"],"picked":"Armaments","floor":5},{"not_picked":["Havoc","Disarm"],"picked":"Burning Pact","floor":8}],"player_experience":46672,"relics_obtained":[{"floor":8,"key":"Ginger"},{"floor":9,"key":"Toxic Egg 2"}],"event_choices":[{"damage_healed":0,"gold_gain":0,"player_choice":"Take Damage","damage_taken":20,"relics_obtained":["Golden Idol"],"max_hp_gain":0,"max_hp_loss":0,"event_name":"Golden Idol","floor":6,"gold_loss":0},{"cards_removed":["Strike_R"],"damage_healed":0,"gold_gain":0,"player_choice":"Card Removal","damage_taken":7,"max_hp_gain":0,"max_hp_loss":0,"event_name":"Golden Wing","floor":7,"gold_loss":0}],"is_beta":false,"boss_relics":[],"items_purged_floors":[],"is_endless":false,"potions_floor_spawned":[3,4],"killed_by":"Exordium Wildlife","ascension_level":0}