{"gold_per_floor":[114,129,144,159,234,234,264,279,304,304,319,319,319,334,334,434,434,449,549,564,579,594,594],"floor_reached":23,"playtime":983,"items_purged":[],"score":197,"play_id":"2263d4a0-1066-4118-a56d-6118f036a032","local_time":"20190508235656","daily_mods":["Heirloom","Green Cards","Binary"],"is_ascension_mode":false,"campfire_choices":[{"data":"Dagger Spray","floor":6,"key":"SMITH"},{"floor":10,"key":"REST"},{"data":"Choke","floor":15,"key":"SMITH"}],"neow_cost":"","seed_source_timestamp":0,"circlet_count":0,"master_deck":["Strike_R","Strike_R","Defend_R+1","Defend_R","Defend_R","Defend_R","Bash","Dagger Spray+1","Warcry+1","Pommel Strike","Berserk","Flying Knee","Headbutt","Eviscerate","Choke+1","Night Terror","Adrenaline+1","Clash+1","Corruption+1","Sword Boomerang+1","Armaments+1","Choke","Fire Breathing"],"special_seed":18025,"relics":["Burning Blood","Bird Faced Urn","Mummified Hand","War Paint","Astrolabe"],"potions_floor_usage":[3,4,11,11,20,20],"damage_taken":[{"damage":3,"enemies":"Small Slimes","floor":1,"turns":3},{"damage":6,"enemies":"2 Louse","floor":2,"turns":2},{"damage":0,"enemies":"Cultist","floor":3,"turns":2},{"damage":14,"enemies":"Blue Slaver","floor":4,"turns":3},{"damage":54,"enemies":"3 Sentries","floor":7,"turns":8},{"damage":5,"enemies":"Looter","floor":8,"turns":3},{"damage":0,"enemies":"Large Slime","floor":11,"turns":2},{"damage":0,"enemies":"2 Fungi Beasts","floor":14,"turns":2},{"damage":35,"enemies":"Slime Boss","floor":16,"turns":8},{"damage":1,"enemies":"Chosen","floor":18,"turns":2},{"damage":0,"enemies":"2 Thieves","floor":20,"turns":2},{"damage":9,"enemies":"Snecko","floor":21,"turns":3},{"damage":73,"enemies":"Centurion and Healer","floor":22,"turns":6},{"damage":15,"enemies":"Chosen and Byrds","floor":23,"turns":2}],"seed_played":"8493715503740847636","potions_obtained":[{"floor":1,"key":"SteroidPotion"},{"floor":3,"key":"Poison Potion"},{"floor":7,"key":"Energy Potion"},{"floor":8,"key":"AttackPotion"},{"floor":16,"key":"Explosive Potion"},{"floor":18,"key":"AttackPotion"},{"floor":21,"key":"SpeedPotion"}],"is_trial":false,"path_per_floor":["M","M","M","M","?","R","E","M","T","R","M","?","?","M","R","B",null,"M","?","M","M","M","M"],"character_chosen":"IRONCLAD","items_purchased":[],"campfire_rested":1,"item_purchase_floors":[],"current_hp_per_floor":[80,80,80,72,61,61,15,18,18,42,48,68,61,69,69,42,77,77,77,77,74,11,0],"gold":594,"neow_bonus":"","is_prod":false,"is_daily":true,"chose_seed":false,"campfire_upgraded":2,"win_rate":0,"timestamp":1557374216,"path_taken":["M","M","M","M","?","R","E","M","T","R","M","?","?","M","R","BOSS","M","?","M","M","M","M"],"build_version":"2019-01-23","purchased_purges":0,"victory":false,"max_hp_per_floor":[80,80,80,80,80,80,80,80,80,80,80,80,77,77,77,77,77,77,77,77,77,77,77],"card_choices":[{"not_picked":["Poisoned Stab"],"picked":"Dagger Spray","floor":1},{"not_picked":["Backstab"],"picked":"Warcry","floor":2},{"not_picked":["Acrobatics"],"picked":"Pommel Strike","floor":3},{"not_picked":["Body Slam"],"picked":"Berserk","floor":4},{"not_picked":["Pummel"],"picked":"Flying Knee","floor":7},{"not_picked":["Body Slam"],"picked":"Headbutt","floor":8},{"not_picked":["Power Through"],"picked":"Eviscerate","floor":11},{"not_picked":["Ghostly Armor"],"picked":"Choke","floor":14},{"not_picked":["Grand Finale"],"picked":"Night Terror","floor":16},{"not_picked":["Burning Pact"],"picked":"Sword Boomerang+1","floor":18},{"not_picked":["Anger"],"picked":"Armaments+1","floor":20},{"not_picked":["Shrug It Off"],"picked":"Choke","floor":21},{"not_picked":["Prepared"],"picked":"Fire Breathing","floor":22}],"player_experience":93182,"relics_obtained":[{"floor":7,"key":"Mummified Hand"},{"floor":9,"key":"War Paint"}],"event_choices":[{"damage_healed":0,"gold_gain":75,"player_choice":"Gather Gold","damage_taken":11,"max_hp_gain":0,"max_hp_loss":0,"event_name":"World of Goop","floor":5,"gold_loss":0},{"damage_healed":20,"gold_gain":0,"player_choice":"Healed and dodged fight","damage_taken":0,"max_hp_gain":0,"max_hp_loss":0,"event_name":"Mushrooms","floor":12,"gold_loss":0,"cards_obtained":["Parasite"]},{"cards_removed":["Parasite"],"damage_healed":0,"gold_gain":0,"player_choice":"Card Removal","damage_taken":7,"max_hp_gain":0,"max_hp_loss":0,"event_name":"Golden Wing","floor":13,"gold_loss":0},{"damage_healed":0,"gold_gain":100,"player_choice":"Pray","damage_taken":0,"max_hp_gain":0,"max_hp_loss":0,"event_name":"Golden Shrine","floor":19,"gold_loss":0}],"is_beta":false,"boss_relics":[{"not_picked":["Coffee Dripper","Runic Cube"],"picked":"Astrolabe"}],"items_purged_floors":[],"is_endless":false,"potions_floor_spawned":[1,3,7,8,16,18,21],"killed_by":"Chosen and Byrds","ascension_level":0}