{"gold_per_floor":[117,128,0,17,36,36,66,66,66,66,97,97,117,117,117,220,220,239,239,239,249,249,282,282,332,383,99,116,31,43,55,67,79],"floor_reached":33,"playtime":1528,"items_purged":["Fiend Fire"],"score":298,"play_id":"ccbac208-c328-48cf-9651-8c00fdda3481","local_time":"20190630024351","is_ascension_mode":true,"campfire_choices":[{"data":"Flex","floor":6,"key":"SMITH"},{"floor":10,"key":"REST"},{"data":"Shrug It Off","floor":12,"key":"SMITH"},{"data":"Heavy Blade","floor":15,"key":"SMITH"},{"floor":24,"key":"REST"},{"floor":32,"key":"REST"}],"neow_cost":"NONE","seed_source_timestamp":45091679715655,"circlet_count":0,"master_deck":["Strike_R","Strike_R","Strike_R","Strike_R","Strike_R","Defend_R","Defend_R","Defend_R+1","Defend_R+1","Bash","Flex+1","Clothesline+1","Heavy Blade+1","Cleave","Shrug It Off+1","Pommel Strike+1","Impervious","Metallicize+1","Warcry","Rampage","Necronomicurse"],"relics":["Burning Blood","War Paint","Blue Candle","Bag of Marbles","Bronze Scales","Philosopher\u0027s Stone","MutagenicStrength","Lantern","Juzu Bracelet","Membership Card","Regal Pillow","MawBank","Necronomicon"],"potions_floor_usage":[23,23,33],"damage_taken":[{"damage":6,"enemies":"Cultist","floor":1,"turns":3},{"damage":10,"enemies":"Small Slimes","floor":2,"turns":4},{"damage":4,"enemies":"Jaw Worm","floor":4,"turns":3},{"damage":2,"enemies":"3 Louse","floor":5,"turns":3},{"damage":22,"enemies":"Gremlin Nob","floor":7,"turns":4},{"damage":20,"enemies":"Lagavulin","floor":11,"turns":5},{"damage":0,"enemies":"Lots of Slimes","floor":13,"turns":1},{"damage":26,"enemies":"The Guardian","floor":16,"turns":11},{"damage":0,"enemies":"Chosen","floor":18,"turns":3},{"damage":1,"enemies":"3 Byrds","floor":21,"turns":3},{"damage":44,"enemies":"Gremlin Leader","floor":23,"turns":8},{"damage":3,"enemies":"Cultist and Chosen","floor":28,"turns":4},{"damage":88,"enemies":"Collector","floor":33,"turns":11}],"seed_played":"951817551080959964","potions_obtained":[{"floor":4,"key":"Block Potion"},{"floor":5,"key":"Poison Potion"},{"floor":7,"key":"Explosive Potion"}],"is_trial":false,"path_per_floor":["M","M","$","M","M","R","E","?","T","R","E","R","M","?","R","B",null,"M","?","?","M","?","E","R","?","T","$","M","?","?","$","R","B"],"character_chosen":"IRONCLAD","items_purchased":["Clothesline","Membership Card","Regal Pillow","Warcry"],"campfire_rested":3,"item_purchase_floors":[3,27,27,27],"current_hp_per_floor":[80,76,76,78,80,80,64,52,52,76,62,62,68,68,68,48,80,80,65,65,70,70,32,57,57,57,57,60,60,44,44,84,0],"gold":79,"neow_bonus":"ONE_RANDOM_RARE_CARD","is_prod":false,"is_daily":false,"chose_seed":false,"campfire_upgraded":3,"win_rate":0,"timestamp":1561855431,"path_taken":["M","?","$","M","M","R","E","?","T","R","E","R","M","?","R","BOSS","M","?","?","?","?","E","R","?","T","$","M","?","?","$","R","BOSS"],"build_version":"2019-01-23","purchased_purges":1,"victory":false,"max_hp_per_floor":[80,80,80,80,80,80,80,80,80,80,80,80,80,80,80,80,80,80,85,85,85,85,85,85,85,85,85,85,85,85,85,85,85],"card_choices":[{"not_picked":["Body Slam","Thunderclap"],"picked":"Flex","floor":1},{"not_picked":["Armaments","Body Slam","Anger"],"picked":"SKIP","floor":2},{"not_picked":["Clothesline","Armaments"],"picked":"Heavy Blade","floor":4},{"not_picked":["Iron Wave","Heavy Blade"],"picked":"Cleave","floor":5},{"not_picked":["Flex","Dark Embrace","Dual Wield"],"picked":"SKIP","floor":7},{"not_picked":["Rupture","Pommel Strike"],"picked":"Shrug It Off","floor":11},{"not_picked":["Flame Barrier","Sever Soul"],"picked":"Pommel Strike","floor":13},{"not_picked":["Reaper","Brutality"],"picked":"Impervious","floor":16},{"not_picked":["Anger","Body Slam","Cleave"],"picked":"SKIP","floor":18},{"not_picked":["Cleave","Armaments"],"picked":"Metallicize+1","floor":21},{"not_picked":["Flex","Cleave","Anger"],"picked":"SKIP","floor":23},{"not_picked":["Heavy Blade","Flex"],"picked":"Rampage","floor":28}],"player_experience":37446,"relics_obtained":[{"floor":7,"key":"War Paint"},{"floor":9,"key":"Bag of Marbles"},{"floor":11,"key":"Bronze Scales"},{"floor":23,"key":"Lantern"},{"floor":26,"key":"Juzu Bracelet"},{"floor":30,"key":"Necronomicon"}],"event_choices":[{"damage_healed":0,"gold_gain":0,"player_choice":"Success","damage_taken":12,"relics_obtained":["Blue Candle"],"max_hp_gain":0,"max_hp_loss":0,"event_name":"Scrap Ooze","floor":8,"gold_loss":0},{"damage_healed":0,"gold_gain":0,"player_choice":"Grow","damage_taken":0,"max_hp_gain":0,"max_hp_loss":0,"event_name":"Living Wall","floor":14,"gold_loss":0,"cards_upgraded":["Pommel Strike"]},{"damage_healed":0,"gold_gain":0,"player_choice":"Shed Blood","damage_taken":20,"max_hp_gain":5,"max_hp_loss":0,"event_name":"Forgotten Altar","floor":19,"gold_loss":0},{"damage_healed":0,"gold_gain":0,"player_choice":"Upgraded","damage_taken":0,"max_hp_gain":0,"max_hp_loss":0,"event_name":"Upgrade Shrine","floor":20,"gold_loss":0,"cards_upgraded":["Clothesline"]},{"damage_healed":0,"gold_gain":0,"player_choice":"Inject Mutagens","damage_taken":0,"relics_obtained":["MutagenicStrength"],"max_hp_gain":0,"max_hp_loss":0,"event_name":"Drug Dealer","floor":22,"gold_loss":0},{"damage_healed":0,"gold_gain":100,"player_choice":"Bet on Murderer","damage_taken":0,"max_hp_gain":0,"max_hp_loss":0,"event_name":"The Joust","floor":25,"gold_loss":50},{"damage_healed":0,"gold_gain":0,"player_choice":"Obtained Relic","damage_taken":0,"relics_obtained":["MawBank"],"max_hp_gain":0,"max_hp_loss":0,"event_name":"Addict","floor":29,"gold_loss":85},{"damage_healed":0,"gold_gain":0,"player_choice":"Obtained Book","damage_taken":16,"max_hp_gain":0,"max_hp_loss":0,"event_name":"Cursed Tome","floor":30,"gold_loss":0}],"is_beta":false,"boss_relics":[{"not_picked":["Empty Cage","Fusion Hammer"],"picked":"Philosopher\u0027s Stone"}],"items_purged_floors":[3],"is_endless":false,"potions_floor_spawned":[4,5,7,18,21],"killed_by":"Collector","ascension_level":2}