{"gold_per_floor":[118,133,153,168,180,180,197,197,197,197,214,224,224,251,251,352,352,366,366,291,303,314,314,333,52,124,139,139,139,158,169,169,266,266,284,302,177,177,27,55,55,83,83,83],"floor_reached":44,"playtime":2957,"items_purged":["Strike_B+1","Defend_B+1","Defend_B+1","Writhe"],"score":758,"play_id":"58274380-4c65-462b-8745-97ca5e76b815","local_time":"20190709125727","is_ascension_mode":true,"campfire_choices":[{"data":"Doom and Gloom","floor":6.0,"key":"SMITH"},{"data":"Genetic Algorithm","floor":8.0,"key":"SMITH"},{"floor":10.0,"key":"REST"},{"floor":13.0,"key":"REST"},{"data":"Zap","floor":15.0,"key":"SMITH"},{"data":"Creative AI","floor":23,"key":"SMITH"},{"floor":29,"key":"REST"},{"floor":32,"key":"REST"},{"floor":41,"key":"REST"}],"neow_cost":"NONE","seed_source_timestamp":909796324813941,"circlet_count":0,"master_deck":["AscendersBane","Strike_B+1","Defend_B+1","Defend_B+1","Zap+1","Dualcast","Seek","Doom and Gloom+1","Redo","Creative AI+1","Hologram","Cold Snap","Genetic Algorithm+1","Conserve Battery","Conserve Battery","Conserve Battery+1","Defragment","Redo+1","Biased Cognition","Biased Cognition","White Noise","Darkness"],"special_seed":0,"relics":["Orrery","Mercury Hourglass","Ginger","Nuclear Battery","PreservedInsect","Sundial","Empty Cage","Dead Branch","Shuriken","Cables"],"potions_floor_usage":[27,33,33],"damage_taken":[{"damage":0.0,"enemies":"Cultist","floor":1.0,"turns":3.0},{"damage":2.0,"enemies":"Jaw Worm","floor":2.0,"turns":3.0},{"damage":9.0,"enemies":"Small Slimes","floor":3.0,"turns":4.0},{"damage":9.0,"enemies":"Looter","floor":4.0,"turns":4.0},{"damage":4.0,"enemies":"3 Louse","floor":5.0,"turns":3.0},{"damage":37.0,"enemies":"Exordium Thugs","floor":7.0,"turns":6.0},{"damage":0.0,"enemies":"Large Slime","floor":11.0,"turns":5.0},{"damage":0.0,"enemies":"3 Louse","floor":12.0,"turns":1.0},{"damage":10.0,"enemies":"3 Sentries","floor":14.0,"turns":5.0},{"damage":37,"enemies":"The Guardian","floor":16,"turns":10},{"damage":24,"enemies":"Chosen","floor":18,"turns":5},{"damage":2,"enemies":"3 Byrds","floor":21,"turns":4},{"damage":2,"enemies":"Centurion and Healer","floor":22,"turns":9},{"damage":19,"enemies":"Sentry and Sphere","floor":24,"turns":6},{"damage":0,"enemies":"Shelled Parasite and Fungi","floor":27,"turns":4},{"damage":20,"enemies":"Centurion and Healer","floor":30,"turns":7},{"damage":1,"enemies":"Snake Plant","floor":31,"turns":4},{"damage":16,"enemies":"Automaton","floor":33,"turns":10},{"damage":5,"enemies":"3 Shapes","floor":35,"turns":8},{"damage":15,"enemies":"Orb Walker","floor":36,"turns":4},{"damage":25,"enemies":"Nemesis","floor":40,"turns":7},{"damage":39,"enemies":"Reptomancer","floor":42,"turns":6},{"damage":18,"enemies":"Transient","floor":44,"turns":1}],"seed_played":"-6337176154815049212","potions_obtained":[{"floor":2.0,"key":"LiquidBronze"},{"floor":5.0,"key":"Strength Potion"},{"floor":11.0,"key":"PowerPotion"},{"floor":21,"key":"Fire Potion"},{"floor":27,"key":"PowerPotion"},{"floor":36,"key":"Dexterity Potion"}],"is_trial":false,"path_per_floor":["M","?","T","M","?"],"character_chosen":"DEFECT","items_purchased":["PreservedInsect","Defragment"],"campfire_rested":5,"item_purchase_floors":[25,25],"current_hp_per_floor":[68,66,57,48,44,44,7,7,7,29,29,29,51,41,41,4,57,33,33,33,31,29,29,10,10,10,10,10,32,12,11,33,17,61,56,41,41,60,60,35,57,18,18,0],"gold":83,"neow_bonus":"BOSS_RELIC","is_prod":false,"is_daily":false,"chose_seed":false,"campfire_upgraded":4,"win_rate":0,"timestamp":1562666247,"path_taken":["M","M","?","M","M","R","M","R","T","R","M","M","R","E","R","BOSS","M","?","$","M","M","R","M","$","T","M","?","R","M","?","R","BOSS","M","M","$","?","$","E","R","E","T","M"],"build_version":"2019-01-23","purchased_purges":4,"victory":false,"max_hp_per_floor":[75,75,75,75,75,75,75,75,75,75,75,75,75,75,75,75,75,75,75,75,75,75,75,75,75,75,75,75,75,75,75,75,75,75,75,75,75,75,75,75,75,75,75,75],"card_choices":[{"not_picked":["Stack","Fusion"],"picked":"Seek","floor":0.0},{"not_picked":["Stack","Glacier"],"picked":"Doom and Gloom","floor":0.0},{"not_picked":["Beam Cell","Barrage"],"picked":"Redo","floor":0.0},{"not_picked":["Chill","Beam Cell"],"picked":"Creative AI","floor":0.0},{"not_picked":["Leap","Go for the Eyes"],"picked":"Hologram","floor":0.0},{"not_picked":["Tempest","Compile Driver"],"picked":"Cold Snap","floor":1.0},{"not_picked":["Redo","Ball Lightning","Stack"],"picked":"SKIP","floor":2.0},{"not_picked":["Go for the Eyes","Melter","Beam Cell"],"picked":"SKIP","floor":3.0},{"not_picked":["Lockon","Cold Snap","Heatsinks"],"picked":"SKIP","floor":4.0},{"not_picked":["Redo","Seek"],"picked":"Genetic Algorithm","floor":5.0},{"not_picked":["BootSequence","Stack","Gash"],"picked":"SKIP","floor":7.0},{"not_picked":["Beam Cell","Compile Driver","Leap"],"picked":"SKIP","floor":11.0},{"not_picked":["Redo","Stack"],"picked":"Conserve Battery","floor":12.0},{"not_picked":["BootSequence","All For One","Beam Cell"],"picked":"SKIP","floor":14.0},{"not_picked":["BootSequence","All For One","Beam Cell"],"picked":"SKIP","floor":14.0},{"not_picked":["Ball Lightning","Steam"],"picked":"Conserve Battery","floor":18},{"not_picked":["Aggregate","Reprogram"],"picked":"Conserve Battery+1","floor":21},{"not_picked":["Storm","Stack","Turbo"],"picked":"SKIP","floor":22},{"not_picked":["Steam Power","Reprogram","Hologram"],"picked":"SKIP","floor":24},{"not_picked":["Rebound","Genetic Algorithm"],"picked":"Redo+1","floor":27},{"not_picked":["Rebound","Cold Snap"],"picked":"Biased Cognition","floor":30},{"not_picked":["Conserve Battery","Redo","Streamline"],"picked":"SKIP","floor":31},{"not_picked":["Electrodynamics","Meteor Strike"],"picked":"Biased Cognition","floor":33},{"not_picked":["Sweeping Beam","Steam","Redo"],"picked":"SKIP","floor":35},{"not_picked":["Streamline+1","Conserve Battery"],"picked":"White Noise","floor":36},{"not_picked":["Genetic Algorithm","Thunder Strike"],"picked":"Darkness","floor":40},{"not_picked":["Barrage","Go for the Eyes+1","Compile Driver"],"picked":"SKIP","floor":42}],"player_experience":343725,"relics_obtained":[{"floor":9.0,"key":"Mercury Hourglass"},{"floor":14.0,"key":"Ginger"},{"floor":28,"key":"Sundial"},{"floor":40,"key":"Dead Branch"},{"floor":42,"key":"Shuriken"},{"floor":43,"key":"Cables"}],"event_choices":[{"damage_healed":0,"gold_gain":0,"player_choice":"Simplicity","damage_taken":0,"max_hp_gain":0,"max_hp_loss":0,"event_name":"Back to Basics","floor":19,"gold_loss":0,"cards_upgraded":["Strike_B","Strike_B","Strike_B","Strike_B","Defend_B","Defend_B","Defend_B","Defend_B"]},{"damage_healed":19,"gold_gain":0,"player_choice":"Writhe","damage_taken":0,"max_hp_gain":0,"max_hp_loss":0,"event_name":"Winding Halls","floor":38,"gold_loss":0,"cards_obtained":["Writhe"]}],"is_beta":false,"boss_relics":[{"not_picked":["White Beast Statue","Velvet Choker"],"picked":"Nuclear Battery"},{"not_picked":["Snecko Eye","Lizard Tail"],"picked":"Empty Cage"}],"items_purged_floors":[20,25,37,39],"is_endless":false,"potions_floor_spawned":[2,5,11,14,21,27,36],"killed_by":"Transient","ascension_level":12}