{"gold_per_floor":[114,129,144,2,17,47,47,47,72,87,102,102,132,7,7,107,107,122,122,122,137,152,182,182,197,197,227,227,257,182,32,32,132,132,147,57,72,119,119,149,149,179,179,179,209,224,57,72,72,72],"floor_reached":51,"playtime":7077,"items_purged":["Strike_R","Pain"],"score":1028,"play_id":"f180a96c-6ecc-4f78-bc29-f98f613bf82b","local_time":"20190711010624","daily_mods":["Cursed Run","Green Cards","Elite Swarm"],"is_ascension_mode":false,"campfire_choices":[{"data":"Bash","floor":8.0,"key":"SMITH"},{"data":"Phantasmal Killer","floor":12.0,"key":"SMITH"},{"data":"Immolate","floor":15.0,"key":"SMITH"},{"data":"Barricade","floor":24.0,"key":"SMITH"},{"data":"1","floor":32.0,"key":"LIFT"},{"data":"2","floor":41.0,"key":"LIFT"},{"data":"3","floor":44.0,"key":"LIFT"},{"data":"Limit Break","floor":49.0,"key":"SMITH"}],"neow_cost":"","seed_source_timestamp":0,"circlet_count":0,"master_deck":["Strike_R","Strike_R","Defend_R","Defend_R","Defend_R","Defend_R","Bash+1","Crippling Poison","Shrug It Off","Armaments+1","Rampage","Footwork","Outmaneuver","Phantasmal Killer+1","Injury","Shrug It Off+1","Seeing Red","Immolate+1","Pommel Strike","Exhume","Bane+1","Backflip","Iron Wave+1","Barricade+1","Well Laid Plans+1","Limit Break","Reaper","Clumsy","Immolate","Headbutt+1","Skewer+1","Limit Break+1","Flex","Inflame","Outmaneuver+1","Sucker Punch+1","Injury"],"special_seed":18087,"relics":["Cursed Key","Darkstone Periapt","Du-Vu Doll","Gambling Chip","Centennial Puzzle","Omamori","Black Star","Question Card","Anchor","Bottled Flame","Matryoshka","Letter Opener","Girya","Torii","Red Skull","Runic Pyramid","FossilizedHelix","Prayer Wheel","Charon\u0027s Ashes","Pear","Bottled Lightning","Potion Belt","Self Forming Clay","Dream Catcher","Ornamental Fan"],"potions_floor_usage":[50,50],"damage_taken":[{"damage":1.0,"enemies":"Cultist","floor":1.0,"turns":3.0},{"damage":0.0,"enemies":"Small Slimes","floor":2.0,"turns":3.0},{"damage":1.0,"enemies":"Jaw Worm","floor":3.0,"turns":3.0},{"damage":13.0,"enemies":"Lots of Slimes","floor":5.0,"turns":4.0},{"damage":9.0,"enemies":"Lagavulin","floor":6.0,"turns":6.0},{"damage":0.0,"enemies":"3 Louse","floor":10.0,"turns":3.0},{"damage":0.0,"enemies":"Looter","floor":11.0,"turns":3.0},{"damage":11.0,"enemies":"Gremlin Nob","floor":13.0,"turns":4.0},{"damage":0.0,"enemies":"Slime Boss","floor":16.0,"turns":5.0},{"damage":0.0,"enemies":"3 Byrds","floor":18.0,"turns":2.0},{"damage":0.0,"enemies":"Spheric Guardian","floor":21.0,"turns":2.0},{"damage":9.0,"enemies":"Centurion and Healer","floor":22.0,"turns":4.0},{"damage":8.0,"enemies":"Book of Stabbing","floor":23.0,"turns":4.0},{"damage":11.0,"enemies":"Shelled Parasite and Fungi","floor":25.0,"turns":7.0},{"damage":18.0,"enemies":"Gremlin Leader","floor":27.0,"turns":5.0},{"damage":4.0,"enemies":"Slavers","floor":29.0,"turns":2.0},{"damage":35.0,"enemies":"Champ","floor":33.0,"turns":7.0},{"damage":9.0,"enemies":"3 Darklings","floor":35.0,"turns":2.0},{"damage":0.0,"enemies":"3 Shapes","floor":37.0,"turns":1.0},{"damage":21.0,"enemies":"2 Orb Walkers","floor":38.0,"turns":3.0},{"damage":42.0,"enemies":"Giant Head","floor":40.0,"turns":7.0},{"damage":0.0,"enemies":"Reptomancer","floor":42.0,"turns":3.0},{"damage":20.0,"enemies":"Nemesis","floor":45.0,"turns":3.0},{"damage":4.0,"enemies":"Spire Growth","floor":46.0,"turns":3.0},{"damage":0.0,"enemies":"Sphere and 2 Shapes","floor":48.0,"turns":2.0},{"damage":0,"enemies":"Donu and Deca","floor":50,"turns":6}],"seed_played":"5181335540580506732","potions_obtained":[{"floor":2.0,"key":"Weak Potion"},{"floor":10.0,"key":"PowerPotion"},{"floor":16.0,"key":"SteroidPotion"},{"floor":18.0,"key":"FearPotion"},{"floor":27.0,"key":"Swift Potion"},{"floor":29.0,"key":"Swift Potion"},{"floor":35.0,"key":"PowerPotion"},{"floor":37.0,"key":"FearPotion"},{"floor":40.0,"key":"SteroidPotion"},{"floor":42.0,"key":"GamblersBrew"},{"floor":48.0,"key":"EssenceOfSteel"}],"is_trial":false,"path_per_floor":["M","M","M","$","M","E","?","R","T","M","M","R","E","$","R","B",null,"M","?","?","M","M","E","R","M","T","E","?","E","?","$","R","B",null,"M","?","M","?","?","E","R","E","T","R","E","M","$","M","R","B",null],"character_chosen":"IRONCLAD","items_purchased":["Rampage","Footwork","Pommel Strike","Red Skull","Inflame"],"campfire_rested":0,"item_purchase_floors":[4,4,14,31,47],"current_hp_per_floor":[79,79,78,78,65,56,56,56,62,62,62,62,51,51,51,51,86,86,86,86,86,77,69,69,58,58,40,40,36,36,36,36,34,92,92,92,92,71,71,29,29,39,45,45,106,102,102,102,102,114],"gold":72,"neow_bonus":"","is_prod":false,"is_daily":true,"chose_seed":false,"campfire_upgraded":5,"win_rate":0,"timestamp":1562799984,"path_taken":["M","M","M","$","M","E","?","R","T","?","M","R","E","?","R","BOSS","M","?","?","M","M","E","R","?","T","E","?","E","?","$","R","BOSS","M","?","?","?","?","E","R","E","T","R","E","?","$","M","R","BOSS"],"build_version":"2019-07-05","purchased_purges":2,"victory":true,"max_hp_per_floor":[80,80,80,80,80,80,80,80,86,86,86,86,86,86,86,86,86,86,86,86,86,86,86,86,86,86,86,86,86,86,86,86,92,92,92,92,92,92,92,92,92,102,108,108,108,108,108,108,108,114],"card_choices":[{"not_picked":["Underhanded Strike","Rupture"],"picked":"Crippling Poison","floor":1.0},{"not_picked":["Backflip","True Grit"],"picked":"Shrug It Off","floor":2.0},{"not_picked":["Wraith Form v2","Flex"],"picked":"Armaments","floor":3.0},{"not_picked":["Infernal Blade","Prepared"],"picked":"Outmaneuver","floor":5.0},{"not_picked":["Glass Knife","Grand Finale"],"picked":"Phantasmal Killer","floor":6.0},{"not_picked":["Disarm","Iron Wave"],"picked":"Shrug It Off","floor":10.0},{"not_picked":["Armaments","Intimidate"],"picked":"Seeing Red","floor":11.0},{"not_picked":["Wraith Form v2","Offering"],"picked":"Immolate","floor":13.0},{"not_picked":["Storm of Steel","Unload"],"picked":"Exhume","floor":16.0},{"not_picked":["Disarm","Intimidate"],"picked":"Bane+1","floor":18.0},{"not_picked":["Concentrate","Outmaneuver"],"picked":"Backflip","floor":21.0},{"not_picked":["Pommel Strike","Calculated Gamble"],"picked":"Iron Wave+1","floor":22.0},{"not_picked":["Night Terror","Wraith Form v2"],"picked":"Barricade","floor":23.0},{"not_picked":["Metallicize","Heavy Blade","Outmaneuver+1"],"picked":"Well Laid Plans+1","floor":25.0},{"not_picked":["Fiend Fire","Malaise","Exhume"],"picked":"Limit Break","floor":27.0},{"not_picked":["Double Tap","Brutality","Limit Break"],"picked":"Reaper","floor":29.0},{"not_picked":["Burst","Impervious","Envenom"],"picked":"Immolate","floor":33.0},{"not_picked":["Caltrops","Finisher","Prepared"],"picked":"Headbutt+1","floor":35.0},{"not_picked":["Anger","PiercingWail","Wild Strike+1"],"picked":"Skewer+1","floor":37.0},{"not_picked":["Unload","Exhume","Phantasmal Killer"],"picked":"Limit Break","floor":40.0},{"not_picked":["Offering","Burst","Wraith Form v2","Storm of Steel"],"picked":"SKIP","floor":42.0},{"not_picked":["Wraith Form v2","Brutality","Grand Finale","Storm of Steel"],"picked":"SKIP","floor":45.0},{"not_picked":["Battle Trance+1","Underhanded Strike","Clash+1"],"picked":"Flex","floor":46.0},{"not_picked":["Warcry","Dagger Spray","Searing Blow+1","Underhanded Strike+1"],"picked":"SKIP","floor":46.0},{"not_picked":["Dagger Throw+1","Sucker Punch+1","Endless Agony"],"picked":"Outmaneuver+1","floor":48.0},{"not_picked":["Thunderclap","Twin Strike","Acrobatics+1"],"picked":"Sucker Punch+1","floor":48.0}],"player_experience":92734,"relics_obtained":[{"floor":6.0,"key":"Gambling Chip"},{"floor":9.0,"key":"Centennial Puzzle"},{"floor":13.0,"key":"Omamori"},{"floor":23.0,"key":"Question Card"},{"floor":23.0,"key":"Anchor"},{"floor":26.0,"key":"Bottled Flame"},{"floor":27.0,"key":"Matryoshka"},{"floor":27.0,"key":"Letter Opener"},{"floor":29.0,"key":"Girya"},{"floor":29.0,"key":"Torii"},{"floor":38.0,"key":"FossilizedHelix"},{"floor":40.0,"key":"Prayer Wheel"},{"floor":40.0,"key":"Charon\u0027s Ashes"},{"floor":42.0,"key":"Pear"},{"floor":42.0,"key":"Bottled Lightning"},{"floor":43.0,"key":"Potion Belt"},{"floor":43.0,"key":"Self Forming Clay"},{"floor":45.0,"key":"Dream Catcher"},{"floor":45.0,"key":"Ornamental Fan"}],"event_choices":[{"damage_healed":0.0,"max_hp_gain":0.0,"max_hp_loss":0.0,"gold_gain":0.0,"event_name":"Accursed Blacksmith","player_choice":"Forge","floor":7.0,"gold_loss":0.0,"damage_taken":0.0,"cards_upgraded":["Armaments"]},{"damage_healed":0.0,"max_hp_gain":0.0,"max_hp_loss":0.0,"gold_gain":0.0,"event_name":"Ghosts","player_choice":"Ignored","floor":19.0,"gold_loss":0.0,"damage_taken":0.0},{"damage_healed":0.0,"max_hp_gain":0.0,"max_hp_loss":0.0,"gold_gain":0.0,"event_name":"The Woman in Blue","player_choice":"Bought 0 Potions","floor":20.0,"gold_loss":0.0,"damage_taken":0.0},{"damage_healed":0.0,"max_hp_gain":0.0,"max_hp_loss":0.0,"gold_gain":0.0,"event_name":"Cursed Tome","player_choice":"Ignored","floor":28.0,"gold_loss":0.0,"damage_taken":0.0},{"cards_removed":["Strike_R"],"damage_healed":0.0,"max_hp_gain":0.0,"max_hp_loss":0.0,"gold_gain":0.0,"event_name":"Beggar","player_choice":"Gave Gold","floor":30.0,"gold_loss":75.0,"damage_taken":0.0},{"cards_removed":["Strike_R"],"damage_healed":0.0,"max_hp_gain":0.0,"max_hp_loss":0.0,"gold_gain":0.0,"event_name":"Designer","player_choice":"Upgrade and Remove","floor":36.0,"gold_loss":90.0,"damage_taken":0.0,"cards_upgraded":["Shrug It Off"]},{"damage_healed":0.0,"max_hp_gain":0.0,"max_hp_loss":0.0,"gold_gain":0.0,"event_name":"Mysterious Sphere","player_choice":"Fight","floor":38.0,"gold_loss":0.0,"damage_taken":0.0},{"damage_healed":0.0,"max_hp_gain":0.0,"max_hp_loss":0.0,"gold_gain":0.0,"event_name":"Fountain of Cleansing","player_choice":"Ignored","floor":39.0,"gold_loss":0.0,"damage_taken":0.0}],"is_beta":false,"boss_relics":[{"not_picked":["Astrolabe","Busted Crown"],"picked":"Black Star"},{"not_picked":["Pandora\u0027s Box","Runic Dome"],"picked":"Runic Pyramid"}],"items_purged_floors":[14,47],"is_endless":false,"potions_floor_spawned":[2,10,16,18,27,29,35,37,40,42,48],"ascension_level":0}