{"gold_per_floor":[119,138,138,151,101,101,145,160,187,187,206,241,265,285,285,383,383,406,406,250,271,286,286,286],"floor_reached":24,"playtime":1277,"items_purged":["Strike_B"],"score":347,"play_id":"6edc3fe7-0112-4baf-8f7f-1e6376fb22e1","local_time":"20190715035527","is_ascension_mode":true,"campfire_choices":[{"data":"Zap","floor":6.0,"key":"SMITH"},{"data":"Rip and Tear","floor":10,"key":"SMITH"},{"floor":15,"key":"REST"},{"floor":23,"key":"REST"}],"neow_cost":"NONE","seed_source_timestamp":208440286062689,"circlet_count":0,"master_deck":["AscendersBane","Strike_B","Strike_B","Defend_B","Defend_B","Defend_B","Defend_B","Zap+1","Dualcast","Rip and Tear+1","Rebound","Conserve Battery","Echo Form","Sweeping Beam","Electrodynamics","Ball Lightning","Defragment","Chaos","Doom and Gloom","Multi-Cast"],"special_seed":0,"relics":["Cracked Core","Happy Flower","Golden Idol","Lantern","PreservedInsect","Strawberry","Orrery"],"potions_floor_usage":[22,22,24],"damage_taken":[{"damage":6.0,"enemies":"Cultist","floor":1.0,"turns":3.0},{"damage":0.0,"enemies":"Small Slimes","floor":2.0,"turns":3.0},{"damage":0.0,"enemies":"Jaw Worm","floor":4.0,"turns":3.0},{"damage":13.0,"enemies":"Gremlin Nob","floor":7.0,"turns":4.0},{"damage":5,"enemies":"Gremlin Gang","floor":8,"turns":4},{"damage":1,"enemies":"Looter","floor":11,"turns":2},{"damage":23,"enemies":"3 Sentries","floor":12,"turns":5},{"damage":10,"enemies":"Lots of Slimes","floor":13,"turns":4},{"damage":1,"enemies":"3 Louse","floor":14,"turns":3},{"damage":23,"enemies":"Slime Boss","floor":16,"turns":8},{"damage":21,"enemies":"Shell Parasite","floor":18,"turns":4},{"damage":25,"enemies":"2 Thieves","floor":21,"turns":4},{"damage":14,"enemies":"Centurion and Healer","floor":22,"turns":3},{"damage":28,"enemies":"Book of Stabbing","floor":24,"turns":2}],"seed_played":"-1057983914397409507","potions_obtained":[{"floor":2.0,"key":"SteroidPotion"},{"floor":4.0,"key":"Weak Potion"},{"floor":12,"key":"FearPotion"},{"floor":22,"key":"FocusPotion"}],"is_trial":false,"path_per_floor":["M","?","?","M","M","?"],"character_chosen":"DEFECT","items_purchased":["Doom and Gloom"],"campfire_rested":2,"item_purchase_floors":[20],"current_hp_per_floor":[62,62,62,62,62,62,49,44,44,44,43,27,17,16,38,15,61,40,40,40,15,1,23,0],"gold":286,"neow_bonus":"RANDOM_COMMON_RELIC","is_prod":false,"is_daily":false,"chose_seed":false,"campfire_upgraded":2,"win_rate":0,"timestamp":1563152127,"path_taken":["M","?","?","M","?","R","E","M","T","R","M","E","?","?","R","BOSS","M","?","$","M","M","R","E"],"build_version":"2019-01-23","purchased_purges":1,"victory":false,"max_hp_per_floor":[75,75,69,69,69,69,69,69,69,69,69,76,76,76,76,76,76,76,76,76,76,76,76,76],"card_choices":[{"not_picked":["Rebound","Streamline"],"picked":"Rip and Tear","floor":1.0},{"not_picked":["Stack","Coolheaded"],"picked":"Rebound","floor":2.0},{"not_picked":["Consume","Stack"],"picked":"Conserve Battery","floor":4.0},{"not_picked":["Recycle","Streamline","Conserve Battery"],"picked":"SKIP","floor":7.0},{"not_picked":["Compile Driver","Redo","Steam"],"picked":"SKIP","floor":8},{"not_picked":["Turbo","Leap","Steam"],"picked":"SKIP","floor":11},{"not_picked":["Self Repair","Rip and Tear"],"picked":"Echo Form","floor":12},{"not_picked":["Stack","Coolheaded"],"picked":"Sweeping Beam","floor":13},{"not_picked":["Rebound","Heatsinks","Hologram"],"picked":"SKIP","floor":14},{"not_picked":["Thunder Strike","Creative AI"],"picked":"Electrodynamics","floor":16},{"not_picked":["Barrage","Hologram"],"picked":"Ball Lightning","floor":17},{"not_picked":["Gash","Fusion"],"picked":"Defragment","floor":17},{"not_picked":["Coolheaded","Steam Power"],"picked":"Chaos","floor":17},{"not_picked":["Recycle","Compile Driver","Gash"],"picked":"SKIP","floor":18},{"not_picked":["Redo","Sweeping Beam"],"picked":"Multi-Cast","floor":21},{"not_picked":["Stack","Steam","Heatsinks+1"],"picked":"SKIP","floor":22}],"player_experience":426522,"relics_obtained":[{"floor":7.0,"key":"Lantern"},{"floor":9,"key":"PreservedInsect"},{"floor":12,"key":"Strawberry"}],"event_choices":[{"damage_healed":0.0,"max_hp_gain":0.0,"max_hp_loss":6.0,"gold_gain":0.0,"event_name":"Golden Idol","player_choice":"Lose Max HP","floor":3.0,"gold_loss":0.0,"damage_taken":0.0,"relics_obtained":["Golden Idol"]},{"cards_removed":["Strike_B"],"damage_healed":0.0,"max_hp_gain":0.0,"max_hp_loss":0.0,"gold_gain":0.0,"event_name":"The Cleric","player_choice":"Card Removal","floor":5.0,"gold_loss":50.0,"damage_taken":0.0},{"damage_healed":0,"gold_gain":0,"player_choice":"Bought 0 Potions","damage_taken":0,"max_hp_gain":0,"max_hp_loss":0,"event_name":"The Woman in Blue","floor":19,"gold_loss":0}],"is_beta":false,"boss_relics":[{"not_picked":["Velvet Choker","Sozu"],"picked":"Orrery"}],"items_purged_floors":[20],"is_endless":false,"potions_floor_spawned":[2,4,12,16,22],"killed_by":"Book of Stabbing","ascension_level":13}