{"gold_per_floor":[114,129,304,304,319,61,73,108,108,122,122,180,208,222,222,325,375,389,389,33,47,47,382,382,382],"floor_reached":25,"playtime":3206,"items_purged":["Strike_B"],"score":255,"play_id":"04f6e353-1020-4ef7-8da8-8356a0d5c5c4","local_time":"20190504222832","is_ascension_mode":false,"campfire_choices":[{"data":"Hologram","floor":11,"key":"SMITH"},{"floor":15,"key":"REST"}],"neow_cost":"NONE","seed_source_timestamp":2062713556788922,"circlet_count":0,"master_deck":["Strike_B","Strike_B","Strike_B","Defend_B","Defend_B","Defend_B","Defend_B","Zap","Dualcast","Conserve Battery","Beam Cell","Sweeping Beam","Steam","Capacitor","Hologram+1","Fusion+1","Ball Lightning","Doom and Gloom","Defragment","Glacier","Hologram","Hello World","Electrodynamics","Compile Driver","Ball Lightning","Defragment","Capacitor","Purity","Steam Power","Streamline+1","Darkness+1"],"relics":["Cracked Core","Lantern","Kunai","Prayer Wheel","Ginger","PreservedInsect","Tiny House","Blood Vial","Old Coin","Spirit Poop"],"potions_floor_usage":[8,8,8,8,10,10,21],"damage_taken":[{"damage":6,"enemies":"Cultist","floor":1,"turns":3},{"damage":3,"enemies":"Small Slimes","floor":2,"turns":3},{"damage":1,"enemies":"2 Louse","floor":5,"turns":3},{"damage":0,"enemies":"2 Fungi Beasts","floor":7,"turns":3},{"damage":0,"enemies":"3 Sentries","floor":8,"turns":6},{"damage":7,"enemies":"Exordium Thugs","floor":10,"turns":5},{"damage":29,"enemies":"Lagavulin Event","floor":12,"turns":6},{"damage":13,"enemies":"Lagavulin","floor":13,"turns":5},{"damage":12,"enemies":"Blue Slaver","floor":14,"turns":4},{"damage":17,"enemies":"Hexaghost","floor":16,"turns":10},{"damage":22,"enemies":"3 Byrds","floor":18,"turns":6},{"damage":12,"enemies":"Chosen","floor":21,"turns":7},{"damage":52,"enemies":"Book of Stabbing","floor":23,"turns":6},{"damage":7,"enemies":"Shelled Parasite and Fungi","floor":25,"turns":1}],"seed_played":"-7528718390432907005","potions_obtained":[{"floor":1,"key":"FearPotion"},{"floor":4,"key":"FocusPotion"},{"floor":4,"key":"EntropicBrew"},{"floor":10,"key":"SpeedPotion"},{"floor":14,"key":"GamblersBrew"},{"floor":17,"key":"SmokeBomb"},{"floor":21,"key":"AttackPotion"},{"floor":23,"key":"Regen Potion"}],"is_trial":false,"path_per_floor":["M","M","?","?","M","$","M","E","T","M","R","?","E","M","R","B",null,"M","?","$","M","$","E","?","M"],"character_chosen":"DEFECT","items_purchased":["Steam","Lantern","Capacitor","Capacitor","Blood Vial","Purity"],"campfire_rested":1,"item_purchase_floors":[6,6,6,20,20,20],"current_hp_per_floor":[76,73,73,73,72,72,72,72,72,65,65,36,23,11,35,18,87,65,65,65,55,55,5,5,0],"gold":382,"neow_bonus":"TEN_PERCENT_HP_BONUS","is_prod":false,"is_daily":false,"chose_seed":false,"campfire_upgraded":1,"win_rate":0.0,"timestamp":1557023312,"path_taken":["M","M","?","?","M","$","?","E","T","M","R","?","E","M","R","BOSS","M","?","$","M","?","E","?","?"],"build_version":"2019-01-23","purchased_purges":1,"victory":false,"max_hp_per_floor":[82,82,82,82,82,82,82,82,82,82,82,82,82,82,82,82,87,87,87,87,87,87,87,87,87],"card_choices":[{"not_picked":["Heatsinks","Stack"],"picked":"Conserve Battery","floor":1},{"not_picked":["Gash","Go for the Eyes"],"picked":"Beam Cell","floor":2},{"not_picked":["Beam Cell","Streamline"],"picked":"Sweeping Beam","floor":5},{"not_picked":["Gash","Stack"],"picked":"Hologram","floor":7},{"not_picked":["Seek","Glacier"],"picked":"Fusion","floor":8},{"not_picked":["Genetic Algorithm","Self Repair"],"picked":"Ball Lightning","floor":10},{"not_picked":["Ball Lightning","Gash"],"picked":"Doom and Gloom","floor":10},{"not_picked":["Steam","Chill"],"picked":"Defragment","floor":12},{"not_picked":["Aggregate","Hologram"],"picked":"Glacier","floor":13},{"not_picked":["Conserve Battery","Aggregate"],"picked":"Hologram","floor":14},{"not_picked":["Barrage","Tempest"],"picked":"Hello World","floor":14},{"not_picked":["All For One","Creative AI"],"picked":"Electrodynamics","floor":16},{"not_picked":["Stack","Ball Lightning"],"picked":"Compile Driver","floor":17},{"not_picked":["Auto Shields","Genetic Algorithm"],"picked":"Ball Lightning","floor":18},{"not_picked":["Compile Driver+1","Cold Snap","Capacitor+1"],"picked":"SKIP","floor":18},{"not_picked":["Auto Shields","Conserve Battery"],"picked":"Steam Power","floor":21},{"not_picked":["Auto Shields","Ball Lightning"],"picked":"Streamline+1","floor":21},{"not_picked":["Ball Lightning","Multi-Cast"],"picked":"Darkness+1","floor":23}],"player_experience":10666,"relics_obtained":[{"floor":8,"key":"Kunai"},{"floor":9,"key":"Prayer Wheel"},{"floor":13,"key":"PreservedInsect"},{"floor":23,"key":"Old Coin"}],"event_choices":[{"damage_healed":0,"gold_gain":175,"player_choice":"AGREE","damage_taken":0,"max_hp_gain":0,"max_hp_loss":0,"event_name":"Liars Game","floor":3,"gold_loss":0,"cards_obtained":["Doubt"]},{"damage_healed":0,"gold_gain":0,"player_choice":"Got Potions","damage_taken":0,"max_hp_gain":0,"max_hp_loss":0,"event_name":"Lab","floor":4,"gold_loss":0},{"damage_healed":0,"gold_gain":30,"player_choice":"Searched \u00273\u0027 times","damage_taken":0,"relics_obtained":["Ginger"],"max_hp_gain":0,"max_hp_loss":0,"event_name":"Dead Adventurer","floor":12,"gold_loss":0},{"damage_healed":0,"gold_gain":0,"player_choice":"Copied","damage_taken":0,"max_hp_gain":0,"max_hp_loss":0,"event_name":"Duplicator","floor":19,"gold_loss":0,"cards_obtained":["Defragment"]},{"cards_removed":["Doubt"],"damage_healed":0,"gold_gain":0,"player_choice":"Offered Curse","damage_taken":0,"relics_obtained":["Spirit Poop"],"max_hp_gain":0,"max_hp_loss":0,"event_name":"Bonfire Elementals","floor":24,"gold_loss":0}],"is_beta":false,"boss_relics":[{"not_picked":["Inserter","Calling Bell"],"picked":"Tiny House"}],"items_purged_floors":[20],"is_endless":false,"potions_floor_spawned":[1,7,10,14,21,23],"killed_by":"Shelled Parasite and Fungi","ascension_level":0}