{"gold_per_floor":[118,118,118,141,141,141,166,185,185,31,44,44,78,96,96,96],"floor_reached":16,"playtime":613,"items_purged":[],"score":163,"play_id":"6933ba29-1bb6-462d-999a-a8da7717508d","local_time":"20190711104033","is_ascension_mode":true,"campfire_choices":[{"data":"Zap","floor":6,"key":"SMITH"},{"floor":15,"key":"REST"}],"neow_cost":"NONE","seed_source_timestamp":1077167295934593,"circlet_count":0,"master_deck":["AscendersBane","Strike_B","Strike_B+1","Strike_B","Defend_B","Defend_B","Defend_B+1","Defend_B","Zap+1","Dualcast","Meteor Strike","Conserve Battery","Ball Lightning","Conserve Battery","Glacier","Self Repair"],"special_seed":0,"relics":["Cracked Core","Golden Idol","Letter Opener","Darkstone Periapt"],"potions_floor_usage":[7,13],"damage_taken":[{"damage":9,"enemies":"Small Slimes","floor":1,"turns":4},{"damage":1,"enemies":"2 Louse","floor":4,"turns":2},{"damage":0,"enemies":"Cultist","floor":7,"turns":4},{"damage":11,"enemies":"Lots of Slimes","floor":8,"turns":5},{"damage":1,"enemies":"2 Fungi Beasts","floor":11,"turns":3},{"damage":27,"enemies":"Lagavulin","floor":13,"turns":6},{"damage":0,"enemies":"Exordium Thugs","floor":14,"turns":4},{"damage":38,"enemies":"Hexaghost","floor":16,"turns":11}],"seed_played":"-3743230651435547283","potions_obtained":[{"floor":7,"key":"Fruit Juice"},{"floor":11,"key":"FairyPotion"}],"is_trial":false,"path_per_floor":["?","?","?","M","$","?"],"character_chosen":"DEFECT","items_purchased":["Ball Lightning","Fire Potion","AttackPotion"],"campfire_rested":1,"item_purchase_floors":[10,10,10],"current_hp_per_floor":[59,41,26,25,25,25,30,19,19,19,18,18,8,8,32,0],"gold":96,"neow_bonus":"ONE_RANDOM_RARE_CARD","is_prod":false,"is_daily":false,"chose_seed":false,"campfire_upgraded":1,"win_rate":0,"timestamp":1562830833,"path_taken":["M","?","?","M","?","R","M","?","T","?","M","?","E","M","R","BOSS"],"build_version":"2019-01-23","purchased_purges":0,"victory":false,"max_hp_per_floor":[75,75,75,75,75,75,80,80,80,80,80,80,80,80,80,80],"card_choices":[{"not_picked":["Go for the Eyes","BootSequence"],"picked":"Conserve Battery","floor":1},{"not_picked":["Rebound","Streamline","Stack"],"picked":"SKIP","floor":4},{"not_picked":["Melter","Force Field","Go for the Eyes"],"picked":"SKIP","floor":7},{"not_picked":["Double Energy","Streamline","Force Field"],"picked":"SKIP","floor":8},{"not_picked":["Go for the Eyes","Gash"],"picked":"Conserve Battery","floor":11},{"not_picked":["Turbo","Scrape"],"picked":"Glacier","floor":13},{"not_picked":["Storm","Reprogram"],"picked":"Self Repair","floor":14}],"player_experience":364775,"relics_obtained":[{"floor":9,"key":"Letter Opener"},{"floor":13,"key":"Darkstone Periapt"}],"event_choices":[{"damage_healed":0,"gold_gain":0,"player_choice":"Take Damage","damage_taken":18,"relics_obtained":["Golden Idol"],"max_hp_gain":0,"max_hp_loss":0,"event_name":"Golden Idol","floor":2,"gold_loss":0},{"damage_healed":0,"gold_gain":0,"player_choice":"Entered Light","damage_taken":15,"max_hp_gain":0,"max_hp_loss":0,"event_name":"Shining Light","floor":3,"gold_loss":0,"cards_upgraded":["Strike_B","Defend_B"]},{"cards_removed":["Strike_B"],"damage_healed":0,"gold_gain":0,"player_choice":"Purged","damage_taken":0,"max_hp_gain":0,"max_hp_loss":0,"event_name":"Purifier","floor":5,"gold_loss":0},{"damage_healed":0,"gold_gain":0,"player_choice":"Got Potions","damage_taken":0,"max_hp_gain":0,"max_hp_loss":0,"event_name":"Lab","floor":12,"gold_loss":0}],"is_beta":false,"boss_relics":[],"items_purged_floors":[],"is_endless":false,"potions_floor_spawned":[7,11],"killed_by":"Hexaghost","ascension_level":12}