{"gold_per_floor":[216,216,235,246,261,261,261,287,287,13,23,58,58,68,68,142,142,154,170,170,183,183],"floor_reached":22,"playtime":880,"items_purged":["Strike_R"],"score":396,"play_id":"7e830d40-af0f-461b-94dd-25ca79cddae7","local_time":"20190715150027","is_ascension_mode":true,"campfire_choices":[{"data":"Perfected Strike","floor":6,"key":"SMITH"},{"data":"Uppercut","floor":13,"key":"SMITH"},{"data":"Armaments","floor":15,"key":"SMITH"}],"neow_cost":"NONE","seed_source_timestamp":285925935763892,"circlet_count":0,"master_deck":["AscendersBane","Strike_R","Strike_R","Strike_R","Strike_R","Defend_R","Defend_R","Defend_R","Defend_R","Bash","Sword Boomerang","Uppercut+1","Perfected Strike+1","Shockwave","Inflame","Shrug It Off","Rampage","Second Wind","Spot Weakness","Armaments+1","Demon Form","Flame Barrier","Shrug It Off"],"relics":["Burning Blood","Charon\u0027s Ashes","Pantograph","Matryoshka","Runic Pyramid"],"potions_floor_usage":[16,18,21],"damage_taken":[{"damage":7,"enemies":"Small Slimes","floor":1,"turns":4},{"damage":12,"enemies":"Cultist","floor":3,"turns":4},{"damage":0,"enemies":"2 Louse","floor":4,"turns":2},{"damage":12,"enemies":"2 Fungi Beasts","floor":5,"turns":3},{"damage":30,"enemies":"Lagavulin","floor":8,"turns":5},{"damage":17,"enemies":"Exordium Thugs","floor":11,"turns":5},{"damage":6,"enemies":"Gremlin Nob","floor":12,"turns":3},{"damage":3,"enemies":"Red Slaver","floor":14,"turns":3},{"damage":35,"enemies":"The Guardian","floor":16,"turns":9},{"damage":29,"enemies":"2 Thieves","floor":18,"turns":5},{"damage":17,"enemies":"3 Byrds","floor":19,"turns":5},{"damage":29,"enemies":"Shelled Parasite and Fungi","floor":21,"turns":6},{"damage":13,"enemies":"Snake Plant","floor":22,"turns":3}],"seed_played":"-9200372204056749155","potions_obtained":[{"floor":5,"key":"Dexterity Potion"},{"floor":7,"key":"PowerPotion"},{"floor":8,"key":"GamblersBrew"},{"floor":14,"key":"LiquidBronze"},{"floor":16,"key":"Block Potion"},{"floor":19,"key":"PowerPotion"},{"floor":21,"key":"SpeedPotion"}],"is_trial":false,"path_per_floor":["M","?","M","M","M","R","?","E","T","$","M","E","R","M","R","B",null,"M","M","?","M","M"],"character_chosen":"IRONCLAD","items_purchased":["Inflame","Shrug It Off","Rampage"],"campfire_rested":0,"item_purchase_floors":[10,10,10],"current_hp_per_floor":[67,72,66,72,66,66,66,42,42,42,31,31,31,34,34,30,68,45,34,34,11,0],"gold":183,"neow_bonus":"HUNDRED_GOLD","is_prod":false,"is_daily":false,"chose_seed":false,"campfire_upgraded":3,"win_rate":0,"timestamp":1563170427,"path_taken":["M","?","M","M","M","R","?","E","T","$","M","E","R","?","R","BOSS","M","?","?","M","M"],"build_version":"2019-07-05","purchased_purges":1,"victory":false,"max_hp_per_floor":[75,80,80,80,80,80,80,80,80,80,80,80,80,80,80,80,80,80,80,80,80,80],"card_choices":[{"not_picked":["Body Slam","Fire Breathing"],"picked":"Sword Boomerang","floor":1},{"not_picked":["Sword Boomerang","Havoc"],"picked":"Uppercut","floor":3},{"not_picked":["Thunderclap","Clash"],"picked":"Perfected Strike","floor":4},{"not_picked":["Burning Pact","Clothesline"],"picked":"Shockwave","floor":5},{"not_picked":["Limit Break","Corruption","Havoc"],"picked":"SKIP","floor":8},{"not_picked":["Blood for Blood","Thunderclap"],"picked":"Second Wind","floor":11},{"not_picked":["Seeing Red","Wild Strike"],"picked":"Spot Weakness","floor":12},{"not_picked":["Cleave","Clothesline"],"picked":"Armaments","floor":14},{"not_picked":["Exhume","Berserk"],"picked":"Demon Form","floor":16},{"not_picked":["Intimidate","Anger"],"picked":"Flame Barrier","floor":18},{"not_picked":["Twin Strike","Iron Wave"],"picked":"Shrug It Off","floor":19},{"not_picked":["Wild Strike","Havoc","Searing Blow"],"picked":"SKIP","floor":21}],"player_experience":785706,"relics_obtained":[{"floor":8,"key":"Charon\u0027s Ashes"},{"floor":9,"key":"Pantograph"},{"floor":12,"key":"Matryoshka"}],"event_choices":[{"damage_healed":0,"gold_gain":0,"player_choice":"Donut","damage_taken":0,"max_hp_gain":5,"max_hp_loss":0,"event_name":"Big Fish","floor":2,"gold_loss":0},{"damage_healed":0,"gold_gain":0,"player_choice":"Got Potions","damage_taken":0,"max_hp_gain":0,"max_hp_loss":0,"event_name":"Lab","floor":7,"gold_loss":0},{"damage_healed":0,"gold_gain":0,"player_choice":"Ignored","damage_taken":0,"max_hp_gain":0,"max_hp_loss":0,"event_name":"N\u0027loth","floor":20,"gold_loss":0}],"is_beta":false,"boss_relics":[{"not_picked":["Tiny House","Cursed Key"],"picked":"Runic Pyramid"}],"items_purged_floors":[10],"is_endless":false,"potions_floor_spawned":[5,8,14,16,19,21],"killed_by":"Snake Plant","ascension_level":20}