{"gold_per_floor":[114,129,129,144,159,159,189,204,254,269,284,299,299,314,314,314],"floor_reached":16,"playtime":924,"items_purged":[],"score":108,"play_id":"94944c4b-399c-45b0-aa9d-574d00e10e5e","local_time":"20190511143017","daily_mods":["Cursed Run","Diverse","Terminal"],"is_ascension_mode":false,"campfire_choices":[{"data":"Neutralize","floor":6,"key":"SMITH"},{"data":"Turbo","floor":15,"key":"SMITH"}],"neow_cost":"","seed_source_timestamp":0,"circlet_count":0,"master_deck":["Defend_G","Defend_G","Defend_G","Defend_G","Defend_G","Strike_G","Strike_G","Strike_G","Strike_G","Strike_G","Survivor","Neutralize+1","Prepared+1","Turbo+1","Injury","Endless Agony","Anger"],"special_seed":18027,"relics":["Cursed Key","Darkstone Periapt","Du-Vu Doll","Pear","Omamori"],"potions_floor_usage":[4,8,16,16],"damage_taken":[{"damage":0,"enemies":"Small Slimes","floor":1,"turns":3},{"damage":0,"enemies":"Jaw Worm","floor":2,"turns":5},{"damage":0,"enemies":"2 Louse","floor":4,"turns":2},{"damage":0,"enemies":"Blue Slaver","floor":5,"turns":4},{"damage":28,"enemies":"Gremlin Nob","floor":7,"turns":7},{"damage":2,"enemies":"3 Louse","floor":8,"turns":3},{"damage":0,"enemies":"Exordium Wildlife","floor":10,"turns":4},{"damage":1,"enemies":"Lots of Slimes","floor":11,"turns":6},{"damage":3,"enemies":"3 Louse","floor":12,"turns":2},{"damage":0,"enemies":"Looter","floor":14,"turns":3},{"damage":64,"enemies":"Slime Boss","floor":16,"turns":13}],"seed_played":"-2800817003503574526","potions_obtained":[{"floor":2,"key":"Swift Potion"},{"floor":7,"key":"Poison Potion"},{"floor":12,"key":"Block Potion"},{"floor":14,"key":"SneckoOil"}],"is_trial":false,"path_per_floor":["M","M","?","M","M","R","E","M","T","M","M","M","?","M","R","B"],"character_chosen":"THE_SILENT","items_purchased":[],"campfire_rested":0,"item_purchase_floors":[],"current_hp_per_floor":[68,67,66,65,64,63,45,43,49,49,48,45,63,63,63,0],"gold":314,"neow_bonus":"","is_prod":false,"is_daily":true,"chose_seed":false,"campfire_upgraded":2,"win_rate":0,"timestamp":1557599417,"path_taken":["M","M","?","M","M","R","E","M","T","M","M","M","?","M","R","BOSS"],"build_version":"2019-01-23","purchased_purges":0,"victory":false,"max_hp_per_floor":[68,67,66,65,64,63,72,71,76,75,74,73,72,71,70,70],"card_choices":[{"not_picked":["Terror","Outmaneuver"],"picked":"Prepared","floor":1},{"not_picked":["Beam Cell","Storm of Steel","Poisoned Stab"],"picked":"SKIP","floor":2},{"not_picked":["Clothesline","Undo","Havoc"],"picked":"SKIP","floor":4},{"not_picked":["PiercingWail","Body Slam"],"picked":"Turbo","floor":5},{"not_picked":["Havoc","Tactician","FTL"],"picked":"SKIP","floor":7},{"not_picked":["Deadly Poison","Concentrate","Seeing Red"],"picked":"SKIP","floor":8},{"not_picked":["Poisoned Stab","Body Slam","Slice"],"picked":"SKIP","floor":10},{"not_picked":["Lockon","Thunderclap"],"picked":"Endless Agony","floor":11},{"not_picked":["Dagger Spray","Shrug It Off"],"picked":"Anger","floor":12},{"not_picked":["Consume","Corruption","Sword Boomerang"],"picked":"SKIP","floor":14}],"player_experience":109932,"relics_obtained":[{"floor":7,"key":"Pear"},{"floor":9,"key":"Omamori"}],"event_choices":[{"damage_healed":0,"gold_gain":0,"player_choice":"Grow","damage_taken":0,"max_hp_gain":0,"max_hp_loss":0,"event_name":"Living Wall","floor":3,"gold_loss":0,"cards_upgraded":["Prepared"]},{"damage_healed":18,"gold_gain":0,"player_choice":"Healed and dodged fight","damage_taken":0,"max_hp_gain":0,"max_hp_loss":0,"event_name":"Mushrooms","floor":13,"gold_loss":0,"cards_obtained":["Parasite"]}],"is_beta":false,"boss_relics":[],"items_purged_floors":[],"is_endless":false,"potions_floor_spawned":[2,7,12,14],"killed_by":"Slime Boss","ascension_level":0}