{"gold_per_floor":[109,59,59,79,93,134,134,173,242,242,242,13,31,49,49,177,177,200,200,128,198,68,68,50,70,93,108,126,165,165,179,179,302,302,320,320,336,350,350,389,389,389],"floor_reached":42,"playtime":3289,"items_purged":["Strike_G"],"score":718,"play_id":"6e8edf56-cc22-4215-99ff-937c3ab26912","local_time":"20190715155126","is_ascension_mode":true,"campfire_choices":[{"floor":7,"key":"REST"},{"floor":11,"key":"REST"},{"data":"Leg Sweep","floor":15,"key":"SMITH"},{"data":"Footwork","floor":23,"key":"SMITH"},{"floor":30,"key":"REST"},{"data":"Caltrops","floor":32,"key":"SMITH"},{"floor":41,"key":"REST"}],"neow_cost":"TEN_PERCENT_HP_LOSS","seed_source_timestamp":260846085714300,"circlet_count":0,"master_deck":["Strike_G","Strike_G","Defend_G","Defend_G","Defend_G","Defend_G","Survivor","Neutralize","Caltrops+1","Leg Sweep+1","Well Laid Plans","Flying Knee","Blade Dance","Dash","Panacea","Glass Knife","Terror","Bullet Time","Predator","Dagger Spray","Quick Slash","Dodge and Roll","Dodge and Roll","PiercingWail+1","Wraith Form v2","Footwork+1","Die Die Die","Cloak And Dagger+1","Adrenaline","Blade Dance","Deflect","Doppelganger","Prepared+1","Corpse Explosion","Accuracy+1","Blade Dance+1","Deflect+1"],"relics":["Ring of the Snake","Incense Burner","Golden Idol","Gambling Chip","Bronze Scales","Gremlin Horn","Orrery","Sundial","Dream Catcher","Vajra","Runic Pyramid","Ornamental Fan"],"potions_floor_usage":[8,16,16,31,33,33,33],"damage_taken":[{"damage":0,"enemies":"Cultist","floor":1,"turns":4},{"damage":0,"enemies":"2 Louse","floor":4,"turns":2},{"damage":0,"enemies":"Small Slimes","floor":5,"turns":4},{"damage":24,"enemies":"Lagavulin","floor":6,"turns":10},{"damage":33,"enemies":"Gremlin Nob","floor":8,"turns":5},{"damage":0,"enemies":"Blue Slaver","floor":13,"turns":3},{"damage":1,"enemies":"Large Slime","floor":14,"turns":6},{"damage":0,"enemies":"Slime Boss","floor":16,"turns":3},{"damage":6,"enemies":"Spheric Guardian","floor":18,"turns":3},{"damage":0,"enemies":"2 Thieves","floor":24,"turns":5},{"damage":12,"enemies":"Centurion and Healer","floor":25,"turns":10},{"damage":12,"enemies":"Snake Plant","floor":27,"turns":5},{"damage":3,"enemies":"Cultist and Chosen","floor":28,"turns":7},{"damage":0,"enemies":"Gremlin Leader","floor":29,"turns":6},{"damage":3,"enemies":"Centurion and Healer","floor":31,"turns":7},{"damage":45,"enemies":"Collector","floor":33,"turns":13},{"damage":0,"enemies":"Orb Walker","floor":35,"turns":4},{"damage":31,"enemies":"3 Darklings","floor":37,"turns":4},{"damage":7,"enemies":"4 Shapes","floor":38,"turns":3},{"damage":3,"enemies":"Giant Head","floor":40,"turns":8},{"damage":20,"enemies":"Reptomancer","floor":42,"turns":3}],"seed_played":"8200796717698991716","potions_obtained":[{"floor":1,"key":"SteroidPotion"},{"floor":5,"key":"LiquidBronze"},{"floor":13,"key":"AttackPotion"},{"floor":24,"key":"LiquidBronze"},{"floor":27,"key":"FearPotion"},{"floor":29,"key":"Regen Potion"},{"floor":31,"key":"Weak Potion"}],"is_trial":false,"path_per_floor":["M","?","?","M","M","E","R","E","T","?","R","$","M","M","R","B",null,"M","?","$","T","$","R","M","M","T","M","M","E","R","M","R","B",null,"M","?","M","M","?","E","R","E"],"character_chosen":"THE_SILENT","items_purchased":["Dash","Panacea","Wraith Form v2","Footwork","Dexterity Potion"],"campfire_rested":4,"item_purchase_floors":[12,12,20,22,22],"current_hp_per_floor":[63,63,58,58,58,34,51,18,18,18,35,35,35,34,34,34,52,46,46,46,46,46,46,46,34,34,22,19,19,36,48,48,3,44,44,44,13,6,6,3,20,0],"gold":389,"neow_bonus":"ONE_RARE_RELIC","is_prod":false,"is_daily":false,"chose_seed":false,"campfire_upgraded":3,"win_rate":0,"timestamp":1563220286,"path_taken":["M","?","?","M","M","E","R","E","T","?","R","?","M","M","R","BOSS","M","?","$","?","$","R","?","M","T","?","M","E","R","M","R","BOSS","M","?","M","M","?","E","R","E"],"build_version":"2019-07-05","purchased_purges":1,"victory":false,"max_hp_per_floor":[63,63,58,58,58,58,58,58,58,58,58,58,58,58,58,58,58,58,58,58,58,58,58,58,58,58,58,58,58,58,58,58,58,58,58,58,58,58,58,58,58,58],"card_choices":[{"not_picked":["Acrobatics","Slice"],"picked":"Caltrops","floor":1},{"not_picked":["Well Laid Plans","Heel Hook"],"picked":"Leg Sweep","floor":4},{"not_picked":["Backflip","Flying Knee"],"picked":"Well Laid Plans","floor":5},{"not_picked":["Sucker Punch","Outmaneuver"],"picked":"Flying Knee","floor":6},{"not_picked":["Bane","Prepared"],"picked":"Blade Dance","floor":8},{"not_picked":["Sucker Punch","PiercingWail"],"picked":"Glass Knife","floor":13},{"not_picked":["Setup","Slice"],"picked":"Terror","floor":14},{"not_picked":["Doppelganger","Venomology"],"picked":"Bullet Time","floor":16},{"not_picked":["Blade Dance","Backflip"],"picked":"Predator","floor":17},{"not_picked":["Dagger Throw","Tactician"],"picked":"Dagger Spray","floor":17},{"not_picked":["Noxious Fumes","Blur"],"picked":"Quick Slash","floor":17},{"not_picked":["Acrobatics","Finisher"],"picked":"Dodge and Roll","floor":17},{"not_picked":["Doppelganger","Prepared"],"picked":"Dodge and Roll","floor":17},{"not_picked":["Dodge and Roll","Setup"],"picked":"PiercingWail+1","floor":18},{"not_picked":["Dagger Throw","PiercingWail"],"picked":"Die Die Die","floor":24},{"not_picked":["Setup","Flying Knee"],"picked":"Cloak And Dagger+1","floor":25},{"not_picked":["Finisher","Bane+1","Underhanded Strike+1"],"picked":"SKIP","floor":27},{"not_picked":["Infinite Blades","Quick Slash"],"picked":"Adrenaline","floor":28},{"not_picked":["All Out Attack+1","Expertise"],"picked":"Blade Dance","floor":29},{"not_picked":["Slice+1","Flying Knee+1"],"picked":"Deflect","floor":31},{"not_picked":["Tools of the Trade","Storm of Steel"],"picked":"Doppelganger","floor":33},{"not_picked":["Predator","Dagger Spray"],"picked":"Prepared+1","floor":35},{"not_picked":["Outmaneuver","Flying Knee"],"picked":"Corpse Explosion","floor":37},{"not_picked":["Slice+1","Skewer"],"picked":"Accuracy+1","floor":38},{"not_picked":["Calculated Gamble","Backflip+1"],"picked":"Blade Dance+1","floor":40},{"not_picked":["Underhanded Strike","Poisoned Stab"],"picked":"Deflect+1","floor":41}],"player_experience":223601,"relics_obtained":[{"floor":6,"key":"Gambling Chip"},{"floor":8,"key":"Bronze Scales"},{"floor":9,"key":"Gremlin Horn"},{"floor":21,"key":"Sundial"},{"floor":26,"key":"Dream Catcher"},{"floor":29,"key":"Vajra"},{"floor":40,"key":"Ornamental Fan"}],"event_choices":[{"cards_removed":["Defend_G"],"damage_healed":0,"gold_gain":0,"player_choice":"Card Removal","damage_taken":0,"max_hp_gain":0,"max_hp_loss":0,"event_name":"The Cleric","floor":2,"gold_loss":50},{"damage_healed":0,"gold_gain":0,"player_choice":"Lose Max HP","damage_taken":0,"relics_obtained":["Golden Idol"],"max_hp_gain":0,"max_hp_loss":5,"event_name":"Golden Idol","floor":3,"gold_loss":0},{"damage_healed":0,"gold_gain":0,"player_choice":"Searched \u00270\u0027 times","damage_taken":0,"max_hp_gain":0,"max_hp_loss":0,"event_name":"Dead Adventurer","floor":10,"gold_loss":0},{"cards_removed":["Strike_G"],"damage_healed":0,"gold_gain":0,"player_choice":"Purged","damage_taken":0,"max_hp_gain":0,"max_hp_loss":0,"event_name":"Purifier","floor":19,"gold_loss":0},{"cards_removed":["Strike_G"],"damage_healed":0,"gold_gain":0,"player_choice":"Removed Attack","damage_taken":0,"max_hp_gain":0,"max_hp_loss":0,"event_name":"Falling","floor":36,"gold_loss":0},{"damage_healed":0,"gold_gain":0,"player_choice":"Ignored","damage_taken":0,"max_hp_gain":0,"max_hp_loss":0,"event_name":"Tomb of Lord Red Mask","floor":39,"gold_loss":0}],"is_beta":false,"boss_relics":[{"not_picked":["Pandora\u0027s Box","Velvet Choker"],"picked":"Orrery"},{"not_picked":["Coffee Dripper","Eternal Feather"],"picked":"Runic Pyramid"}],"items_purged_floors":[12],"is_endless":false,"potions_floor_spawned":[1,5,13,24,27,29,31],"killed_by":"Reptomancer","ascension_level":6}