{"gold_per_floor":[118,130,130,130,130,130,168,168,194,194,194,208,226,185,185,310,310,300,425,441,186,186,186,202,202,227,241,241,241,134,150,150,271,271,285,27,27,40,61,61,86,18,64,64,14,14,14,38,38,38],"floor_reached":51,"playtime":3292,"items_purged":["Strike_R"],"score":674,"play_id":"754745bf-31f1-4b22-80d3-c53fe95a0896","local_time":"20190118200625","is_ascension_mode":true,"campfire_choices":[{"data":"Demon Form","floor":6.0,"key":"SMITH"},{"data":"Anger","floor":8.0,"key":"SMITH"},{"data":"Searing Blow","floor":10.0,"key":"SMITH"},{"data":"Searing Blow+1","floor":15.0,"key":"SMITH"},{"data":"Apotheosis","floor":23.0,"key":"SMITH"},{"data":"Limit Break","floor":25.0,"key":"SMITH"},{"data":"Searing Blow+2","floor":29.0,"key":"SMITH"},{"data":"Searing Blow+3","floor":32,"key":"SMITH"},{"data":"Searing Blow+4","floor":40,"key":"SMITH"},{"data":"Searing Blow+5","floor":44,"key":"SMITH"},{"data":"Searing Blow+6","floor":46,"key":"SMITH"},{"data":"Searing Blow+7","floor":49,"key":"SMITH"}],"neow_cost":"NONE","seed_source_timestamp":82426343508861,"circlet_count":0,"master_deck":["Strike_R","Strike_R","Defend_R+1","Defend_R+1","Defend_R","Defend_R","Searing Blow+8","Inflame","Demon Form+1","Anger+1","Inflame","Disarm","Limit Break+1","Sword Boomerang+1","Apotheosis+1","Pummel","Dual Wield","Inflame","Shrug It Off+1","Infernal Blade","Headbutt","True Grit+1","Metallicize"],"special_seed":0,"relics":["Burning Blood","NeowsBlessing","Golden Idol","PreservedInsect","Juzu Bracelet","Busted Crown","Du-Vu Doll","Mummified Hand","Oddly Smooth Stone","Enchiridion","Eternal Feather","Vajra","Bag of Marbles"],"potions_floor_usage":[33,41,50,50,50],"damage_taken":[{"damage":0.0,"enemies":"Cultist","floor":1.0,"turns":1.0},{"damage":0.0,"enemies":"2 Louse","floor":2.0,"turns":1.0},{"damage":0.0,"enemies":"3 Sentries","floor":7.0,"turns":2.0},{"damage":0.0,"enemies":"Small Slimes","floor":12.0,"turns":3.0},{"damage":6.0,"enemies":"Exordium Thugs","floor":13.0,"turns":3.0},{"damage":30.0,"enemies":"The Guardian","floor":16.0,"turns":7.0},{"damage":19.0,"enemies":"2 Thieves","floor":18.0,"turns":4.0},{"damage":39.0,"enemies":"Colosseum Slavers","floor":19.0,"turns":5.0},{"damage":7.0,"enemies":"Colosseum Nobs","floor":19.0,"turns":4.0},{"damage":2.0,"enemies":"Spheric Guardian","floor":20.0,"turns":3.0},{"damage":2.0,"enemies":"Chosen and Byrds","floor":24.0,"turns":6.0},{"damage":4.0,"enemies":"Snecko","floor":27.0,"turns":4.0},{"damage":2,"enemies":"3 Cultists","floor":31,"turns":4},{"damage":19,"enemies":"Champ","floor":33,"turns":6},{"damage":28,"enemies":"3 Darklings","floor":35,"turns":3},{"damage":0,"enemies":"3 Shapes","floor":38,"turns":4},{"damage":7,"enemies":"3 Darklings","floor":39,"turns":4},{"damage":30,"enemies":"Jaw Worm Horde","floor":41,"turns":3},{"damage":17,"enemies":"Maw","floor":48,"turns":6},{"damage":72,"enemies":"Time Eater","floor":50,"turns":6}],"seed_played":"-2388824084905663341","potions_obtained":[{"floor":1.0,"key":"EssenceOfSteel"},{"floor":7.0,"key":"PowerPotion"},{"floor":13.0,"key":"Dexterity Potion"},{"floor":18.0,"key":"AttackPotion"},{"floor":19.0,"key":"Ancient Potion"},{"floor":31,"key":"Fire Potion"},{"floor":33,"key":"Strength Potion"}],"is_trial":false,"path_per_floor":["M","M","?","?","?","R","E","R","T","R","?","M","M","?","R","B",null,"M","?","M","$","?","R","M","R","T","M","?","R","$","M","R","B",null,"M","$","?","M","M","R","M","$","T","R","$","R","?","M","R","B",null],"character_chosen":"IRONCLAD","items_purchased":["Apotheosis","Dual Wield","Inflame","Infernal Blade","Vajra","Headbutt","Metallicize","PowerPotion"],"campfire_rested":0,"item_purchase_floors":[21,30,30,36,36,36,42,45],"current_hp_per_floor":[80,80,60,44,44,44,50,50,50,50,43,49,49,49,49,25,80,67,33,37,37,63,63,67,67,67,69,53,53,53,57,57,44,80,58,58,58,64,63,75,51,51,51,63,63,75,75,64,76,10],"gold":38,"neow_bonus":"THREE_ENEMY_KILL","is_prod":false,"is_daily":false,"chose_seed":false,"campfire_upgraded":12,"win_rate":0,"timestamp":1547859985,"path_taken":["M","?","?","?","?","R","E","R","T","R","?","M","M","?","R","BOSS","M","?","M","$","?","R","M","R","T","M","?","R","$","M","R","BOSS","M","$","?","M","M","R","M","?","T","R","?","R","?","M","R","BOSS"],"build_version":"2019-01-17v2","purchased_purges":1,"victory":true,"max_hp_per_floor":[80,80,80,80,80,80,80,80,80,80,80,80,80,80,80,80,80,80,80,80,80,80,80,80,80,80,80,80,80,80,80,80,80,80,80,80,80,80,80,80,80,80,80,80,80,80,80,80,80,80],"card_choices":[{"not_picked":["Bloodletting","Pommel Strike"],"picked":"Searing Blow","floor":1.0},{"not_picked":["Iron Wave","Sword Boomerang"],"picked":"Inflame","floor":2.0},{"not_picked":["Dual Wield","Wild Strike"],"picked":"Anger","floor":7.0},{"not_picked":["Havoc","Power Through"],"picked":"Inflame","floor":12.0},{"not_picked":["Thunderclap","Anger"],"picked":"Disarm","floor":13.0},{"not_picked":["Juggernaut","Double Tap"],"picked":"Limit Break","floor":16.0},{"not_picked":[],"picked":"Sword Boomerang+1","floor":18.0},{"not_picked":["Iron Wave"],"picked":"SKIP","floor":20.0},{"not_picked":["Pummel"],"picked":"SKIP","floor":24.0},{"not_picked":[],"picked":"Pummel","floor":24.0},{"not_picked":["Bloodletting"],"picked":"SKIP","floor":27.0},{"not_picked":["Combust"],"picked":"SKIP","floor":31},{"not_picked":[],"picked":"Shrug It Off+1","floor":35},{"not_picked":[],"picked":"True Grit+1","floor":38},{"not_picked":["Pommel Strike"],"picked":"SKIP","floor":39},{"not_picked":["Pommel Strike+1"],"picked":"SKIP","floor":41},{"not_picked":["Cleave"],"picked":"SKIP","floor":48}],"player_experience":71401,"relics_obtained":[{"floor":7.0,"key":"PreservedInsect"},{"floor":9.0,"key":"Juzu Bracelet"},{"floor":19.0,"key":"Du-Vu Doll"},{"floor":19.0,"key":"Mummified Hand"},{"floor":26.0,"key":"Oddly Smooth Stone"},{"floor":28.0,"key":"Enchiridion"},{"floor":43,"key":"Bag of Marbles"}],"event_choices":[{"damage_healed":0.0,"max_hp_gain":0.0,"max_hp_loss":0.0,"gold_gain":0.0,"event_name":"Golden Idol","player_choice":"Take Damage","floor":3.0,"gold_loss":0.0,"damage_taken":20.0,"relics_obtained":["Golden Idol"]},{"damage_healed":0.0,"max_hp_gain":0.0,"max_hp_loss":0.0,"gold_gain":0.0,"event_name":"Shining Light","player_choice":"Entered Light","floor":4.0,"gold_loss":0.0,"damage_taken":16.0,"cards_upgraded":["Defend_R","Defend_R"]},{"damage_healed":0.0,"max_hp_gain":0.0,"max_hp_loss":0.0,"gold_gain":0.0,"cards_transformed":["Strike_R"],"event_name":"Transmorgrifier","player_choice":"Transformed","floor":5.0,"gold_loss":0.0,"damage_taken":0.0,"cards_obtained":["Demon Form"]},{"cards_removed":["Strike_R"],"damage_healed":0.0,"max_hp_gain":0.0,"max_hp_loss":0.0,"gold_gain":0.0,"event_name":"Golden Wing","player_choice":"Card Removal","floor":11.0,"gold_loss":0.0,"damage_taken":7.0},{"damage_healed":0.0,"max_hp_gain":0.0,"max_hp_loss":0.0,"gold_gain":0.0,"event_name":"World of Goop","player_choice":"Left Gold","floor":14.0,"gold_loss":41.0,"damage_taken":0.0},{"damage_healed":0.0,"max_hp_gain":0.0,"max_hp_loss":0.0,"gold_gain":0.0,"event_name":"Colosseum","player_choice":"Fight","floor":19.0,"gold_loss":0.0,"damage_taken":0.0},{"damage_healed":0.0,"max_hp_gain":0.0,"max_hp_loss":0.0,"gold_gain":0.0,"event_name":"Colosseum","player_choice":"Fought Nobs","floor":19.0,"gold_loss":0.0,"damage_taken":0.0},{"damage_healed":26.0,"max_hp_gain":0.0,"max_hp_loss":0.0,"gold_gain":0.0,"event_name":"The Library","player_choice":"Heal","floor":22.0,"gold_loss":0.0,"damage_taken":0.0},{"damage_healed":0.0,"max_hp_gain":0.0,"max_hp_loss":0.0,"gold_gain":0.0,"event_name":"Cursed Tome","player_choice":"Obtained Book","floor":28.0,"gold_loss":0.0,"damage_taken":16.0},{"damage_healed":0,"gold_gain":0,"player_choice":"Ignored","damage_taken":0,"max_hp_gain":0,"max_hp_loss":0,"event_name":"SecretPortal","floor":37,"gold_loss":0},{"cards_removed":["Bash"],"damage_healed":0,"gold_gain":0,"player_choice":"Removed Attack","damage_taken":0,"max_hp_gain":0,"max_hp_loss":0,"event_name":"Falling","floor":47,"gold_loss":0}],"is_beta":false,"boss_relics":[{"not_picked":["Orrery","Black Blood"],"picked":"Busted Crown"},{"not_picked":["Philosopher\u0027s Stone","Sozu"],"picked":"Eternal Feather"}],"items_purged_floors":[21],"is_endless":false,"potions_floor_spawned":[1,7,13,16,18,19,19,31,33,35],"ascension_level":1}