{"gold_per_floor":[144,94,94,139,184,274,319,409,409,454,505,505,505,550,550,850,850,895,895,940,940,985,985,985,1030,1030,151,196,286,95,20,20,320,320,365,365,665,710,773,773,173,218,243,243,243,288,333,378,378,378],"floor_reached":50,"playtime":5076,"items_purged":["Strike_R","Defend_R"],"score":549,"play_id":"1f7ceb4e-b7ab-4617-9d4c-948eda70ffdf","local_time":"20190521220848","daily_mods":["Heirloom","Time Dilation","Midas"],"is_ascension_mode":false,"campfire_choices":[{"floor":15,"key":"REST"},{"floor":23,"key":"REST"},{"floor":32,"key":"REST"},{"floor":40,"key":"REST"},{"floor":45,"key":"REST"},{"floor":49,"key":"REST"}],"neow_cost":"","seed_source_timestamp":0,"circlet_count":0,"master_deck":["Strike_R+1","Strike_R+1","Cleave","Warcry","Rage","Anger","Thunderclap","Parasite","Brutality","Finesse","Shockwave","Pommel Strike","Flash of Steel","Feed","Reckless Charge+1","Thunderclap+1","Second Wind+1","Headbutt+1","Metallicize+1","Madness","Madness","Quick Slash","Turbo+1"],"special_seed":18038,"relics":["Burning Blood","Gambling Chip","Whetstone","Anchor","Happy Flower","FossilizedHelix","White Beast Statue","Blue Candle","Pantograph","PreservedInsect","Chemical X","Orichalcum","Astrolabe","Bird Faced Urn","Magic Flower","Potion Belt","Kunai","PrismaticShard","Centennial Puzzle"],"potions_floor_usage":[10,11,16,16,16,25,25,28,28,33,35,37,39,39,47,47,48,50,50],"damage_taken":[{"damage":11,"enemies":"Jaw Worm","floor":1,"turns":2},{"damage":10,"enemies":"Small Slimes","floor":4,"turns":3},{"damage":6,"enemies":"Cultist","floor":5,"turns":3},{"damage":20,"enemies":"Gremlin Nob","floor":6,"turns":4},{"damage":16,"enemies":"Large Slime","floor":7,"turns":5},{"damage":22,"enemies":"Lagavulin","floor":8,"turns":5},{"damage":1,"enemies":"3 Louse","floor":10,"turns":2},{"damage":26,"enemies":"Lagavulin Event","floor":11,"turns":4},{"damage":0,"enemies":"Lots of Slimes","floor":14,"turns":1},{"damage":44,"enemies":"Hexaghost","floor":16,"turns":9},{"damage":23,"enemies":"Shell Parasite","floor":18,"turns":4},{"damage":2,"enemies":"2 Thieves","floor":20,"turns":3},{"damage":28,"enemies":"Shelled Parasite and Fungi","floor":22,"turns":4},{"damage":2,"enemies":"3 Cultists","floor":25,"turns":4},{"damage":14,"enemies":"Snecko","floor":28,"turns":5},{"damage":21,"enemies":"Gremlin Leader","floor":29,"turns":4},{"damage":54,"enemies":"Automaton","floor":33,"turns":7},{"damage":38,"enemies":"3 Shapes","floor":35,"turns":3},{"damage":18,"enemies":"Mind Bloom Boss Battle","floor":37,"turns":4},{"damage":18,"enemies":"3 Darklings","floor":38,"turns":3},{"damage":21,"enemies":"2 Orb Walkers","floor":39,"turns":4},{"damage":3,"enemies":"Transient","floor":42,"turns":5},{"damage":19,"enemies":"Maw","floor":46,"turns":7},{"damage":3,"enemies":"Spire Growth","floor":47,"turns":4},{"damage":12,"enemies":"Transient","floor":48,"turns":5},{"damage":124,"enemies":"Donu and Deca","floor":50,"turns":7}],"seed_played":"7337043475493984283","potions_obtained":[{"floor":1,"key":"Poison Potion"},{"floor":6,"key":"BloodPotion"},{"floor":10,"key":"FearPotion"},{"floor":11,"key":"Dexterity Potion"},{"floor":14,"key":"Regen Potion"},{"floor":18,"key":"EssenceOfSteel"},{"floor":20,"key":"SpeedPotion"},{"floor":22,"key":"GamblersBrew"},{"floor":25,"key":"Block Potion"},{"floor":28,"key":"GamblersBrew"},{"floor":29,"key":"BloodPotion"},{"floor":33,"key":"Poison Potion"},{"floor":35,"key":"AttackPotion"},{"floor":37,"key":"FairyPotion"},{"floor":38,"key":"FearPotion"},{"floor":39,"key":"Explosive Potion"},{"floor":42,"key":"Block Potion"},{"floor":46,"key":"Ancient Potion"},{"floor":47,"key":"GamblersBrew"},{"floor":48,"key":"FearPotion"}],"is_trial":false,"path_per_floor":["M","?","?","M","M","E","M","E","T","M","?","?","?","M","R","B",null,"M","?","M","?","M","R","?","M","T","$","M","E","$","?","R","B",null,"M","?","?","M","?","R","$","M","T","?","R","M","M","M","R","B"],"character_chosen":"IRONCLAD","items_purchased":["Pantograph","PreservedInsect","Chemical X","Finesse","Shockwave","Pommel Strike","Flash of Steel","Potion Belt","Kunai","PrismaticShard"],"campfire_rested":6,"item_purchase_floors":[27,27,27,27,27,27,30,41,41,41],"current_hp_per_floor":[75,75,68,64,64,50,40,24,24,37,17,43,63,69,80,57,80,63,63,67,67,45,69,69,73,73,73,65,50,50,50,74,40,80,51,51,64,54,41,65,65,74,74,64,83,73,83,80,83,0],"gold":378,"neow_bonus":"","is_prod":false,"is_daily":true,"chose_seed":false,"campfire_upgraded":0,"win_rate":0,"timestamp":1558490928,"path_taken":["M","?","?","M","M","E","M","E","T","M","?","?","?","M","R","BOSS","M","?","?","?","M","R","?","M","T","$","?","E","$","?","R","BOSS","M","?","?","M","?","R","$","M","T","?","R","M","M","M","R","BOSS"],"build_version":"2019-01-23","purchased_purges":2,"victory":false,"max_hp_per_floor":[80,80,80,80,80,80,80,80,80,80,80,80,80,80,80,80,80,80,80,80,80,80,80,80,80,80,80,80,80,80,80,80,80,80,83,83,83,83,83,83,83,83,83,83,83,83,83,83,83,83],"card_choices":[{"not_picked":["Dual Wield","Uppercut","Blood for Blood"],"picked":"SKIP","floor":1},{"not_picked":["Perfected Strike","Body Slam"],"picked":"Cleave","floor":4},{"not_picked":["Seeing Red","Rage","Clothesline"],"picked":"SKIP","floor":5},{"not_picked":["Pommel Strike","Fiend Fire"],"picked":"Warcry","floor":6},{"not_picked":["Iron Wave","Fire Breathing"],"picked":"Rage","floor":7},{"not_picked":["Heavy Blade","Clash","Wild Strike"],"picked":"SKIP","floor":8},{"not_picked":["Perfected Strike","Wild Strike"],"picked":"Anger","floor":10},{"not_picked":["Wild Strike","Battle Trance"],"picked":"Thunderclap","floor":11},{"not_picked":["Havoc","Rampage","Uppercut"],"picked":"SKIP","floor":14},{"not_picked":["Reaper","Demon Form"],"picked":"Brutality","floor":16},{"not_picked":["Clothesline+1","Second Wind","Feel No Pain"],"picked":"SKIP","floor":18},{"not_picked":["Iron Wave","Disarm","Flex"],"picked":"SKIP","floor":20},{"not_picked":["Heavy Blade","True Grit"],"picked":"Warcry","floor":22},{"not_picked":["Heavy Blade","Headbutt","Bloodletting"],"picked":"SKIP","floor":25},{"not_picked":["Immolate","Headbutt","Battle Trance"],"picked":"SKIP","floor":28},{"not_picked":["Searing Blow","Intimidate","True Grit"],"picked":"SKIP","floor":29},{"not_picked":["Juggernaut","Berserk"],"picked":"Feed","floor":33},{"not_picked":["Battle Trance+1","Clothesline+1","Rampage"],"picked":"SKIP","floor":35},{"not_picked":["Dual Wield","Heavy Blade"],"picked":"Headbutt+1","floor":38},{"not_picked":["Burning Pact","Underhanded Strike"],"picked":"Metallicize+1","floor":42},{"not_picked":["Leg Sweep","Go for the Eyes+1","Perfected Strike"],"picked":"SKIP","floor":46},{"not_picked":["Riddle With Holes+1","Blizzard"],"picked":"Quick Slash","floor":47},{"not_picked":["Impatience+1","Compile Driver"],"picked":"Turbo+1","floor":48}],"player_experience":217110,"relics_obtained":[{"floor":6,"key":"Whetstone"},{"floor":8,"key":"Anchor"},{"floor":9,"key":"Happy Flower"},{"floor":11,"key":"FossilizedHelix"},{"floor":26,"key":"Blue Candle"},{"floor":29,"key":"Orichalcum"},{"floor":37,"key":"Bird Faced Urn"},{"floor":39,"key":"Magic Flower"},{"floor":43,"key":"Centennial Puzzle"}],"event_choices":[{"cards_removed":["Defend_R"],"damage_healed":0,"gold_gain":0,"player_choice":"Card Removal","damage_taken":0,"max_hp_gain":0,"max_hp_loss":0,"event_name":"The Cleric","floor":2,"gold_loss":50},{"cards_removed":["Defend_R"],"damage_healed":0,"gold_gain":0,"player_choice":"Card Removal","damage_taken":7,"max_hp_gain":0,"max_hp_loss":0,"event_name":"Golden Wing","floor":3,"gold_loss":0},{"damage_healed":0,"gold_gain":30,"player_choice":"Searched \u00272\u0027 times","damage_taken":0,"max_hp_gain":0,"max_hp_loss":0,"event_name":"Dead Adventurer","floor":11,"gold_loss":0},{"damage_healed":26,"gold_gain":0,"player_choice":"Banana","damage_taken":0,"max_hp_gain":0,"max_hp_loss":0,"event_name":"Big Fish","floor":12,"gold_loss":0},{"damage_healed":20,"gold_gain":0,"player_choice":"Healed and dodged fight","damage_taken":0,"max_hp_gain":0,"max_hp_loss":0,"event_name":"Mushrooms","floor":13,"gold_loss":0,"cards_obtained":["Parasite"]},{"damage_healed":0,"gold_gain":0,"cards_transformed":["Strike_R"],"player_choice":"Transformed","damage_taken":0,"max_hp_gain":0,"max_hp_loss":0,"event_name":"Transmorgrifier","floor":19,"gold_loss":0,"cards_obtained":["Clash"]},{"cards_removed":["Strike_R"],"damage_healed":0,"gold_gain":0,"player_choice":"Elegance","damage_taken":0,"max_hp_gain":0,"max_hp_loss":0,"event_name":"Back to Basics","floor":21,"gold_loss":0},{"damage_healed":0,"gold_gain":0,"player_choice":"Bought 0 Potions","damage_taken":0,"max_hp_gain":0,"max_hp_loss":0,"event_name":"The Woman in Blue","floor":24,"gold_loss":0},{"cards_removed":["Defend_R"],"damage_healed":0,"gold_gain":0,"player_choice":"Gave Gold","damage_taken":0,"max_hp_gain":0,"max_hp_loss":0,"event_name":"Beggar","floor":31,"gold_loss":75},{"damage_healed":0,"gold_gain":0,"player_choice":"Ignored","damage_taken":0,"max_hp_gain":0,"max_hp_loss":0,"event_name":"Tomb of Lord Red Mask","floor":36,"gold_loss":0},{"damage_healed":0,"gold_gain":0,"player_choice":"Fight","damage_taken":0,"max_hp_gain":0,"max_hp_loss":0,"event_name":"MindBloom","floor":37,"gold_loss":0},{"damage_healed":0,"gold_gain":0,"player_choice":"Fight","damage_taken":0,"max_hp_gain":0,"max_hp_loss":0,"event_name":"Mysterious Sphere","floor":39,"gold_loss":0},{"damage_healed":0,"gold_gain":0,"player_choice":"Embrace Madness","damage_taken":10,"max_hp_gain":0,"max_hp_loss":0,"event_name":"Winding Halls","floor":44,"gold_loss":0,"cards_obtained":["Madness","Madness"]}],"is_beta":false,"boss_relics":[{"not_picked":["Mark of Pain","Coffee Dripper"],"picked":"White Beast Statue"},{"not_picked":["Runic Pyramid","Sozu"],"picked":"Astrolabe"}],"items_purged_floors":[27,30],"is_endless":false,"potions_floor_spawned":[1,6,10,11,14,18,20,22,25,28,29,33,35,37,38,39,42,46,47,48],"killed_by":"Donu and Deca","ascension_level":0}