{"gold_per_floor":[113,137,149,164,174,174,208,208,208,219,229,241,260,271,271,368,368,383,383,430,445,120,145,155,155,155,4,21,21,41,52,52,156,156,173,173,191,210,225,225,242,90,90,101,115,134,150,170,170,170],"floor_reached":51,"playtime":4977,"items_purged":["Evolve+1"],"score":862,"play_id":"d7c17114-cd95-4b12-bb9d-303de3bfe835","local_time":"20190601160709","daily_mods":["Vintage","Heirloom","Time Dilation"],"is_ascension_mode":false,"campfire_choices":[{"data":"Bash","floor":6.0,"key":"SMITH"},{"data":"Flame Barrier","floor":8.0,"key":"SMITH"},{"floor":15.0,"key":"REST"},{"data":"Thunderclap","floor":29,"key":"SMITH"},{"floor":32,"key":"REST"},{"data":"Demon Form","floor":40,"key":"SMITH"},{"data":"Iron Wave","floor":49,"key":"SMITH"}],"neow_cost":"","seed_source_timestamp":0,"circlet_count":0,"master_deck":["Strike_R","Strike_R","Strike_R","Defend_R+1","Defend_R+1","Bash+1","Flame Barrier+1","Perfected Strike","Double Tap+1","Fire Breathing+1","Battle Trance+1","Thunderclap+1","Rage+1","Demon Form+1","Iron Wave+1"],"special_seed":0,"relics":["Snecko Eye","Gambling Chip","Prayer Wheel","Regal Pillow","Dream Catcher","Champion Belt","Torii","Singing Bowl","Bird Faced Urn","Self Forming Clay","Anchor","Calipers","Orichalcum","Toxic Egg 2","Astrolabe","Strawberry","Tiny Chest","Boot","Letter Opener","War Paint","Mummified Hand","MutagenicStrength","Paper Frog","Vajra","Meat on the Bone","Dodecahedron","Bag of Preparation","Velvet Choker","Pantograph","Mango","Ornamental Fan","Blood Vial","Lantern","Bag of Marbles","Pocketwatch","Darkstone Periapt","Red Skull","Turnip","Charon\u0027s Ashes","Centennial Puzzle"],"potions_floor_usage":[50],"damage_taken":[{"damage":0.0,"enemies":"Cultist","floor":1.0,"turns":2.0},{"damage":0.0,"enemies":"2 Louse","floor":3.0,"turns":2.0},{"damage":1.0,"enemies":"Jaw Worm","floor":4.0,"turns":2.0},{"damage":0.0,"enemies":"Lots of Slimes","floor":5.0,"turns":4.0},{"damage":6.0,"enemies":"3 Sentries","floor":7.0,"turns":10.0},{"damage":0.0,"enemies":"Exordium Wildlife","floor":10.0,"turns":3.0},{"damage":0.0,"enemies":"Gremlin Gang","floor":11.0,"turns":2.0},{"damage":0.0,"enemies":"2 Fungi Beasts","floor":12.0,"turns":3.0},{"damage":0.0,"enemies":"Exordium Thugs","floor":13.0,"turns":4.0},{"damage":0.0,"enemies":"Blue Slaver","floor":14.0,"turns":2.0},{"damage":10.0,"enemies":"The Guardian","floor":16.0,"turns":6.0},{"damage":0.0,"enemies":"2 Thieves","floor":18.0,"turns":3.0},{"damage":0.0,"enemies":"3 Byrds","floor":20.0,"turns":2.0},{"damage":0.0,"enemies":"Snake Plant","floor":21.0,"turns":1.0},{"damage":1,"enemies":"Book of Stabbing","floor":23,"turns":4},{"damage":0,"enemies":"Cultist and Chosen","floor":24,"turns":2},{"damage":0,"enemies":"Centurion and Healer","floor":28,"turns":2},{"damage":0,"enemies":"Snake Plant","floor":30,"turns":1},{"damage":0,"enemies":"Snecko","floor":31,"turns":1},{"damage":0,"enemies":"Collector","floor":33,"turns":3},{"damage":0,"enemies":"3 Shapes","floor":35,"turns":1},{"damage":0,"enemies":"3 Darklings","floor":37,"turns":2},{"damage":0,"enemies":"Transient","floor":38,"turns":5},{"damage":0,"enemies":"Spire Growth","floor":39,"turns":2},{"damage":0,"enemies":"3 Darklings","floor":41,"turns":3},{"damage":0,"enemies":"4 Shapes","floor":44,"turns":2},{"damage":0,"enemies":"Maw","floor":45,"turns":3},{"damage":0,"enemies":"Spire Growth","floor":46,"turns":2},{"damage":0,"enemies":"3 Darklings","floor":47,"turns":1},{"damage":0,"enemies":"Transient","floor":48,"turns":5},{"damage":18,"enemies":"Awakened One","floor":50,"turns":8}],"seed_played":"-4338456376407892785","potions_obtained":[{"floor":1.0,"key":"SpeedPotion"},{"floor":4.0,"key":"SneckoOil"},{"floor":11.0,"key":"Ancient Potion"},{"floor":16.0,"key":"PowerPotion"},{"floor":20.0,"key":"Energy Potion"},{"floor":24,"key":"Regen Potion"},{"floor":41,"key":"FairyPotion"}],"is_trial":true,"path_per_floor":["T","?","?","$","M","?","M"],"character_chosen":"IRONCLAD","items_purchased":["Letter Opener","Vajra","Bag of Marbles"],"campfire_rested":2,"item_purchase_floors":[22,27,42],"current_hp_per_floor":[80,80,80,79,79,79,73,73,73,73,73,73,73,73,80,70,80,87,70,72,74,74,75,77,77,77,77,77,77,77,79,92,92,92,92,92,106,106,106,106,106,106,106,106,106,106,106,106,106,89],"gold":170,"neow_bonus":"","is_prod":false,"is_daily":false,"chose_seed":false,"campfire_upgraded":5,"win_rate":0,"timestamp":1559394429,"path_taken":["M","?","M","M","M","R","E","R","T","M","M","M","M","M","R","BOSS","M","?","M","M","$","E","M","?","T","?","M","R","?","M","R","BOSS","M","?","M","M","M","R","?","$","T","M","M","M","M","M","R","BOSS"],"build_version":"2019-01-23","purchased_purges":1,"victory":true,"max_hp_per_floor":[80,80,80,80,80,80,80,80,80,80,80,80,80,80,80,80,80,87,92,92,92,92,92,92,92,92,92,92,92,92,92,92,92,92,92,92,106,106,106,106,106,106,106,106,106,106,106,106,106,106],"card_choices":[{"not_picked":["Blood for Blood","Rage"],"picked":"Flame Barrier","floor":7.0},{"not_picked":["Feel No Pain","Hemokinesis"],"picked":"Perfected Strike","floor":15.0},{"not_picked":["Barricade","Juggernaut"],"picked":"Double Tap+1","floor":16.0},{"not_picked":["Inflame","Bloodletting+1"],"picked":"Thunderclap","floor":23},{"not_picked":["Heavy Blade+1","Clash"],"picked":"Rage+1","floor":32},{"not_picked":["Double Tap+1","Dark Embrace"],"picked":"Demon Form","floor":33}],"player_experience":136319,"relics_obtained":[{"floor":1.0,"key":"Prayer Wheel"},{"floor":2.0,"key":"Regal Pillow"},{"floor":3.0,"key":"Dream Catcher"},{"floor":4.0,"key":"Champion Belt"},{"floor":5.0,"key":"Torii"},{"floor":7.0,"key":"Singing Bowl"},{"floor":9.0,"key":"Bird Faced Urn"},{"floor":10.0,"key":"Self Forming Clay"},{"floor":11.0,"key":"Anchor"},{"floor":12.0,"key":"Calipers"},{"floor":13.0,"key":"Orichalcum"},{"floor":14.0,"key":"Toxic Egg 2"},{"floor":18.0,"key":"Strawberry"},{"floor":20.0,"key":"Tiny Chest"},{"floor":21.0,"key":"Boot"},{"floor":23,"key":"War Paint"},{"floor":24,"key":"Mummified Hand"},{"floor":26,"key":"Paper Frog"},{"floor":28,"key":"Meat on the Bone"},{"floor":30,"key":"Dodecahedron"},{"floor":31,"key":"Bag of Preparation"},{"floor":35,"key":"Pantograph"},{"floor":37,"key":"Mango"},{"floor":38,"key":"Ornamental Fan"},{"floor":39,"key":"Blood Vial"},{"floor":41,"key":"Lantern"},{"floor":43,"key":"Pocketwatch"},{"floor":44,"key":"Darkstone Periapt"},{"floor":45,"key":"Red Skull"},{"floor":46,"key":"Turnip"},{"floor":47,"key":"Charon\u0027s Ashes"},{"floor":48,"key":"Centennial Puzzle"}],"event_choices":[{"damage_healed":0.0,"max_hp_gain":5.0,"max_hp_loss":0.0,"gold_gain":0.0,"event_name":"Forgotten Altar","player_choice":"Shed Blood","floor":19.0,"gold_loss":0.0,"damage_taken":22.0},{"damage_healed":0,"gold_gain":0,"player_choice":"Inject Mutagens","damage_taken":0,"relics_obtained":["MutagenicStrength"],"max_hp_gain":0,"max_hp_loss":0,"event_name":"Drug Dealer","floor":25,"gold_loss":0},{"cards_removed":["Defend_R"],"damage_healed":0,"gold_gain":0,"player_choice":"Took Card","damage_taken":0,"max_hp_gain":0,"max_hp_loss":0,"event_name":"NoteForYourself","floor":36,"gold_loss":0,"cards_obtained":["Iron Wave"]}],"is_beta":false,"boss_relics":[{"not_picked":["Philosopher\u0027s Stone","White Beast Statue"],"picked":"Astrolabe"},{"not_picked":["Pandora\u0027s Box","Tiny House"],"picked":"Velvet Choker"}],"items_purged_floors":[22],"is_endless":false,"potions_floor_spawned":[1,4,11,16,20,24,28,33,39,41,45,46,48],"ascension_level":0}