{"gold_per_floor":[116,133,133,149,2,37,51,65,89,89,102,121,135,167,167,265,265,283,300,61,72,85,85,113,128,128,128],"floor_reached":27,"playtime":4060,"items_purged":["Strike_B"],"score":251,"play_id":"1fea3c14-7d51-44bf-afab-c53123f722a7","local_time":"20190505171348","is_ascension_mode":false,"campfire_choices":[{"floor":15.0,"key":"REST"},{"floor":23,"key":"REST"}],"neow_cost":"NONE","seed_source_timestamp":0,"circlet_count":0,"master_deck":["Strike_B","Strike_B","Strike_B","Defend_B","Defend_B","Defend_B","Defend_B","Zap","Dualcast","Force Field","Go for the Eyes","Zap","Fission","Cold Snap+1","Loop","FTL+1","Beam Cell","BootSequence","Streamline","FTL","Stack","Defragment","Reinforced Body","Biased Cognition","Conserve Battery","Rip and Tear","Transmutation","Glacier","Fusion+1","Compile Driver","Lockon+1"],"special_seed":0,"relics":["Busted Crown","Omamori","Bag of Preparation","Kunai","Whetstone","Black Star","Oddly Smooth Stone","Ancient Tea Set","Thread and Needle"],"potions_floor_usage":[19,25,25],"damage_taken":[{"damage":0.0,"enemies":"2 Louse","floor":1.0,"turns":3.0},{"damage":0.0,"enemies":"Cultist","floor":2.0,"turns":3.0},{"damage":6.0,"enemies":"Jaw Worm","floor":4.0,"turns":3.0},{"damage":31.0,"enemies":"Gremlin Nob","floor":6.0,"turns":5.0},{"damage":16.0,"enemies":"Gremlin Gang","floor":7.0,"turns":4.0},{"damage":0.0,"enemies":"Large Slime","floor":8.0,"turns":5.0},{"damage":0.0,"enemies":"Blue Slaver","floor":11.0,"turns":3.0},{"damage":0.0,"enemies":"Looter","floor":12.0,"turns":3.0},{"damage":0.0,"enemies":"Exordium Thugs","floor":13.0,"turns":4.0},{"damage":10.0,"enemies":"Lagavulin","floor":14.0,"turns":9.0},{"damage":28.0,"enemies":"The Guardian","floor":16.0,"turns":11.0},{"damage":22.0,"enemies":"3 Byrds","floor":18.0,"turns":7.0},{"damage":2,"enemies":"Chosen","floor":19,"turns":7},{"damage":23,"enemies":"Shelled Parasite and Fungi","floor":21,"turns":7},{"damage":9,"enemies":"Snake Plant","floor":22,"turns":6},{"damage":22,"enemies":"Book of Stabbing","floor":24,"turns":6},{"damage":15,"enemies":"Centurion and Healer","floor":25,"turns":9},{"damage":22,"enemies":"3 Cultists","floor":27,"turns":4}],"seed_played":"-1780387491806785920","potions_obtained":[{"floor":1.0,"key":"FocusPotion"},{"floor":12.0,"key":"EssenceOfSteel"},{"floor":13.0,"key":"SpeedPotion"},{"floor":14.0,"key":"Strength Potion"},{"floor":18,"key":"Regen Potion"},{"floor":19,"key":"PowerPotion"},{"floor":24,"key":"Weak Potion"}],"is_trial":false,"path_per_floor":["M","M","?","M","$","E","M","M","T","T","M","M","M","E","R","B",null,"M","M","$","M","M","R","E","M","T","M"],"character_chosen":"DEFECT","items_purchased":["Loop","FTL","Transmutation"],"campfire_rested":2,"item_purchase_floors":[5,5,20],"current_hp_per_floor":[75,75,75,69,69,38,22,22,22,22,22,22,22,12,34,6,75,53,66,66,43,34,56,34,19,19,0],"gold":128,"neow_bonus":"BOSS_RELIC","is_prod":false,"is_daily":false,"chose_seed":false,"campfire_upgraded":0,"win_rate":0.0,"timestamp":1557090828,"path_taken":["M","M","?","M","?","E","M","M","T","?","M","?","M","E","R","BOSS","M","M","$","M","M","R","E","M","T","M"],"build_version":"2019-01-23","purchased_purges":1,"victory":false,"max_hp_per_floor":[75,75,75,75,75,75,75,75,75,75,75,75,75,75,75,75,75,75,75,75,75,75,75,75,75,75,75],"card_choices":[{"not_picked":[],"picked":"Force Field","floor":1.0},{"not_picked":[],"picked":"Go for the Eyes","floor":2.0},{"not_picked":[],"picked":"Cold Snap","floor":4.0},{"not_picked":[],"picked":"Beam Cell","floor":6.0},{"not_picked":[],"picked":"BootSequence","floor":7.0},{"not_picked":[],"picked":"Streamline","floor":8.0},{"not_picked":[],"picked":"FTL","floor":11.0},{"not_picked":[],"picked":"Stack","floor":12.0},{"not_picked":[],"picked":"Defragment","floor":13.0},{"not_picked":[],"picked":"Reinforced Body","floor":14.0},{"not_picked":[],"picked":"Biased Cognition","floor":16.0},{"not_picked":[],"picked":"Conserve Battery","floor":18},{"not_picked":[],"picked":"Rip and Tear","floor":19},{"not_picked":[],"picked":"Glacier","floor":21},{"not_picked":[],"picked":"Fusion+1","floor":22},{"not_picked":[],"picked":"Compile Driver","floor":24},{"not_picked":[],"picked":"Lockon+1","floor":25}],"player_experience":13872,"relics_obtained":[{"floor":6.0,"key":"Omamori"},{"floor":9.0,"key":"Bag of Preparation"},{"floor":10.0,"key":"Kunai"},{"floor":14.0,"key":"Whetstone"},{"floor":24,"key":"Oddly Smooth Stone"},{"floor":24,"key":"Ancient Tea Set"},{"floor":26,"key":"Thread and Needle"}],"event_choices":[{"damage_healed":0.0,"max_hp_gain":0.0,"max_hp_loss":0.0,"gold_gain":0.0,"event_name":"Match and Keep!","player_choice":"2 cards matched","floor":3.0,"gold_loss":0.0,"damage_taken":0.0,"cards_obtained":["Zap","Fission"]},{"damage_healed":0.0,"max_hp_gain":0.0,"max_hp_loss":0.0,"gold_gain":0.0,"event_name":"Match and Keep!","player_choice":"2 cards matched","floor":3.0,"gold_loss":0.0,"damage_taken":0.0,"cards_obtained":["Zap","Fission"]}],"is_beta":false,"boss_relics":[{"not_picked":["Runic Pyramid","Lizard Tail"],"picked":"Black Star"}],"items_purged_floors":[20],"is_endless":false,"potions_floor_spawned":[1,12,13,14,18,19,24],"killed_by":"3 Cultists","ascension_level":0}