{"gold_per_floor":[212,182,200,200,225,266,266,297,297,297,335,335,348,373,373,497,497,513,533,568,693,707,707,560,601,601,615,33,51,51,94,94,224,224,247,247,261,136,136,172,394,413,481,525,594,531,531,545,545,545],"floor_reached":51,"playtime":3320,"items_purged":["Strike_R","Strike_R","Strike_R"],"score":977,"play_id":"07b9f809-9dec-4e81-9b10-5e023b6ddeaf","local_time":"20190713121810","is_ascension_mode":true,"campfire_choices":[{"data":"Bash","floor":7.0,"key":"SMITH"},{"floor":10.0,"key":"REST"},{"data":"Fiend Fire","floor":12.0,"key":"SMITH"},{"data":"Immolate","floor":15.0,"key":"SMITH"},{"data":"Uppercut","floor":23.0,"key":"SMITH"},{"data":"Spot Weakness","floor":32,"key":"SMITH"},{"data":"Disarm","floor":47,"key":"SMITH"},{"data":"Battle Trance","floor":49,"key":"SMITH"}],"neow_cost":"NONE","seed_source_timestamp":63278759106765,"circlet_count":0,"master_deck":["Strike_R","Strike_R","Defend_R","Defend_R","Defend_R","Defend_R","Bash+1","Disarm+1","Flame Barrier","Fiend Fire+1","Spot Weakness+1","Uppercut+1","Immolate+1","Exhume","Pommel Strike+1","Feel No Pain+1","Shrug It Off+1","Power Through","Inflame+1","Shrug It Off+1","Bludgeon","Thunderclap+1","Uppercut+1","Battle Trance+1"],"special_seed":0,"relics":["Burning Blood","Golden Idol","Shuriken","Magic Flower","Prayer Wheel","Singing Bowl","Sozu","Red Mask","Champion Belt","Sundial","Mercury Hourglass","Centennial Puzzle","Dead Branch","ClockworkSouvenir","Lantern","Mark of Pain","Bird Faced Urn","Blue Candle","Bag of Preparation","Unceasing Top","Strawberry"],"potions_floor_usage":[50,50],"damage_taken":[{"damage":11.0,"enemies":"2 Louse","floor":1.0,"turns":3.0},{"damage":7.0,"enemies":"Cultist","floor":3.0,"turns":5.0},{"damage":4.0,"enemies":"Jaw Worm","floor":5.0,"turns":5.0},{"damage":22.0,"enemies":"3 Sentries","floor":6.0,"turns":14.0},{"damage":49.0,"enemies":"Lagavulin","floor":8.0,"turns":7.0},{"damage":15.0,"enemies":"Gremlin Nob","floor":11.0,"turns":4.0},{"damage":16.0,"enemies":"Large Slime","floor":13.0,"turns":5.0},{"damage":7.0,"enemies":"2 Fungi Beasts","floor":14.0,"turns":5.0},{"damage":0.0,"enemies":"Slime Boss","floor":16.0,"turns":5.0},{"damage":11.0,"enemies":"3 Byrds","floor":18.0,"turns":3.0},{"damage":6.0,"enemies":"Spheric Guardian","floor":19.0,"turns":3.0},{"damage":0.0,"enemies":"Masked Bandits","floor":20.0,"turns":2.0},{"damage":0.0,"enemies":"Colosseum Slavers","floor":21.0,"turns":3.0},{"damage":4.0,"enemies":"Colosseum Nobs","floor":21.0,"turns":6.0},{"damage":21.0,"enemies":"3 Cultists","floor":22.0,"turns":5.0},{"damage":3.0,"enemies":"Book of Stabbing","floor":25.0,"turns":5.0},{"damage":0.0,"enemies":"Centurion and Healer","floor":27.0,"turns":3.0},{"damage":0.0,"enemies":"Chosen and Byrds","floor":29.0,"turns":4.0},{"damage":7,"enemies":"Gremlin Leader","floor":31,"turns":2},{"damage":13,"enemies":"Champ","floor":33,"turns":12},{"damage":18,"enemies":"3 Darklings","floor":35,"turns":3},{"damage":7,"enemies":"3 Shapes","floor":37,"turns":2},{"damage":7,"enemies":"Reptomancer","floor":40,"turns":4},{"damage":3,"enemies":"Jaw Worm Horde","floor":42,"turns":4},{"damage":22,"enemies":"Nemesis","floor":44,"turns":5},{"damage":5,"enemies":"2 Orb Walkers","floor":45,"turns":3},{"damage":0,"enemies":"Writhing Mass","floor":48,"turns":2},{"damage":65,"enemies":"Awakened One","floor":50,"turns":11}],"seed_played":"6371209182735857440","potions_obtained":[{"floor":1.0,"key":"Block Potion"},{"floor":2.0,"key":"Block Potion"},{"floor":2.0,"key":"PowerPotion"},{"floor":8.0,"key":"AttackPotion"},{"floor":11.0,"key":"PowerPotion"},{"floor":16.0,"key":"Block Potion"}],"is_trial":false,"path_per_floor":["?","M","?","?","?","M","$","?","?","?","?","?","?","M"],"character_chosen":"IRONCLAD","items_purchased":["Power Through","Dead Branch","ClockworkSouvenir"],"campfire_rested":1,"item_purchase_floors":[24,28,28],"current_hp_per_floor":[75,75,74,74,74,58,58,15,15,37,33,33,28,32,32,41,80,80,82,84,86,76,76,76,82,82,92,92,96,96,96,96,92,96,89,89,95,95,95,99,99,103,103,95,102,109,109,114,114,67],"gold":545,"neow_bonus":"HUNDRED_GOLD","is_prod":false,"is_daily":false,"chose_seed":false,"campfire_upgraded":7,"win_rate":0,"timestamp":1563009490,"path_taken":["M","?","?","?","M","E","R","E","T","R","E","R","M","M","R","BOSS","M","M","?","?","?","R","$","E","T","M","?","M","?","E","R","BOSS","M","?","M","$","?","E","?","M","T","E","?","?","R","?","R","BOSS"],"build_version":"2019-01-23","purchased_purges":3,"victory":true,"max_hp_per_floor":[80,80,80,74,74,74,74,74,74,74,76,76,78,80,80,80,80,82,82,84,86,88,88,88,88,88,92,92,96,96,96,96,96,96,98,93,97,97,97,99,99,103,103,105,105,112,112,114,114,114],"card_choices":[{"not_picked":["Sever Soul","Clothesline"],"picked":"Disarm","floor":1.0},{"not_picked":["Headbutt","Shrug It Off"],"picked":"Flame Barrier","floor":3.0},{"not_picked":["Sword Boomerang","Cleave","Twin Strike"],"picked":"SKIP","floor":5.0},{"not_picked":["Twin Strike","Dropkick"],"picked":"Fiend Fire","floor":6.0},{"not_picked":["Clothesline","True Grit"],"picked":"Spot Weakness","floor":8.0},{"not_picked":["Clothesline","Seeing Red","Cleave"],"picked":"Singing Bowl","floor":11.0},{"not_picked":["Dual Wield","Seeing Red"],"picked":"Uppercut","floor":13.0},{"not_picked":["Entrench","Corruption","Dropkick"],"picked":"Singing Bowl","floor":13.0},{"not_picked":["Dual Wield","Body Slam"],"picked":"Immolate","floor":14.0},{"not_picked":["Perfected Strike","Wild Strike","Headbutt"],"picked":"Singing Bowl","floor":14.0},{"not_picked":["Immolate","Barricade"],"picked":"Exhume","floor":16.0},{"not_picked":["Headbutt+1","Heavy Blade"],"picked":"Pommel Strike+1","floor":18.0},{"not_picked":["Feel No Pain","Thunderclap","Shrug It Off"],"picked":"Singing Bowl","floor":18.0},{"not_picked":["Intimidate","Limit Break"],"picked":"Feel No Pain+1","floor":19.0},{"not_picked":["Fire Breathing","Twin Strike"],"picked":"Disarm","floor":19.0},{"not_picked":["Shockwave","Intimidate","Combust"],"picked":"Singing Bowl","floor":20.0},{"not_picked":["Warcry","Wild Strike+1","Ghostly Armor"],"picked":"Singing Bowl","floor":21.0},{"not_picked":["Clash+1","Pommel Strike","Sword Boomerang"],"picked":"Singing Bowl","floor":22.0},{"not_picked":["Pommel Strike","Armaments"],"picked":"Shrug It Off+1","floor":22.0},{"not_picked":["Iron Wave+1","Feel No Pain"],"picked":"Inflame+1","floor":25.0},{"not_picked":["Havoc","Armaments","Headbutt"],"picked":"Singing Bowl","floor":27.0},{"not_picked":["Disarm","Pommel Strike","Evolve"],"picked":"Singing Bowl","floor":27.0},{"not_picked":["Uppercut","Body Slam","Wild Strike"],"picked":"Singing Bowl","floor":29.0},{"not_picked":["Uppercut","Pummel","Warcry"],"picked":"Singing Bowl","floor":29.0},{"not_picked":["Body Slam+1","Dual Wield"],"picked":"Shrug It Off+1","floor":31},{"not_picked":["Barricade","Brutality"],"picked":"Bludgeon","floor":33},{"not_picked":["Iron Wave+1","Metallicize+1"],"picked":"Thunderclap+1","floor":35},{"not_picked":["Flex","True Grit","Armaments"],"picked":"Singing Bowl","floor":35},{"not_picked":["Searing Blow+1","Clash","Wild Strike"],"picked":"Singing Bowl","floor":37},{"not_picked":["Sever Soul+1","Rage+1","Pommel Strike"],"picked":"Singing Bowl","floor":37},{"not_picked":["Perfected Strike+1","Fire Breathing","Thunderclap+1"],"picked":"Singing Bowl","floor":40},{"not_picked":["Fire Breathing","Perfected Strike","Whirlwind"],"picked":"Singing Bowl","floor":42},{"not_picked":["Inflame","Dropkick","Cleave+1"],"picked":"Singing Bowl","floor":42},{"not_picked":["Double Tap","Limit Break","Rupture+1"],"picked":"Singing Bowl","floor":44},{"not_picked":["Feel No Pain+1","Headbutt+1"],"picked":"Uppercut+1","floor":45},{"not_picked":["Headbutt+1","Warcry+1"],"picked":"Battle Trance","floor":48},{"not_picked":["Reckless Charge+1","Shrug It Off+1","Power Through+1"],"picked":"Singing Bowl","floor":48}],"player_experience":389419,"relics_obtained":[{"floor":6.0,"key":"Shuriken"},{"floor":8.0,"key":"Magic Flower"},{"floor":9.0,"key":"Prayer Wheel"},{"floor":11.0,"key":"Singing Bowl"},{"floor":20.0,"key":"Red Mask"},{"floor":21.0,"key":"Champion Belt"},{"floor":21.0,"key":"Sundial"},{"floor":25.0,"key":"Mercury Hourglass"},{"floor":26.0,"key":"Centennial Puzzle"},{"floor":31,"key":"Lantern"},{"floor":40,"key":"Bird Faced Urn"},{"floor":43,"key":"Blue Candle"},{"floor":44,"key":"Bag of Preparation"},{"floor":45,"key":"Unceasing Top"}],"event_choices":[{"damage_healed":0.0,"max_hp_gain":0.0,"max_hp_loss":0.0,"gold_gain":0.0,"event_name":"The Woman in Blue","player_choice":"Bought 2 Potions","floor":2.0,"gold_loss":0.0,"damage_taken":0.0},{"damage_healed":0.0,"max_hp_gain":0.0,"max_hp_loss":6.0,"gold_gain":0.0,"event_name":"Golden Idol","player_choice":"Lose Max HP","floor":4.0,"gold_loss":0.0,"damage_taken":0.0,"relics_obtained":["Golden Idol"]},{"damage_healed":0.0,"max_hp_gain":0.0,"max_hp_loss":0.0,"gold_gain":0.0,"event_name":"Masked Bandits","player_choice":"Fought Bandits","floor":20.0,"gold_loss":0.0,"damage_taken":0.0},{"damage_healed":0.0,"max_hp_gain":0.0,"max_hp_loss":0.0,"gold_gain":0.0,"event_name":"Colosseum","player_choice":"Fight","floor":21.0,"gold_loss":0.0,"damage_taken":0.0},{"damage_healed":0.0,"max_hp_gain":0.0,"max_hp_loss":0.0,"gold_gain":0.0,"event_name":"Colosseum","player_choice":"Fought Nobs","floor":21.0,"gold_loss":0.0,"damage_taken":0.0},{"damage_healed":0.0,"max_hp_gain":0.0,"max_hp_loss":0.0,"gold_gain":0.0,"event_name":"Vampires","player_choice":"Ignored","floor":30.0,"gold_loss":0.0,"damage_taken":0.0},{"damage_healed":0,"gold_gain":0,"player_choice":"Max HP","damage_taken":0,"max_hp_gain":0,"max_hp_loss":5,"event_name":"Winding Halls","floor":36,"gold_loss":0},{"cards_removed":["Disarm"],"damage_healed":0,"gold_gain":0,"player_choice":"Removed Skill","damage_taken":0,"max_hp_gain":0,"max_hp_loss":0,"event_name":"Falling","floor":39,"gold_loss":0},{"damage_healed":0,"gold_gain":222,"player_choice":"Wore Mask","damage_taken":0,"max_hp_gain":0,"max_hp_loss":0,"event_name":"Tomb of Lord Red Mask","floor":41,"gold_loss":0},{"damage_healed":0,"gold_gain":0,"player_choice":"Fight","damage_taken":0,"max_hp_gain":0,"max_hp_loss":0,"event_name":"Mysterious Sphere","floor":45,"gold_loss":0},{"damage_healed":0,"gold_gain":0,"player_choice":"Paid Gold","damage_taken":0,"relics_obtained":["Strawberry"],"max_hp_gain":0,"max_hp_loss":0,"event_name":"WeMeetAgain","floor":46,"gold_loss":63}],"is_beta":false,"boss_relics":[{"not_picked":["Lizard Tail","Calling Bell"],"picked":"Sozu"},{"not_picked":["Tiny House","Orrery"],"picked":"Mark of Pain"}],"items_purged_floors":[24,28,38],"is_endless":false,"potions_floor_spawned":[1,8,11,16,19,20,21,29,33,35,42,44,48],"ascension_level":3}