{"gold_per_floor":[116,132,132,16,0,0,0,12,49,79,103,115,141,174,186,324,336,367,30,30,33,33,77,0,25,25,25,25,61,82,82],"floor_reached":31,"playtime":2914,"items_purged":[],"score":303,"play_id":"77203476-49a2-4aa2-a22d-29c063dd1f70","local_time":"20190512085853","is_ascension_mode":true,"campfire_choices":[{"floor":6,"key":"REST"},{"floor":8,"key":"REST"},{"floor":15,"key":"REST"},{"data":"RitualDagger","floor":28,"key":"SMITH"}],"neow_cost":"NONE","seed_source_timestamp":1761066803719078,"circlet_count":0,"master_deck":["Strike_R+1","Strike_R","Strike_R","Strike_R","Defend_R","Defend_R","Defend_R","True Grit+1","Bloodletting+1","Juggernaut+1","Shrug It Off","Sword Boomerang+1","Rage","Inflame","Flame Barrier","Body Slam","Flex","Demon Form","Metallicize","Impervious","RitualDagger+1","Pommel Strike","Ghostly","Ghostly","Ghostly","Ghostly","Ghostly","Demon Form","Sword Boomerang","Body Slam","Heavy Blade"],"relics":["Astrolabe","MawBank","Strawberry","Golden Idol","Empty Cage","Brimstone","Ornamental Fan","Ginger"],"potions_floor_usage":[29,31],"damage_taken":[{"damage":14,"enemies":"Jaw Worm","floor":1,"turns":4},{"damage":5,"enemies":"Small Slimes","floor":2,"turns":5},{"damage":0,"enemies":"2 Louse","floor":10,"turns":2},{"damage":2,"enemies":"Blue Slaver","floor":11,"turns":4},{"damage":13,"enemies":"2 Fungi Beasts","floor":13,"turns":3},{"damage":4,"enemies":"Looter","floor":14,"turns":4},{"damage":71,"enemies":"Slime Boss","floor":16,"turns":14},{"damage":3,"enemies":"3 Byrds","floor":18,"turns":5},{"damage":17,"enemies":"2 Thieves","floor":21,"turns":4},{"damage":6,"enemies":"Book of Stabbing","floor":23,"turns":6},{"damage":3,"enemies":"Centurion and Healer","floor":25,"turns":5},{"damage":24,"enemies":"Gremlin Leader","floor":29,"turns":8},{"damage":7,"enemies":"Shelled Parasite and Fungi","floor":30,"turns":7},{"damage":11,"enemies":"Snake Plant","floor":31,"turns":4}],"seed_played":"-6507135621688997356","potions_obtained":[{"floor":11,"key":"Ancient Potion"},{"floor":16,"key":"Block Potion"},{"floor":18,"key":"Swift Potion"},{"floor":23,"key":"BloodPotion"},{"floor":29,"key":"Strength Potion"}],"is_trial":false,"path_per_floor":["?","?","?","?","?","?","?","$"],"character_chosen":"IRONCLAD","items_purchased":["Rage","Inflame","Impervious","Brimstone"],"campfire_rested":3,"item_purchase_floors":[4,4,19,19],"current_hp_per_floor":[66,61,45,45,45,69,36,60,67,67,65,65,52,48,74,3,87,84,84,78,61,43,37,37,34,34,34,34,14,7,0],"gold":82,"neow_bonus":"BOSS_RELIC","is_prod":false,"is_daily":false,"chose_seed":false,"campfire_upgraded":1,"win_rate":0,"timestamp":1557640733,"path_taken":["M","M","?","$","?","R","?","R","T","M","M","?","M","M","R","BOSS","M","$","?","M","?","E","?","M","T","?","R","E","M","M"],"build_version":"2019-01-23","purchased_purges":0,"victory":false,"max_hp_per_floor":[80,80,80,80,80,80,80,80,87,87,87,87,87,87,87,87,87,87,87,87,87,43,43,43,43,43,43,43,43,43,43],"card_choices":[{"not_picked":["Anger","Spot Weakness"],"picked":"Shrug It Off","floor":1},{"not_picked":["Sever Soul","Uppercut"],"picked":"Sword Boomerang","floor":2},{"not_picked":["Twin Strike","Shrug It Off"],"picked":"Flame Barrier","floor":10},{"not_picked":["Flex","Battle Trance"],"picked":"Body Slam","floor":11},{"not_picked":["True Grit","Twin Strike"],"picked":"Flex","floor":13},{"not_picked":["Battle Trance","Heavy Blade"],"picked":"Demon Form","floor":14},{"not_picked":["Dark Embrace","Brutality"],"picked":"Demon Form","floor":16},{"not_picked":["Perfected Strike","Headbutt"],"picked":"Metallicize","floor":18},{"not_picked":["Clash+1","Sword Boomerang"],"picked":"Pommel Strike","floor":21},{"not_picked":["Bludgeon","Sever Soul"],"picked":"Demon Form","floor":23},{"not_picked":["Searing Blow","Perfected Strike"],"picked":"Sword Boomerang","floor":25},{"not_picked":["Disarm","Flex"],"picked":"Body Slam","floor":29},{"not_picked":["Sword Boomerang","True Grit+1"],"picked":"Heavy Blade","floor":30}],"player_experience":73984,"relics_obtained":[{"floor":9,"key":"Strawberry"},{"floor":23,"key":"Ornamental Fan"},{"floor":29,"key":"Ginger"}],"event_choices":[{"damage_healed":0,"gold_gain":0,"player_choice":"Entered Light","damage_taken":16,"max_hp_gain":0,"max_hp_loss":0,"event_name":"Shining Light","floor":3,"gold_loss":0,"cards_upgraded":["Sword Boomerang","Strike_R"]},{"damage_healed":0,"gold_gain":0,"player_choice":"Left Gold","damage_taken":0,"max_hp_gain":0,"max_hp_loss":0,"event_name":"World of Goop","floor":5,"gold_loss":16},{"damage_healed":0,"gold_gain":0,"player_choice":"Success","damage_taken":33,"relics_obtained":["MawBank"],"max_hp_gain":0,"max_hp_loss":0,"event_name":"Scrap Ooze","floor":7,"gold_loss":0},{"damage_healed":0,"gold_gain":0,"player_choice":"Take Wound","damage_taken":0,"relics_obtained":["Golden Idol"],"max_hp_gain":0,"max_hp_loss":0,"event_name":"Golden Idol","floor":12,"gold_loss":0,"cards_obtained":["Injury"]},{"damage_healed":0,"gold_gain":0,"player_choice":"Joined the Cult","damage_taken":6,"max_hp_gain":0,"max_hp_loss":0,"event_name":"Nest","floor":20,"gold_loss":0,"cards_obtained":["RitualDagger"]},{"damage_healed":0,"gold_gain":0,"player_choice":"Became a Ghost","damage_taken":0,"max_hp_gain":0,"max_hp_loss":44,"event_name":"Ghosts","floor":22,"gold_loss":0,"cards_obtained":["Ghostly","Ghostly","Ghostly","Ghostly","Ghostly"]},{"damage_healed":0,"gold_gain":0,"player_choice":"Paid Fearfully","damage_taken":0,"max_hp_gain":0,"max_hp_loss":0,"event_name":"Masked Bandits","floor":24,"gold_loss":77}],"is_beta":false,"boss_relics":[{"not_picked":["Busted Crown","Runic Dome"],"picked":"Empty Cage"}],"items_purged_floors":[],"is_endless":false,"potions_floor_spawned":[11,16,18,23,29,30],"killed_by":"Snake Plant","ascension_level":1}