{"gold_per_floor":[117,292,62,62,9,9,37,51,51,68,68,95,110,129,129,230,230,250,262,5,5,18,18,48,48,73,73,24,56,56,84,84,183,183,201,201,215,229,229,229,245,262,262,262,262],"floor_reached":45,"playtime":3262,"items_purged":["Doubt","Blizzard+1"],"score":738,"play_id":"226474dd-5deb-4999-a26d-821a147907ed","local_time":"20190709120036","is_ascension_mode":true,"campfire_choices":[{"data":"Darkness","floor":6.0,"key":"SMITH"},{"floor":11.0,"key":"REST"},{"floor":15.0,"key":"REST"},{"data":"Defragment","floor":23.0,"key":"SMITH"},{"data":"Darkness","floor":32.0,"key":"SMITH"},{"data":"Buffer","floor":40,"key":"SMITH"}],"neow_cost":"NONE","seed_source_timestamp":0,"circlet_count":0,"master_deck":["AscendersBane","Defend_B","Defend_B","Defend_B","Defend_B","Zap+1","Dualcast","Cold Snap","Darkness+1","FTL","Conserve Battery","Compile Driver","Sweeping Beam","Defragment+1","Machine Learning","Buffer+1","Turbo+1","Rebound","Self Repair+1","Darkness+1","Steam Power","FTL","Writhe","Stack+1","Steam+1","Hologram","Blind","Flash of Steel+1"],"special_seed":0,"relics":["Cracked Core","Potion Belt","Emotion Chip","Kunai","Bag of Preparation","Astrolabe","PreservedInsect","Vajra","Juzu Bracelet","Pen Nib","Strawberry","Boot","Red Mask","Lizard Tail","Molten Egg 2"],"potions_floor_usage":[],"damage_taken":[{"damage":7.0,"enemies":"Small Slimes","floor":1.0,"turns":3.0},{"damage":14.0,"enemies":"3 Sentries","floor":7.0,"turns":10.0},{"damage":2.0,"enemies":"2 Louse","floor":8.0,"turns":2.0},{"damage":0.0,"enemies":"Cultist","floor":10.0,"turns":3.0},{"damage":12.0,"enemies":"Gremlin Nob","floor":12.0,"turns":4.0},{"damage":0.0,"enemies":"Large Slime","floor":13.0,"turns":4.0},{"damage":21.0,"enemies":"Gremlin Gang","floor":14.0,"turns":5.0},{"damage":9.0,"enemies":"The Guardian","floor":16.0,"turns":8.0},{"damage":2.0,"enemies":"Shell Parasite","floor":18.0,"turns":3.0},{"damage":11.0,"enemies":"3 Byrds","floor":19.0,"turns":5.0},{"damage":8.0,"enemies":"Shelled Parasite and Fungi","floor":22.0,"turns":3.0},{"damage":47.0,"enemies":"Slavers","floor":24.0,"turns":6.0},{"damage":14.0,"enemies":"Book of Stabbing","floor":29.0,"turns":4.0},{"damage":46.0,"enemies":"Masked Bandits","floor":31.0,"turns":5.0},{"damage":13.0,"enemies":"Automaton","floor":33.0,"turns":8.0},{"damage":48,"enemies":"Orb Walker","floor":35,"turns":5},{"damage":50,"enemies":"3 Darklings","floor":37,"turns":7},{"damage":31,"enemies":"Transient","floor":38,"turns":5},{"damage":2,"enemies":"4 Shapes","floor":41,"turns":7},{"damage":6,"enemies":"Sphere and 2 Shapes","floor":42,"turns":7},{"damage":72,"enemies":"Reptomancer","floor":45,"turns":3}],"seed_played":"411973419462515753","potions_obtained":[{"floor":12.0,"key":"Dexterity Potion"},{"floor":13.0,"key":"Strength Potion"},{"floor":16.0,"key":"SpeedPotion"},{"floor":19.0,"key":"Regen Potion"},{"floor":29.0,"key":"Energy Potion"},{"floor":37,"key":"LiquidBronze"},{"floor":41,"key":"SpeedPotion"}],"is_trial":false,"path_per_floor":["?","?","?","M","?","?","$","?","?","?","?","?"],"character_chosen":"DEFECT","items_purchased":["Darkness","FTL","Conserve Battery","PreservedInsect","PowerPotion"],"campfire_rested":2,"item_purchase_floors":[3,3,5,20,28],"current_hp_per_floor":[61,61,61,43,43,43,29,27,27,27,49,37,37,16,38,29,64,62,51,51,51,43,43,21,75,75,75,75,78,78,42,42,39,71,33,33,40,19,72,72,72,72,72,67,0],"gold":262,"neow_bonus":"UPGRADE_CARD","is_prod":false,"is_daily":false,"chose_seed":false,"campfire_upgraded":4,"win_rate":0,"timestamp":1562662836,"path_taken":["M","?","$","?","$","R","E","M","T","M","R","E","M","M","R","BOSS","M","M","$","?","?","R","E","?","T","?","?","E","?","?","R","BOSS","M","?","M","M","?","R","M","M","T","?","E"],"build_version":"2019-01-23","purchased_purges":2,"victory":false,"max_hp_per_floor":[75,75,75,75,75,75,75,75,75,75,75,75,75,75,75,75,75,75,75,75,75,75,75,75,75,75,75,75,82,82,82,82,82,82,82,82,82,82,72,72,72,72,72,72,72],"card_choices":[{"not_picked":["Leap","Beam Cell"],"picked":"Cold Snap","floor":1.0},{"not_picked":["Tempest","Beam Cell"],"picked":"Compile Driver","floor":7.0},{"not_picked":["Scrape","Beam Cell"],"picked":"Sweeping Beam","floor":8.0},{"not_picked":["Streamline","Lockon"],"picked":"Defragment","floor":10.0},{"not_picked":["Turbo","Barrage"],"picked":"Machine Learning","floor":12.0},{"not_picked":["Sweeping Beam","Hologram","Hello World"],"picked":"SKIP","floor":13.0},{"not_picked":["Leap","Auto Shields","BootSequence"],"picked":"SKIP","floor":14.0},{"not_picked":["Electrodynamics","Rainbow"],"picked":"Buffer","floor":16.0},{"not_picked":["Rebound","Compile Driver","Beam Cell+1"],"picked":"SKIP","floor":18.0},{"not_picked":["Compile Driver","Beam Cell+1"],"picked":"Rebound","floor":18.0},{"not_picked":["Sweeping Beam","Leap","Blizzard"],"picked":"SKIP","floor":19.0},{"not_picked":["Conserve Battery","Reprogram"],"picked":"Self Repair+1","floor":22.0},{"not_picked":["Cold Snap","Barrage"],"picked":"Darkness","floor":24.0},{"not_picked":["Beam Cell","Fusion"],"picked":"FTL","floor":29.0},{"not_picked":["Rebound","Compile Driver+1","Leap"],"picked":"SKIP","floor":35},{"not_picked":["Go for the Eyes","Blizzard"],"picked":"Stack+1","floor":37},{"not_picked":["Steam+1","Compile Driver","Gash"],"picked":"SKIP","floor":38},{"not_picked":["Stack","Sweeping Beam"],"picked":"Steam+1","floor":41},{"not_picked":["Go for the Eyes","Steam"],"picked":"Hologram","floor":42},{"not_picked":["Forethought","Jack Of All Trades"],"picked":"Blind","floor":44},{"not_picked":["Forethought","Bandage Up"],"picked":"Flash of Steel+1","floor":44}],"player_experience":340463,"relics_obtained":[{"floor":7.0,"key":"Emotion Chip"},{"floor":9.0,"key":"Kunai"},{"floor":12.0,"key":"Bag of Preparation"},{"floor":24.0,"key":"Juzu Bracelet"},{"floor":26.0,"key":"Pen Nib"},{"floor":29.0,"key":"Strawberry"},{"floor":31.0,"key":"Red Mask"},{"floor":43,"key":"Molten Egg 2"}],"event_choices":[{"damage_healed":0.0,"max_hp_gain":0.0,"max_hp_loss":0.0,"gold_gain":175.0,"event_name":"Liars Game","player_choice":"AGREE","floor":2.0,"gold_loss":0.0,"damage_taken":0.0,"cards_obtained":["Doubt"]},{"damage_healed":0.0,"max_hp_gain":0.0,"max_hp_loss":0.0,"gold_gain":0.0,"event_name":"Scrap Ooze","player_choice":"Success","floor":4.0,"gold_loss":0.0,"damage_taken":18.0,"relics_obtained":["Potion Belt"]},{"damage_healed":0.0,"max_hp_gain":0.0,"max_hp_loss":0.0,"gold_gain":0.0,"event_name":"WeMeetAgain","player_choice":"Gave Potion","floor":21.0,"gold_loss":0.0,"damage_taken":0.0,"relics_obtained":["Vajra"]},{"cards_removed":["Aggregate"],"damage_healed":54.0,"max_hp_gain":0.0,"max_hp_loss":0.0,"gold_gain":0.0,"event_name":"Bonfire Elementals","player_choice":"Offered Uncommon","floor":25.0,"gold_loss":0.0,"damage_taken":0.0},{"damage_healed":0.0,"max_hp_gain":0.0,"max_hp_loss":0.0,"gold_gain":0.0,"cards_transformed":["Strike_B"],"event_name":"Transmorgrifier","player_choice":"Transformed","floor":27.0,"gold_loss":0.0,"damage_taken":0.0,"cards_obtained":["Steam Power"]},{"damage_healed":0.0,"max_hp_gain":0.0,"max_hp_loss":0.0,"gold_gain":0.0,"event_name":"The Mausoleum","player_choice":"Opened","floor":30.0,"gold_loss":0.0,"damage_taken":0.0,"relics_obtained":["Boot"],"cards_obtained":["Writhe"]},{"damage_healed":0.0,"max_hp_gain":0.0,"max_hp_loss":0.0,"gold_gain":0.0,"event_name":"Masked Bandits","player_choice":"Fought Bandits","floor":31.0,"gold_loss":0.0,"damage_taken":0.0},{"damage_healed":0,"gold_gain":0,"player_choice":"Ignored","damage_taken":0,"max_hp_gain":0,"max_hp_loss":0,"event_name":"Mysterious Sphere","floor":36,"gold_loss":0},{"damage_healed":72,"gold_gain":0,"player_choice":"Heal","damage_taken":0,"max_hp_gain":0,"max_hp_loss":10,"event_name":"The Moai Head","floor":39,"gold_loss":0},{"damage_healed":0,"gold_gain":0,"player_choice":"Memory 2","damage_taken":5,"max_hp_gain":0,"max_hp_loss":0,"event_name":"SensoryStone","floor":44,"gold_loss":0}],"is_beta":false,"boss_relics":[{"not_picked":["Cursed Key","Runic Dome"],"picked":"Astrolabe"},{"not_picked":["Fusion Hammer","Eternal Feather"],"picked":"Lizard Tail"}],"items_purged_floors":[3,20],"is_endless":false,"potions_floor_spawned":[12,13,16,19,29,37,41],"killed_by":"Reptomancer","ascension_level":12}