{"gold_per_floor":[213,388,388,405,2,36,36,13,13,13,43,89,108,121,121,223,223,233,233,233,233,252,283,23,23,23,39,39,57,86,86,86,86],"floor_reached":33,"playtime":2003,"items_purged":["Doubt"],"score":316,"play_id":"d42f49ff-0537-42fc-b13d-35a295d042b2","local_time":"20190628013155","is_ascension_mode":false,"campfire_choices":[{"data":"Pommel Strike","floor":7,"key":"SMITH"},{"data":"Armaments","floor":15,"key":"SMITH"},{"data":"Shame","floor":28,"key":"PURGE"},{"floor":32,"key":"REST"}],"neow_cost":"NONE","seed_source_timestamp":21155525951304,"circlet_count":0,"master_deck":["Strike_R","Strike_R","Strike_R","Strike_R","Strike_R","Defend_R","Defend_R","Defend_R","Defend_R","Bash","Ghostly Armor","Perfected Strike","Rampage","Pommel Strike+1","Headbutt","Armaments+1","Heavy Blade","Impervious","Shrug It Off+1","Pommel Strike+1","Limit Break","Sadistic Nature","Battle Trance","Twin Strike","Shrug It Off","Shockwave"],"relics":["Burning Blood","Mummified Hand","Bottled Flame","Peace Pipe","Meat on the Bone","Pen Nib","Fusion Hammer","Oddly Smooth Stone","Gambling Chip","Bottled Lightning","Magic Flower"],"potions_floor_usage":[11,16,23,33],"damage_taken":[{"damage":3,"enemies":"Jaw Worm","floor":1,"turns":5},{"damage":7,"enemies":"Small Slimes","floor":4,"turns":5},{"damage":27,"enemies":"Gremlin Nob","floor":6,"turns":4},{"damage":31,"enemies":"3 Sentries","floor":11,"turns":6},{"damage":0,"enemies":"2 Louse","floor":13,"turns":3},{"damage":10,"enemies":"Looter","floor":14,"turns":2},{"damage":55,"enemies":"Hexaghost","floor":16,"turns":9},{"damage":17,"enemies":"Spheric Guardian","floor":18,"turns":4},{"damage":9,"enemies":"Shell Parasite","floor":22,"turns":5},{"damage":0,"enemies":"Book of Stabbing","floor":23,"turns":5},{"damage":7,"enemies":"Sentry and Sphere","floor":27,"turns":4},{"damage":0,"enemies":"Cultist and Chosen","floor":29,"turns":6},{"damage":37,"enemies":"Slavers","floor":30,"turns":8},{"damage":99,"enemies":"Champ","floor":33,"turns":9}],"seed_played":"-5471601626361492129","potions_obtained":[{"floor":1,"key":"BloodPotion"},{"floor":11,"key":"Poison Potion"},{"floor":22,"key":"Block Potion"},{"floor":23,"key":"SteroidPotion"}],"is_trial":false,"path_per_floor":["M","?","?","M","$","E","R","$","T","?","E","T","M","M","R","B",null,"M","?","?","?","M","E","$","?","T","M","R","M","E","?","R","B"],"character_chosen":"IRONCLAD","items_purchased":["Mummified Hand","Rampage","Headbutt","Sadistic Nature","Battle Trance"],"campfire_rested":1,"item_purchase_floors":[5,5,8,24,24],"current_hp_per_floor":[80,80,85,84,84,63,63,63,63,63,46,46,52,60,60,23,85,74,74,74,74,71,77,77,77,77,76,76,82,51,51,76,0],"gold":86,"neow_bonus":"HUNDRED_GOLD","is_prod":false,"is_daily":false,"chose_seed":false,"campfire_upgraded":2,"win_rate":0,"timestamp":1561678315,"path_taken":["M","?","?","M","$","E","R","$","T","?","E","?","M","M","R","BOSS","M","?","?","?","?","E","?","?","T","?","R","M","E","?","R","BOSS"],"build_version":"2019-01-23","purchased_purges":1,"victory":false,"max_hp_per_floor":[80,80,85,85,85,85,85,85,85,85,85,85,85,85,85,85,85,85,85,85,85,85,85,85,85,85,85,85,85,85,85,85,85],"card_choices":[{"not_picked":["Infernal Blade","Sword Boomerang"],"picked":"Ghostly Armor","floor":1},{"not_picked":["Armaments","Warcry"],"picked":"Perfected Strike","floor":4},{"not_picked":["Flex","Heavy Blade"],"picked":"Pommel Strike","floor":6},{"not_picked":["Body Slam","Thunderclap"],"picked":"Armaments","floor":11},{"not_picked":["Perfected Strike","Clash"],"picked":"Heavy Blade","floor":13},{"not_picked":["Headbutt","Rupture","Armaments"],"picked":"SKIP","floor":14},{"not_picked":["Dark Embrace","Offering"],"picked":"Impervious","floor":16},{"not_picked":["Clothesline","Pommel Strike+1"],"picked":"Shrug It Off+1","floor":18},{"not_picked":["Clash","Body Slam"],"picked":"Pommel Strike+1","floor":22},{"not_picked":["Disarm","Hemokinesis"],"picked":"Limit Break","floor":23},{"not_picked":["Dropkick","Battle Trance"],"picked":"Twin Strike","floor":27},{"not_picked":["Ghostly Armor","Pommel Strike"],"picked":"Shrug It Off","floor":29},{"not_picked":["Body Slam","Shrug It Off"],"picked":"Shockwave","floor":30}],"player_experience":23789,"relics_obtained":[{"floor":6,"key":"Bottled Flame"},{"floor":9,"key":"Peace Pipe"},{"floor":11,"key":"Meat on the Bone"},{"floor":12,"key":"Pen Nib"},{"floor":23,"key":"Gambling Chip"},{"floor":26,"key":"Bottled Lightning"},{"floor":30,"key":"Magic Flower"}],"event_choices":[{"damage_healed":0,"gold_gain":175,"player_choice":"AGREE","damage_taken":0,"max_hp_gain":0,"max_hp_loss":0,"event_name":"Liars Game","floor":2,"gold_loss":0,"cards_obtained":["Doubt"]},{"damage_healed":0,"gold_gain":0,"player_choice":"Donut","damage_taken":0,"max_hp_gain":5,"max_hp_loss":0,"event_name":"Big Fish","floor":3,"gold_loss":0},{"damage_healed":0,"gold_gain":0,"player_choice":"Ignored","damage_taken":0,"max_hp_gain":0,"max_hp_loss":0,"event_name":"Shining Light","floor":10,"gold_loss":0},{"damage_healed":0,"gold_gain":0,"player_choice":"Ignored","damage_taken":0,"max_hp_gain":0,"max_hp_loss":0,"event_name":"Beggar","floor":19,"gold_loss":0},{"damage_healed":0,"gold_gain":0,"player_choice":"Opened","damage_taken":0,"relics_obtained":["Oddly Smooth Stone"],"max_hp_gain":0,"max_hp_loss":0,"event_name":"The Mausoleum","floor":20,"gold_loss":0,"cards_obtained":["Writhe"]},{"damage_healed":0,"gold_gain":0,"player_choice":"Ignored","damage_taken":0,"max_hp_gain":0,"max_hp_loss":0,"event_name":"NoteForYourself","floor":21,"gold_loss":0},{"damage_healed":0,"gold_gain":0,"cards_transformed":["Writhe"],"player_choice":"Transformed","damage_taken":0,"max_hp_gain":0,"max_hp_loss":0,"event_name":"Transmorgrifier","floor":25,"gold_loss":0,"cards_obtained":["Shame"]},{"damage_healed":0,"gold_gain":0,"player_choice":"Ignored","damage_taken":0,"max_hp_gain":0,"max_hp_loss":0,"event_name":"Ghosts","floor":31,"gold_loss":0}],"is_beta":false,"boss_relics":[{"not_picked":["Snecko Eye","Coffee Dripper"],"picked":"Fusion Hammer"}],"items_purged_floors":[5],"is_endless":false,"potions_floor_spawned":[1,11,22,23],"killed_by":"Champ","ascension_level":0}