{"gold_per_floor":[19,30,205,222,238,263,263,263,286,305,338,352,427,447,447,447],"floor_reached":16,"playtime":1818,"items_purged":[],"score":120,"play_id":"edba56cc-ca6a-4fd2-850f-f5cc39f6b1bf","local_time":"20190527141528","is_ascension_mode":true,"campfire_choices":[{"floor":8.0,"key":"REST"},{"floor":15.0,"key":"REST"}],"neow_cost":"NO_GOLD","seed_source_timestamp":1004554187560453,"circlet_count":0,"master_deck":["Defend_G","Defend_G","Defend_G","Defend_G","Defend_G","Strike_G","Strike_G","Strike_G","Strike_G","Strike_G","Survivor","Neutralize","Cloak And Dagger","Doubt","Slice","Sucker Punch","Deflect","Masterful Stab","Calculated Gamble","Dodge and Roll","Poisoned Stab"],"special_seed":0,"relics":["Ring of the Snake","Calipers","Snake Skull","Strawberry","Centennial Puzzle","Happy Flower"],"potions_floor_usage":[],"damage_taken":[{"damage":0.0,"enemies":"2 Louse","floor":1.0,"turns":4.0},{"damage":0.0,"enemies":"Cultist","floor":2.0,"turns":4.0},{"damage":0.0,"enemies":"Small Slimes","floor":4.0,"turns":3.0},{"damage":0.0,"enemies":"Blue Slaver","floor":5.0,"turns":5.0},{"damage":37.0,"enemies":"Gremlin Nob","floor":6.0,"turns":5.0},{"damage":0.0,"enemies":"Exordium Wildlife","floor":10.0,"turns":6.0},{"damage":45.0,"enemies":"Lagavulin","floor":11.0,"turns":14.0},{"damage":4.0,"enemies":"Red Slaver","floor":12.0,"turns":4.0},{"damage":1.0,"enemies":"Large Slime","floor":14.0,"turns":9.0},{"damage":31,"enemies":"Slime Boss","floor":16,"turns":7}],"seed_played":"5819405662196667159","potions_obtained":[{"floor":2.0,"key":"GamblersBrew"},{"floor":5.0,"key":"GamblersBrew"},{"floor":10.0,"key":"SneckoOil"},{"floor":12.0,"key":"Ancient Potion"}],"is_trial":false,"path_per_floor":["?","?","M","?"],"character_chosen":"THE_SILENT","items_purchased":[],"campfire_rested":2,"item_purchase_floors":[],"current_hp_per_floor":[70,70,70,70,70,33,40,63,63,63,18,14,3,2,25,0],"gold":447,"neow_bonus":"ONE_RARE_RELIC","is_prod":false,"is_daily":false,"chose_seed":false,"campfire_upgraded":0,"win_rate":0,"timestamp":1558955728,"path_taken":["M","M","?","M","M","E","?","R","T","?","E","M","?","M","R","BOSS"],"build_version":"2019-01-23","purchased_purges":0,"victory":false,"max_hp_per_floor":[70,70,70,70,70,70,77,77,77,77,77,77,77,77,77,77],"card_choices":[{"not_picked":["Underhanded Strike","Prepared"],"picked":"Slice","floor":1.0},{"not_picked":["Deadly Poison","Caltrops"],"picked":"Cloak And Dagger","floor":2.0},{"not_picked":["Predator","Underhanded Strike"],"picked":"Slice","floor":4.0},{"not_picked":["Blur","Cloak And Dagger"],"picked":"Sucker Punch","floor":5.0},{"not_picked":["Bane","Sucker Punch"],"picked":"Deflect","floor":6.0},{"not_picked":["Dagger Throw","Terror"],"picked":"Masterful Stab","floor":10.0},{"not_picked":["Escape Plan","Outmaneuver"],"picked":"Calculated Gamble","floor":11.0},{"not_picked":["A Thousand Cuts","Calculated Gamble"],"picked":"Dodge and Roll","floor":12.0},{"not_picked":["All Out Attack","Distraction"],"picked":"Poisoned Stab","floor":14.0}],"player_experience":114936,"relics_obtained":[{"floor":6.0,"key":"Snake Skull"},{"floor":9.0,"key":"Centennial Puzzle"},{"floor":11.0,"key":"Happy Flower"}],"event_choices":[{"damage_healed":0.0,"max_hp_gain":0.0,"max_hp_loss":0.0,"gold_gain":175.0,"event_name":"Liars Game","player_choice":"AGREE","floor":3.0,"gold_loss":0.0,"damage_taken":0.0,"cards_obtained":["Doubt"]},{"cards_removed":["Slice"],"damage_healed":0.0,"max_hp_gain":0.0,"max_hp_loss":0.0,"gold_gain":0.0,"event_name":"WeMeetAgain","player_choice":"Gave Card","floor":7.0,"gold_loss":0.0,"damage_taken":0.0,"relics_obtained":["Strawberry"]},{"damage_healed":0.0,"max_hp_gain":0.0,"max_hp_loss":0.0,"gold_gain":75.0,"event_name":"World of Goop","player_choice":"Gather Gold","floor":13.0,"gold_loss":0.0,"damage_taken":11.0}],"is_beta":false,"boss_relics":[],"items_purged_floors":[],"is_endless":false,"potions_floor_spawned":[2,5,10,12],"killed_by":"Slime Boss","ascension_level":1}