{"gold_per_floor":[114,114,64,25,25,63,63,101,101,276,276,314,333,352,352,477,477,496,421,421,520,445,483,502,502],"floor_reached":25,"playtime":1608,"items_purged":[],"score":235,"play_id":"19aa52a4-4730-4d06-b864-f1e0132d2cac","local_time":"20190509212023","daily_mods":["Chimera","ControlledChaos","Elite Swarm"],"is_ascension_mode":false,"campfire_choices":[{"floor":11,"key":"REST"},{"floor":15,"key":"REST"}],"neow_cost":"","seed_source_timestamp":0,"circlet_count":0,"master_deck":["Bash","Survivor","Zap+1","Strike_R","Strike_G","Strike_B","Defend_R","Defend_G","Acrobatics","Noxious Fumes","Venomology+1","Envenom","Backstab","Burst","Acrobatics+1","Distraction","A Thousand Cuts+1","Cloak And Dagger"],"special_seed":18026,"relics":["Ring of the Snake","Frozen Eye","Calipers","Golden Idol","Smiling Mask","War Paint","Question Card","Bag of Marbles","Coffee Dripper","Frozen Egg 2"],"potions_floor_usage":[6,8,12,13,14,14,16,16,18,22,23,24,24],"damage_taken":[{"damage":11,"enemies":"2 Louse","floor":1,"turns":2},{"damage":5,"enemies":"3 Sentries","floor":6,"turns":4},{"damage":35,"enemies":"Gremlin Nob","floor":8,"turns":4},{"damage":24,"enemies":"Lagavulin","floor":12,"turns":6},{"damage":1,"enemies":"Jaw Worm","floor":13,"turns":5},{"damage":0,"enemies":"Small Slimes","floor":14,"turns":1},{"damage":34,"enemies":"The Guardian","floor":16,"turns":8},{"damage":16,"enemies":"Chosen","floor":18,"turns":5},{"damage":12,"enemies":"2 Thieves","floor":22,"turns":5},{"damage":34,"enemies":"Book of Stabbing","floor":23,"turns":5},{"damage":0,"enemies":"Centurion and Healer","floor":24,"turns":3},{"damage":12,"enemies":"Slavers","floor":25,"turns":1}],"seed_played":"4631106122310564373","potions_obtained":[{"floor":1,"key":"EssenceOfSteel"},{"floor":13,"key":"SkillPotion"},{"floor":14,"key":"Regen Potion"},{"floor":23,"key":"Energy Potion"}],"is_trial":false,"path_per_floor":["M","?","?","$","?","E","$","E","T","?","R","E","M","M","R","B",null,"M","?","?","?","M","E","M","E"],"character_chosen":"THE_SILENT","items_purchased":["Noxious Fumes"],"campfire_rested":2,"item_purchase_floors":[4],"current_hp_per_floor":[59,47,47,47,47,42,42,7,7,7,26,2,1,1,20,1,65,49,49,49,49,37,3,3,0],"gold":502,"neow_bonus":"","is_prod":false,"is_daily":true,"chose_seed":false,"campfire_upgraded":0,"win_rate":0.0,"timestamp":1557451223,"path_taken":["M","?","?","$","?","E","?","E","T","?","R","E","?","M","R","BOSS","M","?","?","?","M","E","M","E"],"build_version":"2019-01-23","purchased_purges":0,"victory":false,"max_hp_per_floor":[70,70,70,70,65,65,65,65,65,65,65,65,65,65,65,65,65,65,65,65,65,65,65,65,65],"card_choices":[{"not_picked":["Concentrate","Poisoned Stab"],"picked":"Acrobatics","floor":1},{"not_picked":["Corpse Explosion","Adrenaline"],"picked":"Venomology","floor":6},{"not_picked":["Doppelganger","Venomology"],"picked":"Envenom","floor":8},{"not_picked":["Grand Finale","Storm of Steel","Wraith Form v2","Unload"],"picked":"SKIP","floor":12},{"not_picked":["Blade Dance","Backflip","Terror"],"picked":"Backstab","floor":13},{"not_picked":["PiercingWail","Dodge and Roll","Blade Dance","Quick Slash"],"picked":"SKIP","floor":14},{"not_picked":["Adrenaline","Grand Finale","Bullet Time"],"picked":"Burst","floor":16},{"not_picked":["Blade Dance+1","Dagger Spray","Deflect"],"picked":"Acrobatics+1","floor":18},{"not_picked":["Acrobatics","Slice","Quick Slash"],"picked":"Distraction","floor":22},{"not_picked":["Night Terror","Doppelganger","Grand Finale"],"picked":"A Thousand Cuts","floor":23},{"not_picked":["Finisher","Expertise+1","PiercingWail"],"picked":"Cloak And Dagger","floor":24}],"player_experience":96349,"relics_obtained":[{"floor":6,"key":"Smiling Mask"},{"floor":8,"key":"War Paint"},{"floor":9,"key":"Question Card"},{"floor":12,"key":"Bag of Marbles"},{"floor":23,"key":"Frozen Egg 2"}],"event_choices":[{"damage_healed":0,"gold_gain":0,"player_choice":"Success","damage_taken":12,"relics_obtained":["Calipers"],"max_hp_gain":0,"max_hp_loss":0,"event_name":"Scrap Ooze","floor":2,"gold_loss":0},{"cards_removed":["Defend_B"],"damage_healed":0,"gold_gain":0,"player_choice":"Card Removal","damage_taken":0,"max_hp_gain":0,"max_hp_loss":0,"event_name":"The Cleric","floor":3,"gold_loss":50},{"damage_healed":0,"gold_gain":0,"player_choice":"Lose Max HP","damage_taken":0,"relics_obtained":["Golden Idol"],"max_hp_gain":0,"max_hp_loss":5,"event_name":"Golden Idol","floor":5,"gold_loss":0},{"damage_healed":0,"gold_gain":175,"player_choice":"AGREE","damage_taken":0,"max_hp_gain":0,"max_hp_loss":0,"event_name":"Liars Game","floor":10,"gold_loss":0,"cards_obtained":["Doubt"]},{"cards_removed":["Doubt"],"damage_healed":0,"gold_gain":0,"player_choice":"Gave Gold","damage_taken":0,"max_hp_gain":0,"max_hp_loss":0,"event_name":"Beggar","floor":19,"gold_loss":75},{"damage_healed":0,"gold_gain":0,"player_choice":"Ignored","damage_taken":0,"max_hp_gain":0,"max_hp_loss":0,"event_name":"Ghosts","floor":20,"gold_loss":0},{"damage_healed":0,"gold_gain":99,"player_choice":"Stole From Cult","damage_taken":0,"max_hp_gain":0,"max_hp_loss":0,"event_name":"Nest","floor":21,"gold_loss":0}],"is_beta":false,"boss_relics":[{"not_picked":["Tiny House","Sozu"],"picked":"Coffee Dripper"}],"items_purged_floors":[],"is_endless":false,"potions_floor_spawned":[1,13,14,23],"killed_by":"Slavers","ascension_level":0}