{"gold_per_floor":[109,119,119,133,145,172,199,231,231,260,286,321,356,374,374,471,471,491,503,163,182,194,220,235,261,285,317,647,660,719,734,734,833,833,843,871,903,915,409,436,464,496,520,555,580,237,272,89,89,89],"floor_reached":51,"playtime":5567,"items_purged":["Hyperbeam"],"score":1607,"play_id":"bf0c3e7c-b5cb-496f-b481-9976acef770f","local_time":"20190616204253","daily_mods":["Draft","Shiny","Vintage","Allstar","Heirloom","Time Dilation","Flight","Elite Swarm","Binary"],"is_ascension_mode":true,"campfire_choices":[{"data":"Creative AI","floor":15.0,"key":"SMITH"},{"data":"Heatsinks","floor":32,"key":"SMITH"},{"data":"Seek","floor":49,"key":"SMITH"}],"neow_cost":"","seed_source_timestamp":0,"circlet_count":0,"master_deck":["Multi-Cast","Thunder Strike","Biased Cognition","Machine Learning","Electrodynamics","Buffer","Rainbow","Seek+1","Meteor Strike+1","Echo Form","All For One","Reboot","Amplify","Creative AI+1","Fission","Core Surge+1","Turbo","Conserve Battery","Cold Snap","Genetic Algorithm","Hologram","Self Repair","Conserve Battery","Chaos+1","Redo","Stack+1","Turbo","Heatsinks+1","Go for the Eyes","Aggregate","Hologram","Loop","Barrage","Blind","Capacitor","Coolheaded+1","Ball Lightning+1","Conserve Battery+1","Gash+1","Heatsinks+1","Mind Blast+1","Panache","Hologram+1","Loop","Metamorphosis+1"],"special_seed":0,"relics":["Cracked Core","Busted Crown","Dead Branch","Blood Vial","Boot","Strawberry","Shuriken","Juzu Bracelet","Emotion Chip","Du-Vu Doll","War Paint","Matryoshka","Calipers","Bottled Lightning","Centennial Puzzle","Mummified Hand","Nuclear Battery","Gremlin Horn","Potion Belt","Oddly Smooth Stone","Thread and Needle","Toxic Egg 2","Orichalcum","Bag of Preparation","Regal Pillow","Bottled Flame","Bronze Scales","Molten Egg 2","Old Coin","Letter Opener","Tiny Chest","Ancient Tea Set","Philosopher\u0027s Stone","MawBank","FossilizedHelix","StoneCalendar","Membership Card","DataDisk","Cables","Smiling Mask","Dream Catcher","Vajra","Happy Flower","PreservedInsect","Pen Nib","Gambling Chip","Whetstone","DollysMirror","Unceasing Top"],"potions_floor_usage":[23,23,23,27,41],"damage_taken":[{"damage":0.0,"enemies":"2 Louse","floor":1.0,"turns":1.0},{"damage":0.0,"enemies":"Small Slimes","floor":2.0,"turns":1.0},{"damage":0.0,"enemies":"Cultist","floor":4.0,"turns":1.0},{"damage":0.0,"enemies":"3 Louse","floor":5.0,"turns":2.0},{"damage":4.0,"enemies":"Gremlin Nob","floor":6.0,"turns":4.0},{"damage":0.0,"enemies":"Lagavulin","floor":7.0,"turns":4.0},{"damage":0.0,"enemies":"3 Sentries","floor":8.0,"turns":3.0},{"damage":0.0,"enemies":"Gremlin Nob","floor":10.0,"turns":6.0},{"damage":0.0,"enemies":"Lagavulin","floor":11.0,"turns":6.0},{"damage":0.0,"enemies":"3 Sentries","floor":12.0,"turns":3.0},{"damage":0.0,"enemies":"Gremlin Nob","floor":13.0,"turns":2.0},{"damage":0.0,"enemies":"Large Slime","floor":14.0,"turns":2.0},{"damage":19.0,"enemies":"Hexaghost","floor":16.0,"turns":3.0},{"damage":0.0,"enemies":"3 Byrds","floor":18.0,"turns":2.0},{"damage":0.0,"enemies":"Chosen","floor":19.0,"turns":1.0},{"damage":0,"enemies":"Snake Plant","floor":21,"turns":2},{"damage":0,"enemies":"3 Cultists","floor":22,"turns":2},{"damage":0,"enemies":"Slavers","floor":23,"turns":2},{"damage":0,"enemies":"Centurion and Healer","floor":24,"turns":1},{"damage":0,"enemies":"Book of Stabbing","floor":25,"turns":2},{"damage":0,"enemies":"Slavers","floor":27,"turns":1},{"damage":0,"enemies":"Gremlin Leader","floor":28,"turns":1},{"damage":0,"enemies":"Cultist and Chosen","floor":29,"turns":3},{"damage":0,"enemies":"Slavers","floor":30,"turns":1},{"damage":0,"enemies":"Snecko","floor":31,"turns":2},{"damage":8,"enemies":"Collector","floor":33,"turns":3},{"damage":0,"enemies":"3 Shapes","floor":35,"turns":1},{"damage":0,"enemies":"3 Darklings","floor":36,"turns":1},{"damage":0,"enemies":"Spire Growth","floor":37,"turns":2},{"damage":0,"enemies":"Reptomancer","floor":40,"turns":2},{"damage":0,"enemies":"Giant Head","floor":41,"turns":4},{"damage":0,"enemies":"Nemesis","floor":42,"turns":1},{"damage":0,"enemies":"Giant Head","floor":44,"turns":1},{"damage":0,"enemies":"Reptomancer","floor":45,"turns":1},{"damage":0,"enemies":"Giant Head","floor":47,"turns":3},{"damage":0,"enemies":"Awakened One","floor":50,"turns":2}],"seed_played":"2608316639789536231","potions_obtained":[{"floor":1.0,"key":"SneckoOil"},{"floor":6.0,"key":"GamblersBrew"},{"floor":7.0,"key":"Swift Potion"},{"floor":14.0,"key":"Energy Potion"},{"floor":21,"key":"Regen Potion"},{"floor":24,"key":"SkillPotion"},{"floor":27,"key":"Explosive Potion"},{"floor":28,"key":"FearPotion"},{"floor":29,"key":"Strength Potion"},{"floor":33,"key":"Swift Potion"},{"floor":36,"key":"Regen Potion"},{"floor":38,"key":"FairyPotion"},{"floor":44,"key":"Block Potion"},{"floor":45,"key":"FocusPotion"}],"is_trial":true,"path_per_floor":["?","?"],"character_chosen":"DEFECT","items_purchased":["Loop","Oddly Smooth Stone","Barrage","Blind","Membership Card","Capacitor","Coolheaded+1","Ball Lightning+1","DataDisk","Cables","Conserve Battery+1","Gash+1","Whetstone","DollysMirror","Mind Blast+1","Panache","Hologram+1","Loop","Metamorphosis+1"],"campfire_rested":0,"item_purchase_floors":[20,20,20,20,39,39,39,39,39,39,39,39,46,46,46,46,46,48,48],"current_hp_per_floor":[75,75,80,87,87,87,87,87,87,87,87,87,87,87,87,75,87,87,87,87,87,87,87,87,87,87,87,87,87,87,87,87,86,87,87,87,87,87,87,87,87,87,87,87,87,87,87,87,87,87],"gold":89,"neow_bonus":"","is_prod":false,"is_daily":false,"chose_seed":false,"campfire_upgraded":3,"win_rate":0,"timestamp":1560706973,"path_taken":["M","M","?","M","M","E","E","E","T","E","E","E","E","M","R","BOSS","M","M","$","M","M","E","M","E","T","E","E","M","E","M","R","BOSS","M","M","M","?","$","E","E","E","T","E","E","$","E","$","R","BOSS"],"build_version":"2019-01-23","purchased_purges":1,"victory":true,"max_hp_per_floor":[75,75,80,87,87,87,87,87,87,87,87,87,87,87,87,87,87,87,87,87,87,87,87,87,87,87,87,87,87,87,87,87,87,87,87,87,87,87,87,87,87,87,87,87,87,87,87,87,87,87],"card_choices":[{"not_picked":["Streamline","Gash"],"picked":"Turbo","floor":0.0},{"not_picked":["Sweeping Beam","Turbo"],"picked":"Conserve Battery","floor":0.0},{"not_picked":["Undo","Beam Cell"],"picked":"Cold Snap","floor":0.0},{"not_picked":["Beam Cell","Defragment"],"picked":"Genetic Algorithm","floor":0.0},{"not_picked":["Coolheaded","Redo"],"picked":"Hologram","floor":0.0},{"not_picked":["Turbo","Genetic Algorithm"],"picked":"Self Repair","floor":0.0},{"not_picked":["Hologram","Sunder"],"picked":"Conserve Battery","floor":0.0},{"not_picked":["Lockon","Double Energy"],"picked":"Chaos","floor":0.0},{"not_picked":["Self Repair","Streamline"],"picked":"Redo","floor":0.0},{"not_picked":["Self Repair","Cold Snap"],"picked":"Stack","floor":0.0},{"not_picked":["Stack","Blizzard"],"picked":"Turbo","floor":0.0},{"not_picked":["Beam Cell","Chaos"],"picked":"Heatsinks","floor":0.0},{"not_picked":["Defragment","Conserve Battery"],"picked":"Go for the Eyes","floor":0.0},{"not_picked":["Undo","Sunder"],"picked":"Aggregate","floor":0.0},{"not_picked":["Steam Power","Redo"],"picked":"Hologram","floor":0.0}],"player_experience":174859,"relics_obtained":[{"floor":1.0,"key":"Blood Vial"},{"floor":2.0,"key":"Boot"},{"floor":4.0,"key":"Strawberry"},{"floor":5.0,"key":"Shuriken"},{"floor":6.0,"key":"Juzu Bracelet"},{"floor":7.0,"key":"Emotion Chip"},{"floor":8.0,"key":"Du-Vu Doll"},{"floor":9.0,"key":"War Paint"},{"floor":10.0,"key":"Matryoshka"},{"floor":11.0,"key":"Calipers"},{"floor":12.0,"key":"Bottled Lightning"},{"floor":13.0,"key":"Centennial Puzzle"},{"floor":14.0,"key":"Mummified Hand"},{"floor":18.0,"key":"Gremlin Horn"},{"floor":19.0,"key":"Potion Belt"},{"floor":21,"key":"Thread and Needle"},{"floor":22,"key":"Toxic Egg 2"},{"floor":23,"key":"Orichalcum"},{"floor":24,"key":"Bag of Preparation"},{"floor":25,"key":"Regal Pillow"},{"floor":26,"key":"Bottled Flame"},{"floor":26,"key":"Bronze Scales"},{"floor":27,"key":"Molten Egg 2"},{"floor":28,"key":"Old Coin"},{"floor":29,"key":"Letter Opener"},{"floor":30,"key":"Tiny Chest"},{"floor":31,"key":"Ancient Tea Set"},{"floor":35,"key":"MawBank"},{"floor":36,"key":"FossilizedHelix"},{"floor":37,"key":"StoneCalendar"},{"floor":40,"key":"Smiling Mask"},{"floor":41,"key":"Dream Catcher"},{"floor":42,"key":"Vajra"},{"floor":43,"key":"Happy Flower"},{"floor":43,"key":"PreservedInsect"},{"floor":44,"key":"Pen Nib"},{"floor":45,"key":"Gambling Chip"},{"floor":47,"key":"Unceasing Top"}],"event_choices":[{"damage_healed":0.0,"max_hp_gain":5.0,"max_hp_loss":0.0,"gold_gain":0.0,"event_name":"Big Fish","player_choice":"Donut","floor":3.0,"gold_loss":0.0,"damage_taken":0.0},{"damage_healed":0,"gold_gain":0,"player_choice":"Got Potions","damage_taken":0,"max_hp_gain":0,"max_hp_loss":0,"event_name":"Lab","floor":38,"gold_loss":0}],"is_beta":false,"boss_relics":[{"not_picked":["Velvet Choker","Ectoplasm"],"picked":"Nuclear Battery"},{"not_picked":["Astrolabe","Calling Bell"],"picked":"Philosopher\u0027s Stone"}],"items_purged_floors":[48],"is_endless":false,"potions_floor_spawned":[1,6,7,8,11,14,16,18,21,24,27,28,29,33,36,37,44,45],"ascension_level":1}