{"gold_per_floor":[109,24,199,209,219,219,252,252,304,321,271,284,284,318,318,413,413,429,445,445,115,8,8,24,24,24,24],"floor_reached":27,"playtime":4712,"items_purged":["Pain"],"score":343,"play_id":"0bf089e1-4df8-4fb5-9385-8157e326d2f2","local_time":"20190715205537","is_ascension_mode":true,"campfire_choices":[{"data":"Dagger Spray","floor":6.0,"key":"SMITH"},{"data":"Neutralize","floor":8.0,"key":"SMITH"},{"floor":13.0,"key":"REST"},{"data":"Noxious Fumes","floor":15.0,"key":"SMITH"},{"floor":23.0,"key":"REST"},{"floor":25.0,"key":"REST"}],"neow_cost":"TEN_PERCENT_HP_LOSS","seed_source_timestamp":483189588845781,"circlet_count":0,"master_deck":["AscendersBane","Strike_G","Strike_G","Strike_G","Strike_G","Strike_G","Defend_G","Defend_G","Defend_G","Defend_G","Defend_G","Survivor","Neutralize+1","Dagger Spray+1","Deflect","Noxious Fumes+1","Deflect","Flying Knee","Blur","Footwork","Sucker Punch","Blade Dance","Footwork","After Image","Sucker Punch+1","Dash","Bane","Dash","Finisher","Noxious Fumes"],"special_seed":0,"relics":["Ring of the Snake","Nunchaku","Dream Catcher","Potion Belt","Shuriken","Sozu","WarpedTongs","Kunai","Ninja Scroll"],"potions_floor_usage":[],"damage_taken":[{"damage":3.0,"enemies":"Small Slimes","floor":1.0,"turns":6.0},{"damage":3.0,"enemies":"Jaw Worm","floor":4.0,"turns":5.0},{"damage":1.0,"enemies":"Cultist","floor":5.0,"turns":4.0},{"damage":20.0,"enemies":"3 Sentries","floor":7.0,"turns":9.0},{"damage":5.0,"enemies":"Looter","floor":10.0,"turns":4.0},{"damage":3.0,"enemies":"3 Louse","floor":12.0,"turns":4.0},{"damage":16.0,"enemies":"Lagavulin","floor":14.0,"turns":7.0},{"damage":21.0,"enemies":"Slime Boss","floor":16.0,"turns":11.0},{"damage":22.0,"enemies":"2 Thieves","floor":18.0,"turns":5.0},{"damage":26.0,"enemies":"Chosen","floor":19.0,"turns":8.0},{"damage":10.0,"enemies":"Centurion and Healer","floor":24.0,"turns":6.0},{"damage":36,"enemies":"Gremlin Leader","floor":27,"turns":4}],"seed_played":"-8910378739508069807","potions_obtained":[{"floor":1.0,"key":"EssenceOfSteel"},{"floor":5.0,"key":"Explosive Potion"},{"floor":10.0,"key":"EssenceOfSteel"},{"floor":14.0,"key":"Dexterity Potion"}],"is_trial":false,"path_per_floor":["M","$","?","M","M","R","E","R","T","M","?","M","R","E","R","B",null,"M","M","?","$","$","R","M","R","T","E"],"character_chosen":"THE_SILENT","items_purchased":["Deflect","Noxious Fumes","Kunai","Dash","Bane"],"campfire_rested":3,"item_purchase_floors":[2,2,21,22,22],"current_hp_per_floor":[60,60,60,57,56,56,36,36,36,31,31,28,46,30,30,9,50,28,2,2,2,2,20,10,28,28,0],"gold":24,"neow_bonus":"ONE_RARE_RELIC","is_prod":false,"is_daily":false,"chose_seed":false,"campfire_upgraded":3,"win_rate":0,"timestamp":1563238537,"path_taken":["M","$","?","M","M","R","E","R","T","M","?","M","R","E","R","BOSS","M","M","?","?","$","R","M","R","T","E"],"build_version":"2019-07-05","purchased_purges":1,"victory":false,"max_hp_per_floor":[63,63,63,63,63,63,63,63,63,63,63,63,63,63,63,63,63,63,63,63,63,63,63,63,63,63,63],"card_choices":[{"not_picked":["Crippling Poison","Sucker Punch"],"picked":"Dagger Spray","floor":1.0},{"not_picked":["Quick Slash","Acrobatics"],"picked":"Deflect","floor":4.0},{"not_picked":["PiercingWail","Finisher"],"picked":"Flying Knee","floor":5.0},{"not_picked":["Riddle With Holes","Distraction"],"picked":"Blur","floor":7.0},{"not_picked":["Cloak And Dagger","Deflect"],"picked":"Footwork","floor":10.0},{"not_picked":["Underhanded Strike","Calculated Gamble"],"picked":"Sucker Punch","floor":12.0},{"not_picked":["Slice","Poisoned Stab"],"picked":"Blade Dance","floor":13.0},{"not_picked":["Quick Slash","Bane"],"picked":"Footwork","floor":14.0},{"not_picked":["Grand Finale","Die Die Die"],"picked":"After Image","floor":16.0},{"not_picked":["Outmaneuver+1","Prepared","Quick Slash"],"picked":"SKIP","floor":18.0},{"not_picked":["Poisoned Stab","Dagger Spray"],"picked":"Sucker Punch+1","floor":19.0},{"not_picked":["Burst","Flechettes"],"picked":"Dash","floor":23.0},{"not_picked":["Outmaneuver","Underhanded Strike+1"],"picked":"Finisher","floor":24.0},{"not_picked":["Slice","Bouncing Flask"],"picked":"Noxious Fumes","floor":25.0}],"player_experience":623532,"relics_obtained":[{"floor":7.0,"key":"Dream Catcher"},{"floor":9.0,"key":"Potion Belt"},{"floor":14.0,"key":"Shuriken"},{"floor":26.0,"key":"Ninja Scroll"}],"event_choices":[{"damage_healed":0.0,"max_hp_gain":0.0,"max_hp_loss":0.0,"gold_gain":175.0,"event_name":"Liars Game","player_choice":"AGREE","floor":3.0,"gold_loss":0.0,"damage_taken":0.0,"cards_obtained":["Doubt"]},{"cards_removed":["Doubt"],"damage_healed":0.0,"max_hp_gain":0.0,"max_hp_loss":0.0,"gold_gain":0.0,"event_name":"The Cleric","player_choice":"Card Removal","floor":11.0,"gold_loss":50.0,"damage_taken":0.0},{"damage_healed":0.0,"max_hp_gain":0.0,"max_hp_loss":0.0,"gold_gain":0.0,"event_name":"Accursed Blacksmith","player_choice":"Rummage","floor":20.0,"gold_loss":0.0,"damage_taken":0.0,"relics_obtained":["WarpedTongs"],"cards_obtained":["Pain"]}],"is_beta":false,"boss_relics":[{"not_picked":["Velvet Choker","Runic Dome"],"picked":"Sozu"}],"items_purged_floors":[21],"is_endless":false,"potions_floor_spawned":[1,5,10,14,19],"killed_by":"Gremlin Leader","ascension_level":11}