{"gold_per_floor":[114,114,129,129,144,144,159,174,174,174,174,189,189,204,204,304,304,319,244,244,244,259,259,274,289,344,344],"floor_reached":27,"playtime":1141,"items_purged":[],"score":232,"play_id":"1b1e6219-e844-44e5-96d0-3aa8712594bd","local_time":"20190531231253","daily_mods":["Specialized","Blue Cards","Binary"],"is_ascension_mode":false,"campfire_choices":[{"floor":6,"key":"REST"},{"data":"Redo","floor":10,"key":"SMITH"},{"data":"Redo","floor":13,"key":"SMITH"},{"data":"Dagger Spray","floor":15,"key":"SMITH"},{"data":"Dagger Spray","floor":23,"key":"SMITH"}],"neow_cost":"","seed_source_timestamp":0,"circlet_count":0,"master_deck":["Defend_G","Defend_G","Defend_G","Defend_G","Defend_G","Strike_G","Strike_G","Strike_G","Strike_G","Survivor","Neutralize","Redo+1","Redo+1","Redo+1","Redo+1","Ball Lightning","Dagger Spray+1","Ball Lightning","Acrobatics","Adrenaline","Turbo","Flying Knee","J.A.X.","Dagger Spray+1"],"special_seed":18048,"relics":["Ring of the Snake","Mercury Hourglass","Anchor","Orrery","GremlinMask","Tiny Chest"],"potions_floor_usage":[14,16,24,24],"damage_taken":[{"damage":14,"enemies":"Small Slimes","floor":1,"turns":6},{"damage":1,"enemies":"Cultist","floor":3,"turns":4},{"damage":8,"enemies":"Jaw Worm","floor":5,"turns":2},{"damage":6,"enemies":"Exordium Wildlife","floor":7,"turns":2},{"damage":0,"enemies":"Exordium Thugs","floor":8,"turns":2},{"damage":0,"enemies":"2 Fungi Beasts","floor":12,"turns":2},{"damage":0,"enemies":"3 Louse","floor":14,"turns":1},{"damage":42,"enemies":"Hexaghost","floor":16,"turns":8},{"damage":0,"enemies":"Chosen","floor":18,"turns":4},{"damage":13,"enemies":"2 Thieves","floor":22,"turns":3},{"damage":24,"enemies":"Cultist and Chosen","floor":24,"turns":5},{"damage":27,"enemies":"Sentry and Sphere","floor":25,"turns":4},{"damage":10,"enemies":"Snake Plant","floor":27,"turns":2}],"seed_played":"2544151343285503633","potions_obtained":[{"floor":5,"key":"Ancient Potion"},{"floor":8,"key":"EssenceOfSteel"},{"floor":12,"key":"Explosive Potion"},{"floor":16,"key":"PowerPotion"},{"floor":18,"key":"Ancient Potion"},{"floor":22,"key":"SteroidPotion"},{"floor":25,"key":"FearPotion"}],"is_trial":false,"path_per_floor":["M","?","M","?","M","R","M","M","T","R","T","M","R","M","R","B",null,"M","?","?","?","M","R","M","M","T","M"],"character_chosen":"THE_SILENT","items_purchased":[],"campfire_rested":1,"item_purchase_floors":[],"current_hp_per_floor":[56,61,60,46,38,59,53,53,53,53,53,53,53,53,53,11,70,70,70,70,70,57,57,33,6,6,0],"gold":344,"neow_bonus":"","is_prod":false,"is_daily":true,"chose_seed":false,"campfire_upgraded":4,"win_rate":0,"timestamp":1559358773,"path_taken":["M","?","?","?","M","R","M","M","T","R","?","M","R","M","R","BOSS","M","?","?","?","M","R","M","M","T","M"],"build_version":"2019-01-23","purchased_purges":0,"victory":false,"max_hp_per_floor":[70,70,70,70,70,70,70,70,70,70,70,70,70,70,70,70,70,70,70,70,70,70,70,70,70,70,70],"card_choices":[{"not_picked":["Noxious Fumes"],"picked":"Ball Lightning","floor":1},{"not_picked":["Loop"],"picked":"Dagger Spray","floor":3},{"not_picked":["Heel Hook"],"picked":"Ball Lightning","floor":5},{"not_picked":["Tactician","Rebound"],"picked":"SKIP","floor":7},{"not_picked":["Beam Cell","Deflect"],"picked":"SKIP","floor":8},{"not_picked":["Auto Shields","Darkness"],"picked":"SKIP","floor":12},{"not_picked":["Streamline"],"picked":"Acrobatics","floor":14},{"not_picked":["Corpse Explosion"],"picked":"Adrenaline","floor":16},{"not_picked":["Gash"],"picked":"Turbo","floor":17},{"not_picked":["Deadly Poison"],"picked":"Flying Knee","floor":17},{"not_picked":["Dash+1","Skewer+1"],"picked":"SKIP","floor":18},{"not_picked":["FTL"],"picked":"Dagger Spray","floor":22},{"not_picked":["Fusion","Amplify"],"picked":"SKIP","floor":24},{"not_picked":["Cold Snap","Melter"],"picked":"SKIP","floor":25}],"player_experience":303728,"relics_obtained":[{"floor":9,"key":"Mercury Hourglass"},{"floor":11,"key":"Anchor"},{"floor":26,"key":"Tiny Chest"}],"event_choices":[{"cards_removed":["Redo"],"damage_healed":5,"gold_gain":0,"player_choice":"Offered Common","damage_taken":0,"max_hp_gain":0,"max_hp_loss":0,"event_name":"Bonfire Elementals","floor":2,"gold_loss":0},{"cards_removed":["Redo"],"damage_healed":5,"gold_gain":0,"player_choice":"Offered Special","damage_taken":0,"max_hp_gain":0,"max_hp_loss":0,"event_name":"Bonfire Elementals","floor":2,"gold_loss":0},{"damage_healed":0,"gold_gain":0,"player_choice":"Entered Light","damage_taken":14,"max_hp_gain":0,"max_hp_loss":0,"event_name":"Shining Light","floor":4,"gold_loss":0,"cards_upgraded":["Redo","Redo"]},{"cards_removed":["Strike_G"],"damage_healed":0,"gold_gain":0,"player_choice":"Gave Gold","damage_taken":0,"max_hp_gain":0,"max_hp_loss":0,"event_name":"Beggar","floor":19,"gold_loss":75},{"damage_healed":0,"gold_gain":0,"player_choice":"Obtain J.A.X.","damage_taken":0,"max_hp_gain":0,"max_hp_loss":0,"event_name":"Drug Dealer","floor":20,"gold_loss":0,"cards_obtained":["J.A.X."]},{"damage_healed":0,"gold_gain":0,"player_choice":"Trade","damage_taken":0,"relics_obtained":["GremlinMask"],"max_hp_gain":0,"max_hp_loss":0,"event_name":"FaceTrader","floor":21,"gold_loss":0}],"is_beta":false,"boss_relics":[{"not_picked":["Eternal Feather","Empty Cage"],"picked":"Orrery"}],"items_purged_floors":[],"is_endless":false,"potions_floor_spawned":[5,8,12,16,18,22,25],"killed_by":"Snake Plant","ascension_level":0}