{"gold_per_floor":[112,126,51,51,69,69,94,107,107,107,124,139,139,171,171,246,246,257,276,375,375,275,275,286,286],"floor_reached":25,"playtime":1277,"items_purged":["Strike_B","Strike_B"],"score":351,"play_id":"2a3902b3-dd80-41c1-82ca-7801fb9d3d95","local_time":"20190715042120","is_ascension_mode":true,"campfire_choices":[{"data":"Zap","floor":6.0,"key":"SMITH"},{"data":"Defragment","floor":13.0,"key":"SMITH"},{"data":"FTL","floor":15.0,"key":"SMITH"},{"data":"Chill","floor":23.0,"key":"SMITH"}],"neow_cost":"NONE","seed_source_timestamp":209784034680290,"circlet_count":0,"master_deck":["AscendersBane","Strike_B","Defend_B","Defend_B","Defend_B","Defend_B","Zap+1","Dualcast","Panacea","Sweeping Beam","FTL+1","FTL","Defragment+1","Rainbow","Chill+1","Genetic Algorithm"],"special_seed":0,"relics":["Cracked Core","Bottled Flame","Meat on the Bone","Bag of Preparation","Pantograph","Nuclear Battery"],"potions_floor_usage":[25,25],"damage_taken":[{"damage":1.0,"enemies":"Cultist","floor":1.0,"turns":3.0},{"damage":2.0,"enemies":"Jaw Worm","floor":2.0,"turns":3.0},{"damage":0.0,"enemies":"Small Slimes","floor":5.0,"turns":3.0},{"damage":38.0,"enemies":"Gremlin Nob","floor":7.0,"turns":5.0},{"damage":0.0,"enemies":"Exordium Thugs","floor":8.0,"turns":3.0},{"damage":7.0,"enemies":"Lots of Slimes","floor":11.0,"turns":4.0},{"damage":2.0,"enemies":"Looter","floor":12.0,"turns":3.0},{"damage":15.0,"enemies":"3 Sentries","floor":14.0,"turns":5.0},{"damage":41.0,"enemies":"Hexaghost","floor":16.0,"turns":8.0},{"damage":4.0,"enemies":"3 Byrds","floor":18.0,"turns":5.0},{"damage":0.0,"enemies":"Spheric Guardian","floor":19.0,"turns":3.0},{"damage":22.0,"enemies":"Snake Plant","floor":24.0,"turns":5.0},{"damage":42,"enemies":"Slavers","floor":25,"turns":5}],"seed_played":"-6882769712047075118","potions_obtained":[{"floor":7.0,"key":"PowerPotion"},{"floor":8.0,"key":"Swift Potion"},{"floor":19.0,"key":"EssenceOfSteel"}],"is_trial":false,"path_per_floor":["$","?","?","?","?"],"character_chosen":"DEFECT","items_purchased":[],"campfire_rested":0,"item_purchase_floors":[],"current_hp_per_floor":[67,65,65,70,70,70,32,32,32,20,25,35,35,32,32,28,67,63,63,63,63,63,63,41,0],"gold":286,"neow_bonus":"RANDOM_COLORLESS","is_prod":false,"is_daily":false,"chose_seed":false,"campfire_upgraded":4,"win_rate":0,"timestamp":1563153680,"path_taken":["M","M","?","?","M","R","E","M","T","?","M","M","R","E","R","BOSS","M","M","?","?","$","R","M","E"],"build_version":"2019-01-23","purchased_purges":2,"victory":false,"max_hp_per_floor":[75,75,75,80,80,80,80,80,80,80,80,80,80,80,80,80,80,80,80,80,80,80,80,80,80],"card_choices":[{"not_picked":["Conserve Battery","Go for the Eyes"],"picked":"Sweeping Beam","floor":1.0},{"not_picked":["Conserve Battery","Reinforced Body"],"picked":"FTL","floor":2.0},{"not_picked":["Compile Driver","Steam","Sweeping Beam"],"picked":"SKIP","floor":5.0},{"not_picked":["Coolheaded","Sunder"],"picked":"FTL","floor":7.0},{"not_picked":["Gash","Steam"],"picked":"Defragment","floor":8.0},{"not_picked":["Reprogram","Melter","Redo"],"picked":"SKIP","floor":11.0},{"not_picked":["Melter","Leap","Thunder Strike"],"picked":"SKIP","floor":12.0},{"not_picked":["Sweeping Beam","Go for the Eyes","Steam"],"picked":"SKIP","floor":14.0},{"not_picked":["Electrodynamics","Seek"],"picked":"Rainbow","floor":16.0},{"not_picked":["Recycle","FTL","Coolheaded"],"picked":"SKIP","floor":18.0},{"not_picked":["Leap","Hologram"],"picked":"Chill","floor":19.0},{"not_picked":["Self Repair","Ball Lightning+1"],"picked":"Genetic Algorithm","floor":24.0}],"player_experience":427799,"relics_obtained":[{"floor":7.0,"key":"Bottled Flame"},{"floor":9.0,"key":"Meat on the Bone"},{"floor":14.0,"key":"Pantograph"}],"event_choices":[{"damage_healed":0.0,"max_hp_gain":5.0,"max_hp_loss":0.0,"gold_gain":0.0,"event_name":"Big Fish","player_choice":"Donut","floor":4.0,"gold_loss":0.0,"damage_taken":0.0},{"damage_healed":0.0,"max_hp_gain":0.0,"max_hp_loss":0.0,"gold_gain":0.0,"event_name":"Scrap Ooze","player_choice":"Success","floor":10.0,"gold_loss":0.0,"damage_taken":12.0,"relics_obtained":["Bag of Preparation"]},{"damage_healed":0.0,"max_hp_gain":0.0,"max_hp_loss":0.0,"gold_gain":99.0,"event_name":"Nest","player_choice":"Stole From Cult","floor":20.0,"gold_loss":0.0,"damage_taken":0.0},{"cards_removed":["Strike_B"],"damage_healed":0.0,"max_hp_gain":0.0,"max_hp_loss":0.0,"gold_gain":0.0,"event_name":"Wheel of Change","player_choice":"Card Removal","floor":21.0,"gold_loss":0.0,"damage_taken":0.0}],"is_beta":false,"boss_relics":[{"not_picked":["Lizard Tail","Fusion Hammer"],"picked":"Nuclear Battery"}],"items_purged_floors":[3,22],"is_endless":false,"potions_floor_spawned":[7,8,19],"killed_by":"Slavers","ascension_level":13}