{"gold_per_floor":[114,129,144,159,109,139,139,169,219,249,424,424,424,524,524,624,674,689,659,674,99,114,114],"floor_reached":23,"playtime":1738,"items_purged":["Wild Strike"],"score":359,"play_id":"83dd1232-163d-43de-a1a4-243f57b57cf2","local_time":"20190507213708","daily_mods":["Insanity","Uncertain Future","Elite Swarm"],"is_ascension_mode":false,"campfire_choices":[{"data":"Exhume","floor":7,"key":"SMITH"},{"data":"Warcry","floor":12,"key":"SMITH"},{"data":"Armaments","floor":15,"key":"SMITH"}],"neow_cost":"","seed_source_timestamp":0,"circlet_count":0,"master_deck":["Cleave","Evolve","Pommel Strike","Ghostly Armor","Warcry+1","Seeing Red+1","Blood for Blood","Flex","Armaments+1","Iron Wave","Shockwave","Perfected Strike","Anger","Dual Wield","Clash","Armaments+1","Sword Boomerang","Blood for Blood","Body Slam","Iron Wave","Body Slam","Twin Strike","Perfected Strike","Inflame","True Grit","Havoc","Flex","Flame Barrier","Rupture","Sword Boomerang","Cleave","Warcry+1","Whirlwind","Iron Wave","Searing Blow","Bloodletting","Headbutt","Reckless Charge","Battle Trance","Body Slam","Rage+1","Battle Trance","Inflame","Hemokinesis","Second Wind","Iron Wave","Armaments","Armaments","Sword Boomerang","Armaments","Warcry","Thunderclap","Offering","Exhume+1","Barricade+1","Demon Form+1","Doubt","Juggernaut+1","Burning Pact","Thunderclap","Warcry","Fire Breathing+1"],"special_seed":18024,"relics":["Burning Blood","War Paint","Frozen Egg 2","Vajra","Orichalcum","Tiny House","Shuriken","Ornamental Fan"],"potions_floor_usage":[6,6,10,10,16,16,22,22,23],"damage_taken":[{"damage":8,"enemies":"Jaw Worm","floor":1,"turns":4},{"damage":0,"enemies":"Small Slimes","floor":2,"turns":1},{"damage":18,"enemies":"Cultist","floor":3,"turns":4},{"damage":5,"enemies":"Lots of Slimes","floor":4,"turns":5},{"damage":6,"enemies":"3 Sentries","floor":6,"turns":2},{"damage":22,"enemies":"Lagavulin","floor":8,"turns":4},{"damage":32,"enemies":"3 Sentries","floor":10,"turns":6},{"damage":22,"enemies":"Slime Boss","floor":16,"turns":6},{"damage":24,"enemies":"2 Thieves","floor":18,"turns":3},{"damage":35,"enemies":"3 Byrds","floor":20,"turns":5},{"damage":13,"enemies":"Centurion and Healer","floor":22,"turns":4},{"damage":40,"enemies":"Gremlin Leader","floor":23,"turns":6}],"seed_played":"-4311989270380069136","potions_obtained":[{"floor":2,"key":"BloodPotion"},{"floor":4,"key":"EssenceOfSteel"},{"floor":6,"key":"FearPotion"},{"floor":8,"key":"BloodPotion"},{"floor":10,"key":"FearPotion"},{"floor":17,"key":"Energy Potion"},{"floor":19,"key":"SneckoOil"},{"floor":19,"key":"FearPotion"},{"floor":20,"key":"BloodPotion"}],"is_trial":false,"path_per_floor":["M","M","M","M","$","E","R","E","T","E","?","R","?","?","R","B",null,"M","?","M","$","M","E"],"character_chosen":"IRONCLAD","items_purchased":["PowerPotion","Shuriken","Ornamental Fan"],"campfire_rested":0,"item_purchase_floors":[5,21,21],"current_hp_per_floor":[78,80,68,69,69,69,69,53,53,43,43,43,43,43,43,27,85,67,67,38,38,31,0],"gold":114,"neow_bonus":"","is_prod":false,"is_daily":true,"chose_seed":false,"campfire_upgraded":3,"win_rate":0.0,"timestamp":1557279428,"path_taken":["M","M","M","M","$","E","R","E","T","E","?","R","?","?","R","BOSS","M","?","M","$","M","E"],"build_version":"2019-01-23","purchased_purges":1,"victory":false,"max_hp_per_floor":[80,80,80,80,80,80,80,80,80,80,80,80,80,80,80,80,85,85,85,85,85,85,85],"card_choices":[{"not_picked":["Clothesline","Perfected Strike"],"picked":"Armaments","floor":1},{"not_picked":["Corruption","Shrug It Off"],"picked":"Warcry","floor":2},{"not_picked":["Whirlwind","Evolve"],"picked":"Thunderclap","floor":3},{"not_picked":["Cleave","Combust"],"picked":"Offering","floor":4},{"not_picked":["Fiend Fire","Offering"],"picked":"Exhume","floor":6},{"not_picked":["Bludgeon","Limit Break"],"picked":"Barricade","floor":8},{"not_picked":["Dark Embrace+1","Offering"],"picked":"Demon Form+1","floor":10},{"not_picked":["Barricade+1","Bludgeon"],"picked":"Juggernaut+1","floor":16},{"not_picked":["Spot Weakness","Dual Wield"],"picked":"Burning Pact","floor":17},{"not_picked":["Warcry","Twin Strike+1"],"picked":"Thunderclap","floor":18},{"not_picked":["Disarm","True Grit"],"picked":"Warcry","floor":20},{"not_picked":["Heavy Blade","Anger"],"picked":"Fire Breathing+1","floor":22}],"player_experience":67578,"relics_obtained":[{"floor":6,"key":"War Paint"},{"floor":8,"key":"Frozen Egg 2"},{"floor":9,"key":"Vajra"},{"floor":10,"key":"Orichalcum"}],"event_choices":[{"damage_healed":0,"gold_gain":175,"player_choice":"AGREE","damage_taken":0,"max_hp_gain":0,"max_hp_loss":0,"event_name":"Liars Game","floor":11,"gold_loss":0,"cards_obtained":["Doubt"]},{"damage_healed":0,"gold_gain":0,"player_choice":"Grow","damage_taken":0,"max_hp_gain":0,"max_hp_loss":0,"event_name":"Living Wall","floor":13,"gold_loss":0,"cards_upgraded":["Armaments"]},{"damage_healed":0,"gold_gain":100,"player_choice":"Pray","damage_taken":0,"max_hp_gain":0,"max_hp_loss":0,"event_name":"Golden Shrine","floor":14,"gold_loss":0},{"damage_healed":0,"gold_gain":0,"player_choice":"Bought 2 Potions","damage_taken":0,"max_hp_gain":0,"max_hp_loss":0,"event_name":"The Woman in Blue","floor":19,"gold_loss":0}],"is_beta":false,"boss_relics":[{"not_picked":["Lizard Tail","Sozu"],"picked":"Tiny House"}],"items_purged_floors":[21],"is_endless":false,"potions_floor_spawned":[2,4,6,8,10,20],"killed_by":"Gremlin Leader","ascension_level":0}