{"gold_per_floor":[144,189,234,279,324,414,459,534,534,534,534,593,593,667,667,1052,1052,1171,1300,1300,1300,1300,1300,1508,1682,1682,1856,1856,905,1079,1258,1258,1748,1748,1962,1962,2176,2390,2604,2818,3037,3305,3355,3574,2784,2784,3057,3057,3057,3057],"floor_reached":51,"playtime":2058,"items_purged":["hubris:Sloth"],"score":1362,"play_id":"91a84177-30e4-417c-ada2-30efb97d1d38","local_time":"20190713102329","daily_mods":["Cursed Run","Time Dilation","Midas"],"is_ascension_mode":false,"campfire_choices":[{"floor":15,"key":"REST"},{"floor":23,"key":"REST"},{"floor":32,"key":"REST"},{"floor":46,"key":"REST"},{"floor":49,"key":"REST"}],"neow_cost":"","seed_source_timestamp":0,"circlet_count":0,"master_deck":["Survivor+1","Neutralize","Dagger Throw","Cloak And Dagger","Calculated Gamble","Venomology","Acrobatics","hubris:Gluttony","Injury","hubris:Greed","hubris:Greed","Infinite Blades","hubris:Greed","hubris:Greed","hubris:Greed","Crippling Poison","hubris:Greed","hubris:Greed","hubris:Greed","hubris:Greed","hubris:Greed","hubris:Greed","hubris:Greed","Envenom","hubris:Greed","hubris:Greed","Acrobatics+1","hubris:Greed","hubris:Greed","Blade Dance+1","Escape Plan","Infinite Blades","Escape Plan","All Out Attack","Dodge and Roll","Malaise","Grand Finale","Night Terror","hubris:Counter","Skewer","Parasite","hubris:Despair","infinitespire:Collect","hubris:Greed","hubris:Greed","hubris:Greed","hubris:Greed","hubris:Greed","hubris:Greed","Blade Dance+1","hubris:Greed","hubris:Greed","hubris:Greed","Masterful Stab","Quick Slash","Distraction","Dagger Throw","Masterful Stab","Accuracy+1","Cloak And Dagger+1","hubris:Greed","Noxious Fumes+1","hubris:Greed","hubris:Greed","hubris:Greed","hubris:Greed","hubris:Greed","hubris:Greed","hubris:Greed","Shame","Storm of Steel","Concentrate+1","Writhe","Dagger Spray","Prepared","hubris:Sniper+1","Dagger Spray+1","hubris:Greed","Distraction","Dagger Spray","Slimebound:Icky","Accuracy+1","Dagger Spray","hubris:Greed","Skewer+1","infinitespire:NeuralNetwork+1","hubris:Greed","hubris:Greed","hubris:Greed","hubris:Greed","hubris:Greed","Slimebound:Icky"],"special_seed":18090,"relics":["Cursed Key","Darkstone Periapt","Du-Vu Doll","infinitespire:Beetle Shell","Meat on the Bone","Golden Idol","Centennial Puzzle","hubris:GrandSneckoEye","hubris:BottledHeart","Pandora\u0027s Box","Shuriken","hubris:Metronome","TwistedFunnel","Frozen Egg 2","War Paint","Black Star","Orichalcum","hubris:64BitClover","hubris:TenFootPole","infinitespire:Lucky Rock","Ninja Scroll","TheAbacus","hubris:NiceRug","Pocketwatch","Letter Opener","Kunai"],"potions_floor_usage":[6,6,7,12,16,16,16,16,18,18,19,19,24,25,33,33,33,47,47,50,50],"damage_taken":[{"damage":1,"enemies":"2 Louse","floor":1,"turns":2},{"damage":0,"enemies":"Small Slimes","floor":2,"turns":3},{"damage":8,"enemies":"Jaw Worm","floor":3,"turns":2},{"damage":8,"enemies":"2 Fungi Beasts","floor":4,"turns":3},{"damage":0,"enemies":"Blue Slaver","floor":5,"turns":4},{"damage":11,"enemies":"Gremlin Nob","floor":6,"turns":5},{"damage":8,"enemies":"Lots of Slimes","floor":7,"turns":4},{"damage":0,"enemies":"Large Slime","floor":12,"turns":2},{"damage":16,"enemies":"Gremlin Gang","floor":14,"turns":3},{"damage":0,"enemies":"Slime Boss","floor":16,"turns":6},{"damage":0,"enemies":"Chosen","floor":18,"turns":2},{"damage":0,"enemies":"Shell Parasite","floor":19,"turns":2},{"damage":0,"enemies":"Book of Stabbing","floor":24,"turns":2},{"damage":0,"enemies":"Sentry and Sphere","floor":25,"turns":3},{"damage":0,"enemies":"Centurion and Healer","floor":27,"turns":1},{"damage":0,"enemies":"Snecko","floor":30,"turns":1},{"damage":0,"enemies":"Snake Plant","floor":31,"turns":1},{"damage":0,"enemies":"Champ","floor":33,"turns":3},{"damage":0,"enemies":"3 Shapes","floor":35,"turns":1},{"damage":0,"enemies":"3 Darklings","floor":37,"turns":7},{"damage":0,"enemies":"4 Shapes","floor":38,"turns":6},{"damage":0,"enemies":"Maw","floor":39,"turns":2},{"damage":0,"enemies":"Jaw Worm Horde","floor":40,"turns":2},{"damage":0,"enemies":"Spire Growth","floor":41,"turns":1},{"damage":0,"enemies":"Reptomancer","floor":42,"turns":2},{"damage":0,"enemies":"Maw","floor":44,"turns":4},{"damage":0,"enemies":"hubris:Merchant","floor":45,"turns":6},{"damage":0,"enemies":"Giant Head","floor":47,"turns":2},{"damage":0,"enemies":"Awakened One","floor":50,"turns":4}],"seed_played":"6822303000687688809","potions_obtained":[{"floor":3,"key":"GamblersBrew"},{"floor":6,"key":"Weak Potion"},{"floor":12,"key":"LiquidBronze"},{"floor":18,"key":"Swift Potion"},{"floor":19,"key":"Explosive Potion"},{"floor":25,"key":"SteroidPotion"},{"floor":30,"key":"Swift Potion"},{"floor":33,"key":"Block Potion"},{"floor":47,"key":"PowerPotion"}],"is_trial":false,"path_per_floor":["M","M","M","M","M","E","M","?","T","?","T","M","?","M","R","B",null,"M","M","?","AVR","?","R","E","M","T","M","?","$","M","M","R","B",null,"M","?","M","M","M","M","M","E","T","M","$","R","E","AVR","R","B",null],"character_chosen":"THE_SILENT","items_purchased":["TwistedFunnel","Frozen Egg 2","War Paint","Distraction","Dagger Throw","Masterful Stab","Accuracy+1","infinitespire:Lucky Rock","Ninja Scroll","TheAbacus","Accuracy+1","Dagger Spray","SkillPotion","PowerPotion"],"campfire_rested":5,"item_purchase_floors":[29,29,29,29,29,29,29,45,45,45,45,45,45,45],"current_hp_per_floor":[69,69,61,53,53,42,34,23,29,35,41,59,40,54,87,135,160,172,184,1,1,1,1,1,1,1,1,1,1,1,1,1,1,1,1,1,1,1,1,1,1,1,1,1,1,1,1,1,1,1],"gold":3057,"neow_bonus":"","is_prod":false,"is_daily":true,"chose_seed":false,"campfire_upgraded":0,"win_rate":0,"timestamp":1563027809,"path_taken":["M","M","M","M","M","E","M","?","T","?","?","M","?","?","R","BOSS","M","M","?","AVR","?","R","E","?","T","M","?","$","?","M","R","BOSS","M","?","M","M","M","M","M","E","T","M","$","R","E","AVR","R","BOSS"],"build_version":"2019-07-05","purchased_purges":1,"victory":true,"max_hp_per_floor":[70,70,70,70,70,70,70,70,76,82,88,94,94,112,112,160,160,172,184,1,1,1,1,1,1,1,1,1,1,1,1,1,1,1,1,1,1,1,1,1,1,1,1,1,1,1,1,1,1,1],"card_choices":[{"not_picked":["Outmaneuver","Calculated Gamble"],"picked":"Dagger Throw","floor":1},{"not_picked":["Prepared","Dodge and Roll","Terror"],"picked":"SKIP","floor":2},{"not_picked":["Quick Slash","Dodge and Roll"],"picked":"Cloak And Dagger","floor":3},{"not_picked":["Eviscerate","Deflect"],"picked":"Calculated Gamble","floor":4},{"not_picked":["Poisoned Stab","Flying Knee"],"picked":"Venomology","floor":5},{"not_picked":["Endless Agony","Backflip"],"picked":"Acrobatics","floor":6},{"not_picked":["hubris:Counter","Backflip","Deflect"],"picked":"SKIP","floor":7},{"not_picked":["PiercingWail","Slice"],"picked":"Infinite Blades","floor":12},{"not_picked":["Poisoned Stab","Finisher"],"picked":"Crippling Poison","floor":14},{"not_picked":["After Image","Malaise"],"picked":"Envenom","floor":16},{"not_picked":["Deflect","hubris:SlightOfHand+1"],"picked":"Acrobatics+1","floor":18},{"not_picked":["Dagger Spray+1","Accuracy"],"picked":"Blade Dance+1","floor":19},{"not_picked":["infinitespire:SevenWalls","infinitespire:DeathsTouch"],"picked":"infinitespire:Collect","floor":22},{"not_picked":["Slice","Bane"],"picked":"Blade Dance","floor":24},{"not_picked":["Cloak And Dagger+1","Flying Knee+1"],"picked":"Masterful Stab","floor":25},{"not_picked":["hubris:SlightOfHand","Tools of the Trade"],"picked":"Quick Slash","floor":27},{"not_picked":["Expertise","Sucker Punch"],"picked":"Cloak And Dagger+1","floor":30},{"not_picked":["Bane","Slice+1"],"picked":"Noxious Fumes+1","floor":31},{"not_picked":["Corpse Explosion","Grand Finale"],"picked":"Storm of Steel","floor":33},{"not_picked":["Blur+1","Slice+1"],"picked":"Concentrate+1","floor":35},{"not_picked":["PiercingWail","Bouncing Flask+1"],"picked":"Dagger Spray","floor":37},{"not_picked":["Outmaneuver","Backflip+1"],"picked":"Prepared","floor":38},{"not_picked":["Flying Knee","Skewer+1"],"picked":"hubris:Sniper+1","floor":39},{"not_picked":["Sucker Punch","Dash"],"picked":"Dagger Spray+1","floor":40},{"not_picked":["Setup+1","Backstab"],"picked":"Distraction","floor":41},{"not_picked":["Cloak And Dagger","Terror"],"picked":"Dagger Spray","floor":42},{"not_picked":["Deflect+1","Doppelganger","Endless Agony+1"],"picked":"SKIP","floor":44},{"not_picked":["Underhanded Strike"],"picked":"SKIP","floor":45},{"not_picked":["Prepared"],"picked":"SKIP","floor":45},{"not_picked":["PiercingWail"],"picked":"SKIP","floor":45},{"not_picked":["Finesse"],"picked":"SKIP","floor":45},{"not_picked":["Violence"],"picked":"SKIP","floor":45},{"not_picked":["Glass Knife","Accuracy+1"],"picked":"Skewer+1","floor":47}],"player_experience":508182,"relics_obtained":[{"floor":6,"key":"infinitespire:Beetle Shell"},{"floor":9,"key":"Meat on the Bone"},{"floor":11,"key":"Centennial Puzzle"},{"floor":24,"key":"Shuriken"},{"floor":26,"key":"hubris:Metronome"},{"floor":42,"key":"Orichalcum"},{"floor":42,"key":"hubris:64BitClover"},{"floor":43,"key":"hubris:TenFootPole"},{"floor":47,"key":"Pocketwatch"},{"floor":47,"key":"Letter Opener"}],"event_choices":[{"damage_healed":0,"gold_gain":75,"player_choice":"Gather Gold","damage_taken":11,"max_hp_gain":0,"max_hp_loss":0,"event_name":"World of Goop","floor":8,"gold_loss":0},{"damage_healed":0,"gold_gain":0,"player_choice":"Take Wound","damage_taken":0,"relics_obtained":["Golden Idol"],"max_hp_gain":0,"max_hp_loss":0,"event_name":"Golden Idol","floor":10,"gold_loss":0,"cards_obtained":["Injury"]},{"damage_healed":0,"gold_gain":0,"player_choice":"Entered Light","damage_taken":19,"max_hp_gain":0,"max_hp_loss":0,"event_name":"Shining Light","floor":13,"gold_loss":0,"cards_upgraded":["Strike_G","Defend_G"]},{"cards_removed":["hubris:Compulsion"],"damage_healed":0,"gold_gain":0,"player_choice":"Card Removal","damage_taken":0,"max_hp_gain":0,"max_hp_loss":0,"event_name":"Wheel of Change","floor":28,"gold_loss":0},{"damage_healed":0,"gold_gain":0,"player_choice":"Writhe","damage_taken":0,"max_hp_gain":0,"max_hp_loss":0,"event_name":"Winding Halls","floor":36,"gold_loss":0,"cards_obtained":["Writhe"]}],"is_beta":false,"boss_relics":[{"not_picked":["Ectoplasm","hubris:CrackedHourglass"],"picked":"hubris:GrandSneckoEye"},{"not_picked":["hubris:BlackHole","Empty Cage"],"picked":"Black Star"}],"items_purged_floors":[29],"is_endless":false,"potions_floor_spawned":[3,6,12,16,18,19,25,30,33,37,38,41,42,47],"ascension_level":0}