{"gold_per_floor":[117,130,305,305,30,88,151,166,191,191,191,208,208,226,226,226],"floor_reached":16,"playtime":1745,"items_purged":["Doubt"],"score":105,"play_id":"c8dc7c6f-d2c9-45ce-ade0-bb274b9243cf","local_time":"20190711021118","is_ascension_mode":true,"campfire_choices":[{"data":"Envenom","floor":10,"key":"SMITH"},{"floor":13,"key":"REST"},{"data":"Outmaneuver","floor":15,"key":"SMITH"}],"neow_cost":"NONE","seed_source_timestamp":15080701521400,"circlet_count":0,"master_deck":["Strike_G","Strike_G","Strike_G","Strike_G","Strike_G","Defend_G","Defend_G","Defend_G","Defend_G","Defend_G","Survivor","Neutralize","Well Laid Plans","Poisoned Stab","Prepared","Envenom+1","Outmaneuver+1","Poisoned Stab","Cloak And Dagger","Terror"],"relics":["Ring of the Snake","Vajra","Tiny Chest","Du-Vu Doll","Smiling Mask"],"potions_floor_usage":[6,7,16],"damage_taken":[{"damage":2,"enemies":"2 Louse","floor":1,"turns":3},{"damage":3,"enemies":"Jaw Worm","floor":2,"turns":7},{"damage":39,"enemies":"Gremlin Nob","floor":6,"turns":5},{"damage":23,"enemies":"Gremlin Nob","floor":7,"turns":4},{"damage":0,"enemies":"Small Slimes","floor":8,"turns":4},{"damage":4,"enemies":"Blue Slaver","floor":12,"turns":3},{"damage":3,"enemies":"3 Louse","floor":14,"turns":3},{"damage":38,"enemies":"Slime Boss","floor":16,"turns":9}],"seed_played":"-1761584584157216073","potions_obtained":[{"floor":2,"key":"Dexterity Potion"},{"floor":6,"key":"LiquidBronze"},{"floor":12,"key":"Poison Potion"}],"is_trial":false,"path_per_floor":["M","M","?","?","$","E","?","M","T","R","?","M","R","M","R","B"],"character_chosen":"THE_SILENT","items_purchased":["Vajra","Prepared"],"campfire_rested":1,"item_purchase_floors":[5,5],"current_hp_per_floor":[75,72,72,77,77,38,15,15,15,15,15,11,35,32,32,0],"gold":226,"neow_bonus":"TEN_PERCENT_HP_BONUS","is_prod":false,"is_daily":false,"chose_seed":false,"campfire_upgraded":2,"win_rate":0,"timestamp":1562803878,"path_taken":["M","M","?","?","$","E","?","M","T","R","?","M","R","M","R","BOSS"],"build_version":"2019-07-05","purchased_purges":1,"victory":false,"max_hp_per_floor":[77,77,77,82,82,82,82,82,82,82,82,82,82,82,82,82],"card_choices":[{"not_picked":["Cloak And Dagger","Predator"],"picked":"Well Laid Plans","floor":1},{"not_picked":["Predator","Heel Hook"],"picked":"Poisoned Stab","floor":2},{"not_picked":["Quick Slash","Cloak And Dagger"],"picked":"Envenom","floor":6},{"not_picked":["Distraction","Slice"],"picked":"Outmaneuver","floor":7},{"not_picked":["Slice","Prepared"],"picked":"Poisoned Stab","floor":8},{"not_picked":["Prepared","Deflect"],"picked":"Cloak And Dagger","floor":12},{"not_picked":["Adrenaline","Dagger Spray"],"picked":"Terror","floor":14}],"player_experience":99919,"relics_obtained":[{"floor":6,"key":"Tiny Chest"},{"floor":7,"key":"Du-Vu Doll"},{"floor":9,"key":"Smiling Mask"}],"event_choices":[{"damage_healed":0,"gold_gain":175,"player_choice":"AGREE","damage_taken":0,"max_hp_gain":0,"max_hp_loss":0,"event_name":"Liars Game","floor":3,"gold_loss":0,"cards_obtained":["Doubt"]},{"damage_healed":0,"gold_gain":0,"player_choice":"Donut","damage_taken":0,"max_hp_gain":5,"max_hp_loss":0,"event_name":"Big Fish","floor":4,"gold_loss":0},{"damage_healed":0,"gold_gain":30,"player_choice":"Searched \u00272\u0027 times","damage_taken":0,"max_hp_gain":0,"max_hp_loss":0,"event_name":"Dead Adventurer","floor":7,"gold_loss":0},{"damage_healed":0,"gold_gain":0,"player_choice":"Fled","damage_taken":0,"max_hp_gain":0,"max_hp_loss":0,"event_name":"Scrap Ooze","floor":11,"gold_loss":0}],"is_beta":false,"boss_relics":[],"items_purged_floors":[5],"is_endless":false,"potions_floor_spawned":[2,6,12],"killed_by":"Slime Boss","ascension_level":1}