{"gold_per_floor":[112,187,187,199,18,18,45,45,45,45,59,29,39,53,53,149,149,166,179,179,39,58,58,68,97,175,175,191,124,139,152,152,250,300,312,312,312,322,39,66,76,76,76,76,111,124,124,104,104,104,104,104,3,35,35],"floor_reached":55,"playtime":5675,"items_purged":["Strike_G","Strike_G"],"score":1006,"play_id":"aeedaf21-521b-457d-90a5-3f6ea78c7b44","local_time":"20190704171625","is_ascension_mode":true,"campfire_choices":[{"data":"Footwork","floor":6.0,"key":"SMITH"},{"floor":8.0,"key":"REST"},{"data":"Neutralize","floor":10.0,"key":"SMITH"},{"data":"Dash","floor":15.0,"key":"SMITH"},{"data":"Tools of the Trade","floor":23.0,"key":"SMITH"},{"data":"Well Laid Plans","floor":27.0,"key":"SMITH"},{"data":"Noxious Fumes","floor":32.0,"key":"SMITH"},{"data":"Footwork","floor":42.0,"key":"SMITH"},{"data":"Grand Finale","floor":44.0,"key":"SMITH"},{"floor":49.0,"key":"RECALL"},{"data":"Dodge and Roll","floor":52,"key":"SMITH"}],"neow_cost":"PERCENT_DAMAGE","seed_source_timestamp":0,"circlet_count":0,"master_deck":["Defend_G","Defend_G","Defend_G","Strike_G+1","Strike_G","Survivor","Neutralize+1","Dodge and Roll+1","Footwork+1","Dash+1","Tools of the Trade+1","Well Laid Plans+1","Dagger Throw","Backflip","Grand Finale+1","Masterful Stab+1","Footwork+1","Noxious Fumes+1","Prepared+1","Underhanded Strike","Backflip","Blur","PiercingWail"],"special_seed":0,"relics":["Ring of the Snake","FossilizedHelix","Centennial Puzzle","Pear","Busted Crown","Du-Vu Doll","Singing Bowl","Tiny House","Membership Card","Lantern","Meat on the Bone","Blood Vial","Snake Skull","Ornamental Fan"],"potions_floor_usage":[50,50,55],"damage_taken":[{"damage":5.0,"enemies":"Small Slimes","floor":1.0,"turns":7.0},{"damage":0.0,"enemies":"Jaw Worm","floor":4.0,"turns":4.0},{"damage":39.0,"enemies":"Gremlin Nob","floor":7.0,"turns":8.0},{"damage":0.0,"enemies":"Cultist","floor":11.0,"turns":4.0},{"damage":0.0,"enemies":"Looter","floor":12.0,"turns":4.0},{"damage":0.0,"enemies":"Red Slaver","floor":13.0,"turns":5.0},{"damage":1.0,"enemies":"Blue Slaver","floor":14.0,"turns":5.0},{"damage":25.0,"enemies":"Slime Boss","floor":16.0,"turns":21.0},{"damage":0.0,"enemies":"Spheric Guardian","floor":18.0,"turns":7.0},{"damage":0.0,"enemies":"3 Byrds","floor":19.0,"turns":3.0},{"damage":0.0,"enemies":"Shelled Parasite and Fungi","floor":22.0,"turns":4.0},{"damage":0.0,"enemies":"Centurion and Healer","floor":24.0,"turns":4.0},{"damage":0.0,"enemies":"Gremlin Leader","floor":25.0,"turns":4.0},{"damage":0.0,"enemies":"3 Cultists","floor":28.0,"turns":7.0},{"damage":0.0,"enemies":"Cultist and Chosen","floor":30.0,"turns":7.0},{"damage":0.0,"enemies":"Snake Plant","floor":31.0,"turns":5.0},{"damage":0.0,"enemies":"Champ","floor":33.0,"turns":12.0},{"damage":0.0,"enemies":"3 Shapes","floor":35.0,"turns":6.0},{"damage":0.0,"enemies":"Orb Walker","floor":38.0,"turns":3.0},{"damage":27.0,"enemies":"Reptomancer","floor":40.0,"turns":8.0},{"damage":18.0,"enemies":"3 Darklings","floor":41.0,"turns":4.0},{"damage":0.0,"enemies":"Nemesis","floor":45.0,"turns":7.0},{"damage":0.0,"enemies":"Transient","floor":46.0,"turns":5.0},{"damage":7,"enemies":"Donu and Deca","floor":50,"turns":10},{"damage":85,"enemies":"Shield and Spear","floor":54,"turns":9},{"damage":50,"enemies":"The Heart","floor":55,"turns":12}],"seed_played":"7000439509340585129","potions_obtained":[{"floor":7.0,"key":"Energy Potion"},{"floor":13.0,"key":"GamblersBrew"},{"floor":14.0,"key":"Swift Potion"},{"floor":25.0,"key":"EssenceOfSteel"},{"floor":31.0,"key":"Swift Potion"},{"floor":34.0,"key":"Fruit Juice"},{"floor":35.0,"key":"Energy Potion"},{"floor":41.0,"key":"Fire Potion"},{"floor":45.0,"key":"Strength Potion"},{"floor":48.0,"key":"FearPotion"}],"is_trial":false,"path_per_floor":["?","T","M","?","M","?","?","M","?","?"],"character_chosen":"THE_SILENT","items_purchased":["Footwork","Dash","Footwork","Noxious Fumes","Membership Card","Lantern","Snake Skull","PiercingWail"],"campfire_rested":1,"item_purchase_floors":[5,5,21,29,39,39,53,53],"current_hp_per_floor":[58,47,47,47,47,47,8,33,43,43,43,43,43,42,42,17,94,94,94,94,94,94,94,94,94,94,94,96,96,98,98,98,100,112,112,106,106,108,108,83,67,67,67,67,67,71,71,71,71,66,114,114,114,43,0],"gold":35,"neow_bonus":"TWENTY_PERCENT_HP_BONUS","is_prod":false,"is_daily":false,"chose_seed":false,"campfire_upgraded":9,"win_rate":0,"timestamp":1562249785,"path_taken":["M","?","?","M","$","R","E","R","T","R","M","?","M","M","R","BOSS","M","M","?","$","M","R","M","E","T","R","M","$","?","M","R","BOSS","M","?","?","?","$","E","M","R","T","R","E","M","?","?","R","BOSS","R","$","E","BOSS"],"build_version":"2019-01-23","purchased_purges":2,"victory":false,"max_hp_per_floor":[84,84,84,84,84,84,84,84,94,94,94,94,94,94,94,94,94,94,94,94,94,94,94,94,94,94,94,96,96,98,98,98,100,112,112,106,106,108,108,110,112,112,112,112,112,114,114,114,114,114,114,114,114,116,116],"card_choices":[{"not_picked":["Sucker Punch","Flying Knee","Prepared"],"picked":"SKIP","floor":1.0},{"not_picked":["Underhanded Strike","Bane"],"picked":"Dodge and Roll","floor":4.0},{"not_picked":["Quick Slash","Skewer"],"picked":"Tools of the Trade","floor":7.0},{"not_picked":["Poisoned Stab","Outmaneuver"],"picked":"Well Laid Plans","floor":11.0},{"not_picked":["Infinite Blades","Escape Plan","Quick Slash"],"picked":"SKIP","floor":12.0},{"not_picked":["Deflect","Quick Slash"],"picked":"Dagger Throw","floor":13.0},{"not_picked":["Quick Slash","Cloak And Dagger"],"picked":"Backflip","floor":14.0},{"not_picked":["Venomology","Envenom"],"picked":"Grand Finale","floor":16.0},{"not_picked":[],"picked":"Masterful Stab+1","floor":18.0},{"not_picked":["Poisoned Stab"],"picked":"SKIP","floor":19.0},{"not_picked":["Endless Agony"],"picked":"SKIP","floor":22.0},{"not_picked":["Poisoned Stab"],"picked":"SKIP","floor":24.0},{"not_picked":["Accuracy+1"],"picked":"SKIP","floor":25.0},{"not_picked":["Accuracy+1"],"picked":"SKIP","floor":25.0},{"not_picked":["Bouncing Flask+1"],"picked":"Singing Bowl","floor":28.0},{"not_picked":["Outmaneuver"],"picked":"Singing Bowl","floor":30.0},{"not_picked":[],"picked":"Prepared+1","floor":31.0},{"not_picked":["Envenom"],"picked":"Singing Bowl","floor":33.0},{"not_picked":["Outmaneuver"],"picked":"Singing Bowl","floor":34.0},{"not_picked":[],"picked":"Underhanded Strike","floor":35.0},{"not_picked":["Deadly Poison+1"],"picked":"Singing Bowl","floor":38.0},{"not_picked":["Dagger Spray"],"picked":"Singing Bowl","floor":40.0},{"not_picked":["Backstab"],"picked":"Singing Bowl","floor":41.0},{"not_picked":[],"picked":"Blur","floor":45.0},{"not_picked":["Backstab"],"picked":"Singing Bowl","floor":46.0},{"not_picked":["Acrobatics+1"],"picked":"Singing Bowl","floor":54}],"player_experience":293293,"relics_obtained":[{"floor":3.0,"key":"FossilizedHelix"},{"floor":7.0,"key":"Centennial Puzzle"},{"floor":9.0,"key":"Pear"},{"floor":25.0,"key":"Du-Vu Doll"},{"floor":26.0,"key":"Singing Bowl"},{"floor":40.0,"key":"Meat on the Bone"},{"floor":45.0,"key":"Blood Vial"},{"floor":54,"key":"Ornamental Fan"}],"event_choices":[{"damage_healed":0.0,"max_hp_gain":0.0,"max_hp_loss":0.0,"gold_gain":75.0,"event_name":"World of Goop","player_choice":"Gather Gold","floor":2.0,"gold_loss":0.0,"damage_taken":11.0},{"cards_removed":["Strike_G"],"damage_healed":0.0,"max_hp_gain":0.0,"max_hp_loss":0.0,"gold_gain":0.0,"event_name":"Purifier","player_choice":"Purged","floor":20.0,"gold_loss":0.0,"damage_taken":0.0},{"damage_healed":0.0,"max_hp_gain":0.0,"max_hp_loss":6.0,"gold_gain":0.0,"event_name":"Winding Halls","player_choice":"Max HP","floor":36.0,"gold_loss":0.0,"damage_taken":0.0},{"damage_healed":0.0,"max_hp_gain":0.0,"max_hp_loss":0.0,"gold_gain":0.0,"cards_transformed":["Defend_G"],"event_name":"Transmorgrifier","player_choice":"Transformed","floor":37.0,"gold_loss":0.0,"damage_taken":0.0,"cards_obtained":["Backflip"]},{"cards_removed":["Defend_G"],"damage_healed":0.0,"max_hp_gain":0.0,"max_hp_loss":0.0,"gold_gain":0.0,"event_name":"Falling","player_choice":"Removed Skill","floor":47.0,"gold_loss":0.0,"damage_taken":0.0},{"damage_healed":0.0,"max_hp_gain":0.0,"max_hp_loss":0.0,"gold_gain":0.0,"event_name":"The Woman in Blue","player_choice":"Bought 1 Potion","floor":48.0,"gold_loss":0.0,"damage_taken":0.0}],"is_beta":false,"boss_relics":[{"not_picked":["Coffee Dripper","Ectoplasm"],"picked":"Busted Crown"},{"not_picked":["HoveringKite","Lizard Tail"],"picked":"Tiny House"}],"items_purged_floors":[5,21],"is_endless":false,"potions_floor_spawned":[7,13,14,22,24,25,28,31,35,41,45],"killed_by":"The Heart","ascension_level":4}