{"gold_per_floor":[110,110,110,133,156,195,195,209,260,279,303,344,360,379,379,505,505,490,30,30,30,30,74,87,87,87,87,143,153,153,167,167,264,264,280,380,394,414,426,426,458,472,472,18,36,36,36,136,136,136],"floor_reached":51,"playtime":11314,"items_purged":[],"score":738,"play_id":"e9535262-0464-4d7c-b2d6-be23f527322d","local_time":"20190511144024","is_ascension_mode":false,"campfire_choices":[{"data":"Static Discharge","floor":7,"key":"SMITH"},{"floor":15,"key":"REST"},{"floor":25,"key":"REST"},{"floor":30,"key":"REST"},{"data":"Metamorphosis","floor":32,"key":"SMITH"},{"floor":40,"key":"REST"},{"data":"Storm","floor":46,"key":"SMITH"},{"data":"Defragment","floor":49,"key":"SMITH"}],"neow_cost":"NONE","seed_source_timestamp":1686161010520306,"circlet_count":0,"master_deck":["Strike_B","Strike_B+1","Strike_B","Strike_B","Defend_B","Defend_B","Defend_B","Defend_B","Zap","Dualcast","Cold Snap","Injury","Sweeping Beam+1","Static Discharge+1","Go for the Eyes","Conserve Battery","Conserve Battery","Stack","Self Repair","Steam","Redo","Capacitor+1","Defragment+1","Metamorphosis+1","Sweeping Beam","Jack Of All Trades","Redo","Leap","Hologram+1","Compile Driver","Loop+1","Compile Driver","Compile Driver","Electrodynamics","Chill","Cold Snap","Beam Cell+1","Fusion+1","Auto Shields","Cold Snap+1","Melter","Stack+1","Conserve Battery+1","Storm+1","Glacier+1","Coolheaded+1"],"relics":["Cracked Core","Bloody Idol","Question Card","Happy Flower","Vajra","Lizard Tail","Mango","Pen Nib","Pantograph","Eternal Feather","Whetstone","Kunai","Toxic Egg 2","Incense Burner"],"potions_floor_usage":[12,16,16,33,41,42,42,45,50],"damage_taken":[{"damage":1,"enemies":"Jaw Worm","floor":1,"turns":3},{"damage":4,"enemies":"Cultist","floor":4,"turns":3},{"damage":0,"enemies":"Small Slimes","floor":5,"turns":3},{"damage":22,"enemies":"Lagavulin","floor":6,"turns":6},{"damage":5,"enemies":"Blue Slaver","floor":8,"turns":5},{"damage":0,"enemies":"3 Louse","floor":10,"turns":3},{"damage":5,"enemies":"Large Slime","floor":11,"turns":4},{"damage":14,"enemies":"Gremlin Nob","floor":12,"turns":5},{"damage":9,"enemies":"Lots of Slimes","floor":13,"turns":3},{"damage":3,"enemies":"Exordium Wildlife","floor":14,"turns":4},{"damage":32,"enemies":"Slime Boss","floor":16,"turns":15},{"damage":16,"enemies":"2 Thieves","floor":18,"turns":4},{"damage":81,"enemies":"Slavers","floor":23,"turns":6},{"damage":2,"enemies":"Chosen","floor":24,"turns":5},{"damage":25,"enemies":"Centurion and Healer","floor":28,"turns":8},{"damage":37,"enemies":"Shelled Parasite and Fungi","floor":29,"turns":8},{"damage":16,"enemies":"Snake Plant","floor":31,"turns":2},{"damage":48,"enemies":"Collector","floor":33,"turns":10},{"damage":23,"enemies":"3 Darklings","floor":35,"turns":4},{"damage":11,"enemies":"3 Shapes","floor":37,"turns":4},{"damage":35,"enemies":"Maw","floor":38,"turns":8},{"damage":43,"enemies":"Jaw Worm Horde","floor":39,"turns":5},{"damage":71,"enemies":"Nemesis","floor":41,"turns":7},{"damage":27,"enemies":"4 Shapes","floor":42,"turns":12},{"damage":27,"enemies":"Writhing Mass","floor":45,"turns":10},{"damage":13,"enemies":"Mind Bloom Boss Battle","floor":48,"turns":7},{"damage":46,"enemies":"Awakened One","floor":50,"turns":17}],"seed_played":"5234138274616394422","potions_obtained":[{"floor":5,"key":"SkillPotion"},{"floor":8,"key":"Block Potion"},{"floor":10,"key":"Poison Potion"},{"floor":11,"key":"LiquidBronze"},{"floor":13,"key":"Swift Potion"},{"floor":18,"key":"EssenceOfSteel"},{"floor":24,"key":"Fire Potion"},{"floor":31,"key":"PowerPotion"},{"floor":33,"key":"Swift Potion"},{"floor":42,"key":"Explosive Potion"},{"floor":48,"key":"SkillPotion"}],"is_trial":false,"path_per_floor":["?","?","M","?","?","T","?","?","M","?","?"],"character_chosen":"DEFECT","items_purchased":["Defragment","Metamorphosis","Sweeping Beam","Jack Of All Trades","Redo","Leap","Melter","Toxic Egg 2","Stack+1","Conserve Battery+1","Storm"],"campfire_rested":4,"item_purchase_floors":[19,19,19,19,19,19,44,44,44,44,44],"current_hp_per_floor":[81,81,81,77,77,55,55,50,50,50,45,31,22,19,43,18,82,73,73,73,73,87,13,18,46,46,46,43,21,49,38,38,27,96,85,90,84,61,30,79,13,60,60,60,38,65,65,82,96,57],"gold":136,"neow_bonus":"TEN_PERCENT_HP_BONUS","is_prod":false,"is_daily":false,"chose_seed":false,"campfire_upgraded":4,"win_rate":0.0,"timestamp":1557574824,"path_taken":["M","?","?","M","M","E","R","M","T","M","M","E","M","?","R","BOSS","M","$","?","?","?","E","M","R","T","?","M","M","R","M","R","BOSS","M","?","?","M","M","R","E","M","T","$","M","R","?","?","R","BOSS"],"build_version":"2019-01-23","purchased_purges":0,"victory":true,"max_hp_per_floor":[82,82,82,82,82,82,82,82,82,82,82,82,82,82,82,82,82,82,82,82,82,96,96,96,96,96,96,96,96,96,96,96,96,96,96,96,96,96,96,96,96,96,96,96,96,96,96,96,96,96],"card_choices":[{"not_picked":["Ball Lightning","Hologram"],"picked":"Cold Snap","floor":1},{"not_picked":["Steam","Coolheaded"],"picked":"Sweeping Beam","floor":4},{"not_picked":["Fusion","Leap"],"picked":"Static Discharge","floor":5},{"not_picked":["Redo","Streamline"],"picked":"Go for the Eyes","floor":6},{"not_picked":["Leap","Lockon","Thunder Strike"],"picked":"Conserve Battery","floor":8},{"not_picked":["Skim","Hologram","Gash"],"picked":"Conserve Battery","floor":10},{"not_picked":["Heatsinks","Hologram","Gash"],"picked":"Stack","floor":11},{"not_picked":["Defragment","Coolheaded","Steam Power"],"picked":"Self Repair","floor":12},{"not_picked":["Streamline","Skim","Barrage"],"picked":"Steam","floor":13},{"not_picked":["Rainbow","Compile Driver","Steam"],"picked":"Redo","floor":14},{"not_picked":["Reboot","Thunder Strike","Seek"],"picked":"All For One","floor":16},{"not_picked":["Barrage+1","Skim+1","Stack"],"picked":"Capacitor+1","floor":18},{"not_picked":["Heatsinks","Coolheaded","Stack"],"picked":"Hologram+1","floor":23},{"not_picked":["Double Energy","Barrage","Redo"],"picked":"Compile Driver","floor":24},{"not_picked":["Hologram","Reboot","Fusion"],"picked":"Loop+1","floor":28},{"not_picked":["Lockon","Steam","Scrape+1"],"picked":"Compile Driver","floor":29},{"not_picked":["Beam Cell+1","Redo","Steam Power"],"picked":"Compile Driver","floor":31},{"not_picked":["Multi-Cast","Buffer","Machine Learning"],"picked":"Electrodynamics","floor":33},{"not_picked":["Streamline+1","Beam Cell","Darkness+1"],"picked":"Chill","floor":35},{"not_picked":["Blizzard+1","Heatsinks+1","Redo+1"],"picked":"Cold Snap","floor":37},{"not_picked":["Leap+1","Capacitor+1","Double Energy"],"picked":"Beam Cell+1","floor":38},{"not_picked":["Heatsinks","Steam+1","Capacitor+1"],"picked":"Fusion+1","floor":39},{"not_picked":["Leap","All For One","BootSequence+1"],"picked":"Auto Shields","floor":41},{"not_picked":["Redo+1","Lockon+1","Sweeping Beam"],"picked":"Cold Snap+1","floor":42},{"not_picked":["Sweeping Beam+1","FTL","Barrage+1"],"picked":"Glacier+1","floor":45},{"not_picked":["Hologram+1","Gash","Multi-Cast+1"],"picked":"Coolheaded+1","floor":48}],"player_experience":21602,"relics_obtained":[{"floor":6,"key":"Question Card"},{"floor":9,"key":"Happy Flower"},{"floor":12,"key":"Vajra"},{"floor":22,"key":"Mango"},{"floor":23,"key":"Pen Nib"},{"floor":26,"key":"Pantograph"},{"floor":41,"key":"Whetstone"},{"floor":43,"key":"Kunai"},{"floor":48,"key":"Incense Burner"}],"event_choices":[{"damage_healed":0,"gold_gain":0,"player_choice":"Take Wound","damage_taken":0,"relics_obtained":["Golden Idol"],"max_hp_gain":0,"max_hp_loss":0,"event_name":"Golden Idol","floor":2,"gold_loss":0,"cards_obtained":["Injury"]},{"damage_healed":0,"gold_gain":0,"player_choice":"Bought 0 Potions","damage_taken":0,"max_hp_gain":0,"max_hp_loss":0,"event_name":"The Woman in Blue","floor":3,"gold_loss":0},{"damage_healed":0,"gold_gain":0,"player_choice":"Ignored","damage_taken":0,"max_hp_gain":0,"max_hp_loss":0,"event_name":"Ghosts","floor":20,"gold_loss":0},{"damage_healed":0,"gold_gain":0,"player_choice":"Gave Idol","damage_taken":0,"relics_obtained":["Bloody Idol"],"max_hp_gain":0,"max_hp_loss":0,"event_name":"Forgotten Altar","floor":27,"relics_lost":["Golden Idol"],"gold_loss":0},{"damage_healed":0,"gold_gain":100,"player_choice":"Pray","damage_taken":0,"max_hp_gain":0,"max_hp_loss":0,"event_name":"Golden Shrine","floor":36,"gold_loss":0},{"cards_removed":["All For One"],"damage_healed":0,"gold_gain":0,"player_choice":"Removed Attack","damage_taken":0,"max_hp_gain":0,"max_hp_loss":0,"event_name":"Falling","floor":47,"gold_loss":0},{"damage_healed":0,"gold_gain":0,"player_choice":"Fight","damage_taken":0,"max_hp_gain":0,"max_hp_loss":0,"event_name":"MindBloom","floor":48,"gold_loss":0}],"is_beta":false,"boss_relics":[{"not_picked":["Fusion Hammer","Coffee Dripper"],"picked":"Lizard Tail"},{"not_picked":["Inserter","Empty Cage"],"picked":"Eternal Feather"}],"items_purged_floors":[],"is_endless":false,"potions_floor_spawned":[5,8,10,11,13,14,18,24,31,33,35,39,42,48],"ascension_level":0}