{"gold_per_floor":[114,129,144,159,174,204,204,234,234,249,249,264,164,179,179,279,279,294,219,234,434,449,479,479,479,479,509,509,524,539,554,554,554],"floor_reached":33,"playtime":2571,"items_purged":[],"score":405,"play_id":"5fe268df-902f-40b7-8584-1c4ed36227e8","local_time":"20190519235237","daily_mods":["Shiny","Green Cards","Elite Swarm"],"is_ascension_mode":false,"campfire_choices":[{"data":"Seek","floor":7,"key":"SMITH"},{"floor":11,"key":"REST"},{"floor":15,"key":"REST"},{"floor":25,"key":"REST"},{"data":"Storm","floor":28,"key":"SMITH"},{"floor":32,"key":"REST"}],"neow_cost":"","seed_source_timestamp":213490775836753,"circlet_count":0,"master_deck":["Venomology","Corpse Explosion","Malaise","Phantasmal Killer","Die Die Die","Adrenaline","Envenom","Doppelganger","Burst","Wraith Form v2","Tools of the Trade","Night Terror","Unload","After Image","Bullet Time","Storm of Steel","Glass Knife","A Thousand Cuts","Multi-Cast","Hyperbeam","Thunder Strike","Biased Cognition","Machine Learning","Electrodynamics","Buffer","Rainbow","Seek+1","Meteor Strike","Echo Form","All For One","Reboot","Amplify","Creative AI","Fission","Core Surge","Blade Dance","Self Repair","Amplify","Storm+1","Storm","Hologram","Bullet Time","Adrenaline","Electrodynamics"],"special_seed":18036,"relics":["Cracked Core","Mango","Lantern","Blue Candle","Philosopher\u0027s Stone","Bag of Marbles","Dodecahedron","Anchor"],"potions_floor_usage":[5,6,6,8,8,10,14,14,18,20,22,22,23,23,24,27,30,33,33],"damage_taken":[{"damage":15,"enemies":"Cultist","floor":1,"turns":4},{"damage":0,"enemies":"Small Slimes","floor":2,"turns":2},{"damage":9,"enemies":"Jaw Worm","floor":3,"turns":4},{"damage":13,"enemies":"Red Slaver","floor":4,"turns":3},{"damage":7,"enemies":"Blue Slaver","floor":5,"turns":3},{"damage":7,"enemies":"Gremlin Nob","floor":6,"turns":5},{"damage":20,"enemies":"3 Sentries","floor":8,"turns":3},{"damage":28,"enemies":"Exordium Thugs","floor":10,"turns":4},{"damage":0,"enemies":"Gremlin Gang","floor":12,"turns":1},{"damage":0,"enemies":"Exordium Wildlife","floor":14,"turns":1},{"damage":0,"enemies":"Slime Boss","floor":16,"turns":5},{"damage":0,"enemies":"Spheric Guardian","floor":18,"turns":2},{"damage":40,"enemies":"Shell Parasite","floor":20,"turns":4},{"damage":17,"enemies":"Snecko","floor":22,"turns":4},{"damage":52,"enemies":"Slavers","floor":23,"turns":4},{"damage":0,"enemies":"Snake Plant","floor":24,"turns":1},{"damage":14,"enemies":"Gremlin Leader","floor":27,"turns":5},{"damage":2,"enemies":"Cultist and Chosen","floor":29,"turns":3},{"damage":31,"enemies":"Shelled Parasite and Fungi","floor":30,"turns":3},{"damage":14,"enemies":"3 Cultists","floor":31,"turns":3},{"damage":48,"enemies":"Collector","floor":33,"turns":5}],"seed_played":"1966369025298368100","potions_obtained":[{"floor":1,"key":"Ancient Potion"},{"floor":5,"key":"FocusPotion"},{"floor":6,"key":"FairyPotion"},{"floor":8,"key":"SmokeBomb"},{"floor":14,"key":"Ancient Potion"},{"floor":16,"key":"FocusPotion"},{"floor":20,"key":"SkillPotion"},{"floor":22,"key":"Block Potion"},{"floor":23,"key":"Fruit Juice"},{"floor":27,"key":"PowerPotion"},{"floor":29,"key":"SpeedPotion"}],"is_trial":false,"path_per_floor":["M","M","M","M","M","E","R","E","T","M","R","M","$","M","R","B",null,"M","?","M","?","M","E","M","R","T","E","R","M","M","M","R","B"],"character_chosen":"DEFECT","items_purchased":["Fire Potion","Fire Potion"],"campfire_rested":4,"item_purchase_floors":[13,13],"current_hp_per_floor":[60,60,51,38,31,45,45,25,25,15,41,41,41,41,67,74,89,89,89,63,63,53,6,6,34,34,34,34,32,15,8,36,0],"gold":554,"neow_bonus":"","is_prod":false,"is_daily":true,"chose_seed":false,"campfire_upgraded":2,"win_rate":0,"timestamp":1558324357,"path_taken":["M","?","M","M","M","E","R","E","T","M","R","M","$","M","R","BOSS","M","?","M","?","M","E","?","R","T","E","R","M","M","M","R","BOSS"],"build_version":"2019-01-23","purchased_purges":0,"victory":false,"max_hp_per_floor":[75,75,75,75,75,89,89,89,89,89,89,89,89,89,89,89,89,89,89,89,89,89,94,94,94,94,94,94,94,94,94,94,94],"card_choices":[{"not_picked":["Riddle With Holes","Finisher","BootSequence"],"picked":"SKIP","floor":1},{"not_picked":["Endless Agony","Dagger Throw"],"picked":"Blade Dance","floor":2},{"not_picked":["BootSequence","Hello World","Skim"],"picked":"SKIP","floor":3},{"not_picked":["Melter","Riddle With Holes","Conserve Battery"],"picked":"SKIP","floor":4},{"not_picked":["Underhanded Strike","Crippling Poison"],"picked":"Self Repair","floor":5},{"not_picked":["Biased Cognition","All For One","Core Surge"],"picked":"SKIP","floor":6},{"not_picked":["Hyperbeam","Corpse Explosion"],"picked":"Amplify","floor":8},{"not_picked":["Defragment","Cold Snap"],"picked":"Storm","floor":10},{"not_picked":["Sucker Punch","Redo"],"picked":"Storm","floor":12},{"not_picked":["Skim","Fusion"],"picked":"Hologram","floor":14},{"not_picked":["Night Terror","Biased Cognition"],"picked":"Bullet Time","floor":16},{"not_picked":["Bane","Beam Cell","Steam Power+1"],"picked":"SKIP","floor":18},{"not_picked":["All Out Attack+1","Melter+1","Streamline+1"],"picked":"SKIP","floor":20},{"not_picked":["Beam Cell","Doom and Gloom+1","Sucker Punch"],"picked":"SKIP","floor":22},{"not_picked":["Doppelganger","A Thousand Cuts"],"picked":"Adrenaline","floor":23},{"not_picked":["Rainbow","Night Terror"],"picked":"Electrodynamics","floor":27},{"not_picked":["Flechettes+1","Hologram","Outmaneuver"],"picked":"SKIP","floor":29},{"not_picked":["Finisher+1","Outmaneuver","Bane"],"picked":"SKIP","floor":30},{"not_picked":["Sucker Punch+1","Blizzard","Caltrops"],"picked":"SKIP","floor":31}],"player_experience":202899,"relics_obtained":[{"floor":6,"key":"Mango"},{"floor":8,"key":"Lantern"},{"floor":9,"key":"Blue Candle"},{"floor":23,"key":"Bag of Marbles"},{"floor":26,"key":"Dodecahedron"},{"floor":27,"key":"Anchor"}],"event_choices":[{"cards_removed":["Grand Finale"],"damage_healed":0,"gold_gain":0,"player_choice":"Gave Gold","damage_taken":0,"max_hp_gain":0,"max_hp_loss":0,"event_name":"Beggar","floor":19,"gold_loss":75},{"damage_healed":0,"gold_gain":250,"player_choice":"Bet on Owner","damage_taken":0,"max_hp_gain":0,"max_hp_loss":0,"event_name":"The Joust","floor":21,"gold_loss":50}],"is_beta":false,"boss_relics":[{"not_picked":["Cursed Key","White Beast Statue"],"picked":"Philosopher\u0027s Stone"}],"items_purged_floors":[],"is_endless":false,"potions_floor_spawned":[1,5,6,8,14,16,20,22,23,27,29],"killed_by":"Collector","ascension_level":0}