{"gold_per_floor":[114,129,129,129,144,144,194,194,194,74,89,104,134,149,149,249,249,264,264,279,304,304,304,229,229,304,334,334,349,349,374,374,474,474,489,489,489,489,589,589],"floor_reached":40,"playtime":2017,"items_purged":[],"score":750,"play_id":"c5546d3a-a391-4415-ae0c-afa1dd85e905","local_time":"20190604211239","daily_mods":["Insanity","Colorless Cards","Lethality"],"is_ascension_mode":false,"campfire_choices":[{"data":"Apotheosis","floor":6,"key":"SMITH"},{"data":"Clash","floor":8,"key":"SMITH"},{"data":"Secret Weapon","floor":15,"key":"SMITH"},{"data":"Sadistic Nature","floor":23,"key":"SMITH"},{"floor":28,"key":"REST"},{"floor":30,"key":"REST"},{"floor":32,"key":"REST"}],"neow_cost":"","seed_source_timestamp":0,"circlet_count":0,"master_deck":["Cleave","Sword Boomerang","Flame Barrier","Madness","Warcry","Perfected Strike","Flex","Pummel","Reckless Charge","Searing Blow","Flex","Twin Strike","Shrug It Off","Body Slam","Sword Boomerang","Purity","Headbutt","Sword Boomerang","Reckless Charge","Flex","Twin Strike","Warcry","Warcry","Reckless Charge","Trip","Cleave","Reckless Charge","Armaments","Body Slam","Sword Boomerang","Anger","Twin Strike","Second Wind","Finesse","Iron Wave","Clash+1","Headbutt","Twin Strike","Heavy Blade","Pommel Strike","Pommel Strike","Headbutt","Iron Wave","Iron Wave","Purity","Dropkick","Shrug It Off","Shrug It Off","Dropkick","Deep Breath","Apotheosis+1","Cleave","Warcry","Dramatic Entrance","Cleave","Secret Weapon+1","Sadistic Nature+1","Injury","Clumsy","Clothesline","Pommel Strike","Heavy Blade+1","Clash","Sword Boomerang","Demon Form","Dark Embrace","Warcry","Flex+1","Writhe","Pommel Strike+1"],"special_seed":18052,"relics":["Burning Blood","Letter Opener","Tiny Chest","Mercury Hourglass","Calling Bell","Ginger","Mummified Hand","Happy Flower","Juzu Bracelet","Prayer Wheel","Bottled Lightning","FossilizedHelix","Dream Catcher","Mark of Pain","Pocketwatch"],"potions_floor_usage":[12,13,16,16,27,27,33],"damage_taken":[{"damage":0,"enemies":"Cultist","floor":1,"turns":1},{"damage":0,"enemies":"2 Louse","floor":2,"turns":1},{"damage":0,"enemies":"Jaw Worm","floor":5,"turns":2},{"damage":0,"enemies":"2 Fungi Beasts","floor":11,"turns":2},{"damage":0,"enemies":"Exordium Wildlife","floor":12,"turns":1},{"damage":0,"enemies":"Lagavulin","floor":13,"turns":2},{"damage":0,"enemies":"3 Louse","floor":14,"turns":1},{"damage":0,"enemies":"Slime Boss","floor":16,"turns":4},{"damage":11,"enemies":"Spheric Guardian","floor":18,"turns":3},{"damage":33,"enemies":"3 Byrds","floor":20,"turns":3},{"damage":18,"enemies":"Book of Stabbing","floor":27,"turns":2},{"damage":0,"enemies":"3 Cultists","floor":29,"turns":2},{"damage":0,"enemies":"Collector","floor":33,"turns":7},{"damage":0,"enemies":"3 Darklings","floor":35,"turns":3},{"damage":22,"enemies":"Mind Bloom Boss Battle","floor":39,"turns":4},{"damage":113,"enemies":"Nemesis","floor":40,"turns":5}],"seed_played":"-9095787550937989564","potions_obtained":[{"floor":2,"key":"AttackPotion"},{"floor":12,"key":"FearPotion"},{"floor":13,"key":"GamblersBrew"},{"floor":14,"key":"PowerPotion"},{"floor":16,"key":"SteroidPotion"},{"floor":20,"key":"SteroidPotion"},{"floor":27,"key":"FairyPotion"},{"floor":29,"key":"Strength Potion"},{"floor":39,"key":"Explosive Potion"}],"is_trial":false,"path_per_floor":["M","M","$","?","M","R","?","R","T","$","M","M","E","M","R","B",null,"M","?","M","T","?","R","?","T","T","E","R","M","R","T","R","B",null,"M","?","?","?","?","E"],"character_chosen":"IRONCLAD","items_purchased":["Tiny Chest"],"campfire_rested":3,"item_purchase_floors":[10],"current_hp_per_floor":[80,80,80,80,80,80,80,80,80,80,80,80,80,80,80,80,80,75,60,33,33,61,61,61,61,61,49,74,80,85,85,85,85,85,85,82,82,85,69,0],"gold":589,"neow_bonus":"","is_prod":false,"is_daily":true,"chose_seed":false,"campfire_upgraded":4,"win_rate":0,"timestamp":1559697159,"path_taken":["M","M","$","?","M","R","?","R","T","?","M","M","E","M","R","BOSS","M","?","M","?","?","R","?","?","T","E","R","M","R","?","R","BOSS","M","?","?","?","?","E"],"build_version":"2019-01-23","purchased_purges":0,"victory":false,"max_hp_per_floor":[80,80,80,80,80,80,80,80,80,80,80,80,80,80,80,80,80,80,85,85,85,85,85,85,85,85,85,85,85,85,85,85,85,85,85,85,85,85,85,85],"card_choices":[{"not_picked":["Sword Boomerang","Blood for Blood"],"picked":"Dropkick","floor":1},{"not_picked":["Clothesline","Power Through"],"picked":"Deep Breath","floor":2},{"not_picked":["Havoc","Warcry"],"picked":"Cleave","floor":5},{"not_picked":["Twin Strike","Enlightenment"],"picked":"Warcry","floor":11},{"not_picked":["Twin Strike","Headbutt"],"picked":"Dramatic Entrance","floor":12},{"not_picked":["Sword Boomerang","Clothesline"],"picked":"Cleave","floor":13},{"not_picked":["Twin Strike","Clothesline"],"picked":"Secret Weapon","floor":14},{"not_picked":["Dark Embrace","Mayhem"],"picked":"Sadistic Nature","floor":16},{"not_picked":["Trip","Armaments"],"picked":"Clothesline","floor":18},{"not_picked":["Deep Breath","Shrug It Off"],"picked":"Pommel Strike","floor":20},{"not_picked":["Forethought","Havoc"],"picked":"Heavy Blade+1","floor":27},{"not_picked":["Shrug It Off","Body Slam+1"],"picked":"Clash","floor":29},{"not_picked":["Clothesline","Twin Strike"],"picked":"Sword Boomerang","floor":29},{"not_picked":["Whirlwind+1","Thunderclap"],"picked":"Demon Form","floor":32},{"not_picked":["Mayhem","Apotheosis"],"picked":"Dark Embrace","floor":33},{"not_picked":["Enlightenment","PanicButton"],"picked":"Warcry","floor":35},{"not_picked":["Deep Breath","Havoc+1"],"picked":"Flex+1","floor":35},{"not_picked":["Armaments","Warcry+1"],"picked":"Pommel Strike+1","floor":39}],"player_experience":340713,"relics_obtained":[{"floor":9,"key":"Letter Opener"},{"floor":13,"key":"Mercury Hourglass"},{"floor":17,"key":"Ginger"},{"floor":17,"key":"Mummified Hand"},{"floor":17,"key":"Happy Flower"},{"floor":21,"key":"Juzu Bracelet"},{"floor":25,"key":"Prayer Wheel"},{"floor":26,"key":"Bottled Lightning"},{"floor":27,"key":"FossilizedHelix"},{"floor":31,"key":"Dream Catcher"},{"floor":39,"key":"Pocketwatch"}],"event_choices":[{"damage_healed":0,"gold_gain":0,"cards_transformed":["Impatience"],"player_choice":"Change","damage_taken":0,"max_hp_gain":0,"max_hp_loss":0,"event_name":"Living Wall","floor":4,"gold_loss":0,"cards_obtained":["Apotheosis"]},{"damage_healed":0,"gold_gain":50,"player_choice":"Gained Gold","damage_taken":0,"max_hp_gain":0,"max_hp_loss":0,"event_name":"Golden Wing","floor":7,"gold_loss":0},{"damage_healed":0,"gold_gain":0,"player_choice":"Shed Blood","damage_taken":20,"max_hp_gain":5,"max_hp_loss":0,"event_name":"Forgotten Altar","floor":19,"gold_loss":0},{"damage_healed":28,"gold_gain":0,"player_choice":"Heal","damage_taken":0,"max_hp_gain":0,"max_hp_loss":0,"event_name":"The Library","floor":22,"gold_loss":0},{"cards_removed":["Shame"],"damage_healed":0,"gold_gain":0,"player_choice":"Gave Gold","damage_taken":0,"max_hp_gain":0,"max_hp_loss":0,"event_name":"Beggar","floor":24,"gold_loss":75},{"damage_healed":0,"gold_gain":0,"player_choice":"Punched","damage_taken":3,"max_hp_gain":0,"max_hp_loss":0,"event_name":"Designer","floor":36,"gold_loss":0},{"cards_removed":["Shrug It Off"],"damage_healed":0,"gold_gain":0,"player_choice":"Removed Skill","damage_taken":0,"max_hp_gain":0,"max_hp_loss":0,"event_name":"Falling","floor":37,"gold_loss":0},{"damage_healed":21,"gold_gain":0,"player_choice":"Writhe","damage_taken":0,"max_hp_gain":0,"max_hp_loss":0,"event_name":"Winding Halls","floor":38,"gold_loss":0,"cards_obtained":["Writhe"]},{"damage_healed":0,"gold_gain":0,"player_choice":"Fight","damage_taken":0,"max_hp_gain":0,"max_hp_loss":0,"event_name":"MindBloom","floor":39,"gold_loss":0}],"is_beta":false,"boss_relics":[{"not_picked":["Black Blood","Velvet Choker"],"picked":"Calling Bell"},{"not_picked":["Tiny House","Lizard Tail"],"picked":"Mark of Pain"}],"items_purged_floors":[],"is_endless":false,"potions_floor_spawned":[2,12,13,14,16,20,27,29,39],"killed_by":"Nemesis","ascension_level":0}