{"gold_per_floor":[214,116,86,97,97,97,152,54,77,77,97,97,97,117,117,212,212,227,245,265,283,183,183,214,214,214,514,530,546,130,145,145,243,243,254,0,18,18,18,18,30,30,30,30,46,58,107,107,107,107],"floor_reached":50,"playtime":2880,"items_purged":["Strike_G","Strike_G","Strike_G"],"score":487,"play_id":"6bc9aeb5-0bd0-41d2-ab82-cdb9d3f62f47","local_time":"20190708011834","is_ascension_mode":false,"campfire_choices":[{"data":"Footwork","floor":6,"key":"SMITH"},{"data":"Noxious Fumes","floor":10,"key":"SMITH"},{"data":"Flying Knee","floor":12,"key":"SMITH"},{"floor":15,"key":"REST"},{"data":"Backflip","floor":23,"key":"SMITH"},{"floor":25,"key":"REST"},{"data":"Catalyst","floor":32,"key":"SMITH"},{"data":"Backflip","floor":40,"key":"SMITH"},{"data":"Poisoned Stab","floor":42,"key":"SMITH"},{"data":"Quick Slash","floor":44,"key":"SMITH"},{"floor":49,"key":"REST"}],"neow_cost":"NONE","seed_source_timestamp":41983831756434,"circlet_count":0,"master_deck":["Strike_G","Defend_G","Defend_G","Defend_G","Defend_G","Defend_G","Survivor","Neutralize","Flying Knee+1","Poisoned Stab+1","Footwork+1","Quick Slash+1","Noxious Fumes+1","Quick Slash","Deadly Poison","Unload","Finisher+1","Backflip+1","Catalyst+1","Dramatic Entrance+1","Sucker Punch+1","Venomology","Backflip+1","Masterful Stab+1","Sucker Punch+1"],"relics":["Ring of the Snake","Happy Flower","Tiny Chest","Bronze Scales","Thread and Needle","Philosopher\u0027s Stone","Molten Egg 2","Bag of Marbles","Old Coin","Lee\u0027s Waffle","Black Star","Red Mask","Dodecahedron","Ginger"],"potions_floor_usage":[7,21,24,33,41,41,45,45,45,45,45,47,50,50,50,50],"damage_taken":[{"damage":1,"enemies":"2 Louse","floor":1,"turns":4},{"damage":0,"enemies":"Cultist","floor":4,"turns":3},{"damage":15,"enemies":"Gremlin Nob","floor":7,"turns":5},{"damage":0,"enemies":"Jaw Worm","floor":11,"turns":2},{"damage":9,"enemies":"Red Slaver","floor":14,"turns":2},{"damage":24,"enemies":"Slime Boss","floor":16,"turns":9},{"damage":10,"enemies":"Shell Parasite","floor":18,"turns":4},{"damage":0,"enemies":"Chosen","floor":19,"turns":4},{"damage":8,"enemies":"Snake Plant","floor":20,"turns":4},{"damage":14,"enemies":"Shelled Parasite and Fungi","floor":21,"turns":4},{"damage":1,"enemies":"Book of Stabbing","floor":24,"turns":5},{"damage":14,"enemies":"Chosen and Byrds","floor":28,"turns":5},{"damage":0,"enemies":"3 Cultists","floor":29,"turns":5},{"damage":1,"enemies":"Snecko","floor":31,"turns":5},{"damage":14,"enemies":"Champ","floor":33,"turns":10},{"damage":0,"enemies":"Orb Walker","floor":35,"turns":4},{"damage":7,"enemies":"3 Shapes","floor":37,"turns":3},{"damage":2,"enemies":"Transient","floor":41,"turns":5},{"damage":0,"enemies":"Sphere and 2 Shapes","floor":45,"turns":2},{"damage":3,"enemies":"Jaw Worm Horde","floor":46,"turns":4},{"damage":19,"enemies":"2 Orb Walkers","floor":47,"turns":6},{"damage":67,"enemies":"Time Eater","floor":50,"turns":10}],"seed_played":"4123984078830755093","potions_obtained":[{"floor":1,"key":"Energy Potion"},{"floor":3,"key":"GamblersBrew"},{"floor":3,"key":"LiquidBronze"},{"floor":4,"key":"Regen Potion"},{"floor":14,"key":"EssenceOfSteel"},{"floor":21,"key":"SteroidPotion"},{"floor":28,"key":"Explosive Potion"},{"floor":29,"key":"Strength Potion"},{"floor":37,"key":"Fire Potion"},{"floor":41,"key":"EssenceOfSteel"},{"floor":47,"key":"Weak Potion"}],"is_trial":false,"path_per_floor":["M","$","?","M","?","R","E","$","T","R","M","R","T","M","R","B",null,"M","M","M","M","$","R","E","R","T","?","M","M","$","M","R","B",null,"M","?","M","?","?","R","M","R","T","R","M","M","?","?","R","B"],"character_chosen":"THE_SILENT","items_purchased":["Poisoned Stab","Noxious Fumes","Quick Slash","Lee\u0027s Waffle","Dramatic Entrance+1"],"campfire_rested":3,"item_purchase_floors":[2,8,8,30,30],"current_hp_per_floor":[69,69,69,69,69,69,54,54,54,54,54,54,54,45,66,42,70,60,60,52,50,50,50,49,70,70,70,56,56,77,76,76,62,77,77,77,70,70,70,70,68,68,68,68,68,65,46,46,67,0],"gold":107,"neow_bonus":"HUNDRED_GOLD","is_prod":false,"is_daily":false,"chose_seed":false,"campfire_upgraded":8,"win_rate":0,"timestamp":1562541514,"path_taken":["M","$","?","?","?","R","E","$","T","R","?","R","?","M","R","BOSS","M","M","?","M","$","R","E","R","T","?","M","M","$","M","R","BOSS","M","?","M","?","?","R","?","R","T","R","M","M","?","?","R","BOSS"],"build_version":"2019-07-05","purchased_purges":3,"victory":false,"max_hp_per_floor":[70,70,70,70,70,70,70,70,70,70,70,70,70,70,70,70,70,70,70,70,70,70,70,70,70,70,70,70,70,77,77,77,77,77,77,77,77,77,77,77,77,77,77,77,77,77,77,73,73,73],"card_choices":[{"not_picked":["Footwork","Catalyst"],"picked":"Flying Knee","floor":1},{"not_picked":["PiercingWail","Well Laid Plans"],"picked":"Footwork","floor":4},{"not_picked":["Outmaneuver","Riddle With Holes"],"picked":"Quick Slash","floor":7},{"not_picked":["Choke","Dagger Throw","Cloak And Dagger"],"picked":"SKIP","floor":11},{"not_picked":["Expertise","Dagger Spray"],"picked":"Deadly Poison","floor":14},{"not_picked":["Malaise","Night Terror"],"picked":"Unload","floor":16},{"not_picked":["Dagger Throw","Deadly Poison"],"picked":"Finisher+1","floor":18},{"not_picked":["Cloak And Dagger","PiercingWail","Dodge and Roll+1"],"picked":"SKIP","floor":19},{"not_picked":["Acrobatics+1","Underhanded Strike","Escape Plan"],"picked":"SKIP","floor":20},{"not_picked":["Deflect","Bane"],"picked":"Backflip","floor":21},{"not_picked":["Doppelganger","Reflex","Prepared"],"picked":"SKIP","floor":24},{"not_picked":["Flying Knee+1","Reflex"],"picked":"Catalyst","floor":28},{"not_picked":["Footwork","Infinite Blades","Escape Plan+1"],"picked":"SKIP","floor":29},{"not_picked":["Acrobatics","Slice+1"],"picked":"Sucker Punch+1","floor":31},{"not_picked":["Wraith Form v2","Tools of the Trade"],"picked":"Venomology","floor":33},{"not_picked":["Poisoned Stab+1","Dagger Spray+1"],"picked":"Backflip","floor":35},{"not_picked":["Prepared","Riddle With Holes+1","Eviscerate+1"],"picked":"SKIP","floor":37},{"not_picked":["Crippling Poison","Riddle With Holes+1"],"picked":"Masterful Stab+1","floor":41},{"not_picked":["PiercingWail","Night Terror"],"picked":"Sucker Punch+1","floor":45},{"not_picked":["Underhanded Strike+1","Reflex","Outmaneuver"],"picked":"SKIP","floor":46}],"player_experience":63748,"relics_obtained":[{"floor":7,"key":"Tiny Chest"},{"floor":9,"key":"Bronze Scales"},{"floor":13,"key":"Thread and Needle"},{"floor":24,"key":"Molten Egg 2"},{"floor":26,"key":"Bag of Marbles"},{"floor":43,"key":"Dodecahedron"},{"floor":47,"key":"Ginger"}],"event_choices":[{"damage_healed":0,"gold_gain":0,"player_choice":"Bought 2 Potions","damage_taken":0,"max_hp_gain":0,"max_hp_loss":0,"event_name":"The Woman in Blue","floor":3,"gold_loss":0},{"damage_healed":0,"gold_gain":0,"player_choice":"Gave Potion","damage_taken":0,"relics_obtained":["Happy Flower"],"max_hp_gain":0,"max_hp_loss":0,"event_name":"WeMeetAgain","floor":5,"gold_loss":0},{"damage_healed":0,"gold_gain":0,"player_choice":"Opened","damage_taken":0,"relics_obtained":["Old Coin"],"max_hp_gain":0,"max_hp_loss":0,"event_name":"The Mausoleum","floor":27,"gold_loss":0},{"damage_healed":0,"gold_gain":0,"player_choice":"Paid","damage_taken":0,"relics_obtained":["Red Mask"],"max_hp_gain":0,"max_hp_loss":0,"event_name":"Tomb of Lord Red Mask","floor":36,"gold_loss":254},{"cards_removed":["Strike_G"],"damage_healed":0,"gold_gain":0,"player_choice":"Removed Attack","damage_taken":0,"max_hp_gain":0,"max_hp_loss":0,"event_name":"Falling","floor":38,"gold_loss":0},{"damage_healed":0,"gold_gain":0,"player_choice":"Ignored","damage_taken":0,"max_hp_gain":0,"max_hp_loss":0,"event_name":"NoteForYourself","floor":39,"gold_loss":0},{"damage_healed":0,"gold_gain":0,"player_choice":"Fight","damage_taken":0,"max_hp_gain":0,"max_hp_loss":0,"event_name":"Mysterious Sphere","floor":47,"gold_loss":0},{"damage_healed":0,"gold_gain":0,"player_choice":"Max HP","damage_taken":0,"max_hp_gain":0,"max_hp_loss":4,"event_name":"Winding Halls","floor":48,"gold_loss":0}],"is_beta":false,"boss_relics":[{"not_picked":["Calling Bell","Busted Crown"],"picked":"Philosopher\u0027s Stone"},{"not_picked":["Eternal Feather","WristBlade"],"picked":"Black Star"}],"items_purged_floors":[2,22,30],"is_endless":false,"potions_floor_spawned":[1,4,14,21,28,29,37,41,47],"killed_by":"Time Eater","ascension_level":0}