{"gold_per_floor":[119,294,314,31,31,31,63,83,83,118,118,118,118,133,133,232,232,243,253,268,8,22,22,56,56,86,86,361,35,35,35,35,136,136,155,155,94,94,113,144,144,172,198,231,245,290,290,19,19,19],"floor_reached":51,"playtime":2965,"items_purged":["Doubt","Regret","Doubt"],"score":1249,"play_id":"570511b9-31d7-40af-ae80-abe687a59d27","local_time":"20190715164132","is_ascension_mode":true,"campfire_choices":[{"floor":11.0,"key":"REST"},{"floor":13.0,"key":"REST"},{"data":"Footwork","floor":15,"key":"SMITH"},{"data":"Crippling Poison","floor":23,"key":"SMITH"},{"data":"Poisoned Stab","floor":25,"key":"SMITH"},{"data":"Dash","floor":27,"key":"SMITH"},{"data":"Sucker Punch","floor":32,"key":"SMITH"},{"data":"Neutralize","floor":41,"key":"SMITH"},{"floor":49,"key":"REST"}],"neow_cost":"NONE","seed_source_timestamp":264160922516500,"circlet_count":0,"master_deck":["Strike_G","Strike_G","Strike_G","Strike_G","Strike_G","Defend_G+1","Defend_G","Defend_G","Defend_G","Defend_G","Survivor","Neutralize+1","Adrenaline+1","Quick Slash+1","Sucker Punch+1","Footwork+1","Crippling Poison+1","PiercingWail+1","Poisoned Stab+1","Adrenaline+1","Cloak And Dagger+1","Burst+1","Dodge and Roll+1","Escape Plan+1","Poisoned Stab+1","Dash+1","Leg Sweep+1","Catalyst+1","Deflect+1","Catalyst+1","Burst+1","Acrobatics+1","Malaise+1","Poisoned Stab+1","Good Instincts+1","Bouncing Flask+1","Madness+1","Madness+1","Catalyst+1","Catalyst+1","Catalyst+1","Noxious Fumes","Deadly Poison+1","Well Laid Plans","Finesse+1"],"special_seed":0,"relics":["Ring of the Snake","Toxic Egg 2","War Paint","Bag of Marbles","Snake Skull","Cursed Key","Lantern","The Courier","Tiny Chest","Eternal Feather","Ornamental Fan","Potion Belt","Oddly Smooth Stone","Bottled Tornado","Turnip"],"potions_floor_usage":[47,50,50,50],"damage_taken":[{"damage":0.0,"enemies":"2 Louse","floor":1.0,"turns":3.0},{"damage":8.0,"enemies":"Small Slimes","floor":3.0,"turns":6.0},{"damage":29.0,"enemies":"3 Sentries","floor":7.0,"turns":9.0},{"damage":4.0,"enemies":"Cultist","floor":8.0,"turns":4.0},{"damage":22.0,"enemies":"Lagavulin","floor":10.0,"turns":7.0},{"damage":0.0,"enemies":"2 Fungi Beasts","floor":14.0,"turns":3.0},{"damage":23,"enemies":"The Guardian","floor":16,"turns":12},{"damage":0,"enemies":"Shell Parasite","floor":18,"turns":2},{"damage":0,"enemies":"3 Byrds","floor":19,"turns":5},{"damage":0,"enemies":"Snake Plant","floor":20,"turns":4},{"damage":0,"enemies":"Centurion and Healer","floor":22,"turns":9},{"damage":0,"enemies":"Book of Stabbing","floor":24,"turns":4},{"damage":0,"enemies":"Collector","floor":33,"turns":3},{"damage":5,"enemies":"3 Shapes","floor":35,"turns":4},{"damage":11,"enemies":"3 Darklings","floor":39,"turns":5},{"damage":0,"enemies":"Reptomancer","floor":40,"turns":2},{"damage":14,"enemies":"Nemesis","floor":42,"turns":5},{"damage":20,"enemies":"Giant Head","floor":44,"turns":7},{"damage":0,"enemies":"Sphere and 2 Shapes","floor":45,"turns":5},{"damage":16,"enemies":"2 Orb Walkers","floor":46,"turns":4},{"damage":0,"enemies":"4 Shapes","floor":47,"turns":1},{"damage":0,"enemies":"Time Eater","floor":50,"turns":3}],"seed_played":"788301328780131223","potions_obtained":[{"floor":1.0,"key":"Ancient Potion"},{"floor":3.0,"key":"AttackPotion"},{"floor":7.0,"key":"FearPotion"},{"floor":16,"key":"Energy Potion"},{"floor":22,"key":"SkillPotion"},{"floor":35,"key":"SmokeBomb"},{"floor":46,"key":"SteroidPotion"}],"is_trial":false,"path_per_floor":["M","?","M","$","?","?","E","M","T","E","R","?","R","M","R","B",null,"M","M","M","$","M","R","E","R","T","R","?","$","?","?","R","B",null,"M","?","$","?","M","E","R","E","T","E","M","?","M","$","R","B",null],"character_chosen":"THE_SILENT","items_purchased":["Footwork","Crippling Poison","Dexterity Potion","Dash","Lantern","Leg Sweep+1","Deflect+1","Catalyst+1","Burst+1","Acrobatics+1","Bouncing Flask+1","Block Potion","Well Laid Plans","Finesse+1"],"campfire_rested":3,"item_purchase_floors":[4,4,4,21,21,21,29,29,29,29,37,48,48,48],"current_hp_per_floor":[63,63,55,55,48,70,41,37,37,15,36,22,43,43,43,20,58,58,58,58,58,58,58,58,58,58,58,58,58,58,58,58,58,67,62,62,62,53,42,42,63,49,49,29,29,13,13,13,61,61],"gold":19,"neow_bonus":"ONE_RANDOM_RARE_CARD","is_prod":false,"is_daily":false,"chose_seed":false,"campfire_upgraded":6,"win_rate":0,"timestamp":1563223292,"path_taken":["M","?","M","$","?","?","E","M","T","E","R","?","R","M","R","BOSS","M","M","M","$","M","R","E","R","T","R","?","?","?","?","R","BOSS","M","?","$","?","M","E","R","E","T","E","M","?","M","$","R","BOSS"],"build_version":"2019-07-05","purchased_purges":3,"victory":true,"max_hp_per_floor":[70,70,70,70,70,70,70,70,70,70,70,70,70,70,70,70,70,70,70,70,70,70,70,70,70,70,70,70,70,70,70,70,70,70,70,70,70,70,70,70,70,70,70,70,70,70,70,70,70,70],"card_choices":[{"not_picked":["Predator","Calculated Gamble"],"picked":"Quick Slash","floor":1.0},{"not_picked":["Expertise","Dodge and Roll"],"picked":"Sucker Punch","floor":3.0},{"not_picked":["Concentrate+1","Outmaneuver+1"],"picked":"PiercingWail+1","floor":7.0},{"not_picked":["Prepared+1","Crippling Poison+1"],"picked":"Poisoned Stab","floor":8.0},{"not_picked":["Unload","Tactician+1"],"picked":"Adrenaline+1","floor":10.0},{"not_picked":["Setup+1","Underhanded Strike"],"picked":"Cloak And Dagger+1","floor":14.0},{"not_picked":["Adrenaline+1","Venomology+1"],"picked":"Burst+1","floor":16},{"not_picked":["PiercingWail+1","Choke+1"],"picked":"Dodge and Roll+1","floor":18},{"not_picked":["Skewer","Dagger Spray"],"picked":"Escape Plan+1","floor":19},{"not_picked":["Sucker Punch","Slice"],"picked":"Poisoned Stab","floor":20},{"not_picked":["Expertise+1","Reflex+1","Calculated Gamble+1"],"picked":"SKIP","floor":22},{"not_picked":["Skewer","Acrobatics+1"],"picked":"Catalyst+1","floor":24},{"not_picked":["Die Die Die","Storm of Steel+1"],"picked":"Malaise+1","floor":33},{"not_picked":["PiercingWail+1","Dagger Spray"],"picked":"Poisoned Stab+1","floor":35},{"not_picked":["PanicButton+1","HandOfGreed"],"picked":"Good Instincts+1","floor":36},{"not_picked":["Deflect+1","Distraction+1"],"picked":"Catalyst+1","floor":39},{"not_picked":["Finisher","Bane+1","Sucker Punch+1"],"picked":"SKIP","floor":40},{"not_picked":["Choke+1","Riddle With Holes"],"picked":"Catalyst+1","floor":42},{"not_picked":["PiercingWail+1","Bane"],"picked":"Catalyst+1","floor":44},{"not_picked":["Sucker Punch+1","Bane+1"],"picked":"Noxious Fumes","floor":45},{"not_picked":["Underhanded Strike+1","Noxious Fumes"],"picked":"Deadly Poison+1","floor":46}],"player_experience":226890,"relics_obtained":[{"floor":7.0,"key":"War Paint"},{"floor":9.0,"key":"Bag of Marbles"},{"floor":10.0,"key":"Snake Skull"},{"floor":24,"key":"The Courier"},{"floor":26,"key":"Tiny Chest"},{"floor":40,"key":"Ornamental Fan"},{"floor":42,"key":"Potion Belt"},{"floor":43,"key":"Oddly Smooth Stone"},{"floor":44,"key":"Bottled Tornado"},{"floor":46,"key":"Turnip"}],"event_choices":[{"damage_healed":0.0,"max_hp_gain":0.0,"max_hp_loss":0.0,"gold_gain":175.0,"event_name":"Liars Game","player_choice":"AGREE","floor":2.0,"gold_loss":0.0,"damage_taken":0.0,"cards_obtained":["Doubt"]},{"damage_healed":0.0,"max_hp_gain":0.0,"max_hp_loss":0.0,"gold_gain":0.0,"event_name":"Scrap Ooze","player_choice":"Success","floor":5.0,"gold_loss":0.0,"damage_taken":7.0,"relics_obtained":["Toxic Egg 2"]},{"damage_healed":23.0,"max_hp_gain":0.0,"max_hp_loss":0.0,"gold_gain":0.0,"event_name":"Big Fish","player_choice":"Banana","floor":6.0,"gold_loss":0.0,"damage_taken":0.0},{"damage_healed":0.0,"max_hp_gain":0.0,"max_hp_loss":0.0,"gold_gain":0.0,"event_name":"Shining Light","player_choice":"Entered Light","floor":12.0,"gold_loss":0.0,"damage_taken":14.0,"cards_upgraded":["Poisoned Stab","Quick Slash"]},{"damage_healed":0,"gold_gain":275,"player_choice":"Desecrate","damage_taken":0,"max_hp_gain":0,"max_hp_loss":0,"event_name":"Golden Shrine","floor":28,"gold_loss":0,"cards_obtained":["Regret"]},{"cards_removed":["Doubt"],"damage_healed":0,"gold_gain":0,"player_choice":"Elegance","damage_taken":0,"max_hp_gain":0,"max_hp_loss":0,"event_name":"Back to Basics","floor":31,"gold_loss":0},{"damage_healed":0,"gold_gain":0,"player_choice":"Memory 1","damage_taken":0,"max_hp_gain":0,"max_hp_loss":0,"event_name":"SensoryStone","floor":36,"gold_loss":0},{"damage_healed":0,"gold_gain":0,"player_choice":"Embrace Madness","damage_taken":9,"max_hp_gain":0,"max_hp_loss":0,"event_name":"Winding Halls","floor":38,"gold_loss":0,"cards_obtained":["Madness","Madness"]},{"damage_healed":0,"gold_gain":0,"player_choice":"Fight","damage_taken":0,"max_hp_gain":0,"max_hp_loss":0,"event_name":"Mysterious Sphere","floor":46,"gold_loss":0}],"is_beta":false,"boss_relics":[{"not_picked":["Calling Bell","Ectoplasm"],"picked":"Cursed Key"},{"not_picked":["Snecko Eye","Velvet Choker"],"picked":"Eternal Feather"}],"items_purged_floors":[4,29,48],"is_endless":false,"potions_floor_spawned":[1,3,7,16,19,22,33,35,39,40,46,47],"ascension_level":6}