{"gold_per_floor":[114,114,79,94,94,132,132,170,170,345,345,364,364,364],"floor_reached":14,"playtime":488,"items_purged":[],"score":96,"play_id":"a4e06cdd-2877-4aef-8246-80e2128e63f0","local_time":"20190509214014","daily_mods":["Chimera","ControlledChaos","Elite Swarm"],"is_ascension_mode":false,"campfire_choices":[{"data":"Envenom","floor":11,"key":"SMITH"}],"neow_cost":"","seed_source_timestamp":0,"circlet_count":0,"master_deck":["Bash","Survivor","Zap+1","Strike_R","Strike_G","Strike_B","Defend_R","Defend_B","Acrobatics+1","Underhanded Strike","Glass Knife","Envenom+1","Doubt","Dagger Spray"],"special_seed":18026,"relics":["Ring of the Snake","Frozen Eye","Calipers","Golden Idol","Smiling Mask","War Paint","Question Card"],"potions_floor_usage":[6,6,14],"damage_taken":[{"damage":6,"enemies":"2 Louse","floor":1,"turns":2},{"damage":2,"enemies":"Jaw Worm","floor":4,"turns":3},{"damage":14,"enemies":"3 Sentries","floor":6,"turns":3},{"damage":33,"enemies":"Gremlin Nob","floor":8,"turns":4},{"damage":0,"enemies":"Small Slimes","floor":12,"turns":3},{"damage":18,"enemies":"Lagavulin","floor":14,"turns":2}],"seed_played":"4631106122310564373","potions_obtained":[{"floor":1,"key":"EssenceOfSteel"},{"floor":4,"key":"Swift Potion"},{"floor":12,"key":"SkillPotion"}],"is_trial":false,"path_per_floor":["M","?","?","M","?","E","$","E","T","?","R","M","?","E"],"character_chosen":"THE_SILENT","items_purchased":[],"campfire_rested":0,"item_purchase_floors":[],"current_hp_per_floor":[64,52,69,67,65,51,51,18,18,18,18,18,18,0],"gold":364,"neow_bonus":"","is_prod":false,"is_daily":true,"chose_seed":false,"campfire_upgraded":1,"win_rate":0.0,"timestamp":1557452414,"path_taken":["M","?","?","M","?","E","?","E","T","?","R","?","?","E"],"build_version":"2019-01-23","purchased_purges":0,"victory":false,"max_hp_per_floor":[70,70,70,70,65,65,65,65,65,65,65,65,65,65],"card_choices":[{"not_picked":["Concentrate","Poisoned Stab"],"picked":"Acrobatics","floor":1},{"not_picked":["Acrobatics","Cloak And Dagger"],"picked":"Underhanded Strike","floor":4},{"not_picked":["Night Terror","Wraith Form v2"],"picked":"Glass Knife","floor":6},{"not_picked":["Wraith Form v2","Doppelganger"],"picked":"Envenom","floor":8},{"not_picked":["Flying Knee","Cloak And Dagger","Acrobatics"],"picked":"Dagger Spray","floor":12}],"player_experience":98539,"relics_obtained":[{"floor":6,"key":"Smiling Mask"},{"floor":8,"key":"War Paint"},{"floor":9,"key":"Question Card"}],"event_choices":[{"damage_healed":0,"gold_gain":0,"player_choice":"Success","damage_taken":12,"relics_obtained":["Calipers"],"max_hp_gain":0,"max_hp_loss":0,"event_name":"Scrap Ooze","floor":2,"gold_loss":0},{"damage_healed":17,"gold_gain":0,"player_choice":"Healed","damage_taken":0,"max_hp_gain":0,"max_hp_loss":0,"event_name":"The Cleric","floor":3,"gold_loss":35},{"damage_healed":0,"gold_gain":0,"player_choice":"Lose Max HP","damage_taken":0,"relics_obtained":["Golden Idol"],"max_hp_gain":0,"max_hp_loss":5,"event_name":"Golden Idol","floor":5,"gold_loss":0},{"damage_healed":0,"gold_gain":175,"player_choice":"AGREE","damage_taken":0,"max_hp_gain":0,"max_hp_loss":0,"event_name":"Liars Game","floor":10,"gold_loss":0,"cards_obtained":["Doubt"]},{"cards_removed":["Defend_G"],"damage_healed":0,"gold_gain":0,"player_choice":"Forget","damage_taken":0,"max_hp_gain":0,"max_hp_loss":0,"event_name":"Living Wall","floor":13,"gold_loss":0}],"is_beta":false,"boss_relics":[],"items_purged_floors":[],"is_endless":false,"potions_floor_spawned":[1,4,12],"killed_by":"Lagavulin","ascension_level":0}