{"gold_per_floor":[118,136,136,154,154,195,195,230,307,332,332,357,391,14,14,133,133,151,76,76,26,50,50,68,68,122,122,138,138,181,181,181,181],"floor_reached":33,"playtime":2000,"items_purged":["Strike_R","Shame"],"score":354,"play_id":"87258302-3253-4b1f-8701-773c46521f18","local_time":"20190713111346","is_ascension_mode":true,"campfire_choices":[{"data":"Bash","floor":7.0,"key":"SMITH"},{"data":"Spot Weakness","floor":11.0,"key":"SMITH"},{"floor":15.0,"key":"REST"},{"data":"Demon Form","floor":23.0,"key":"SMITH"},{"data":"Limit Break","floor":25.0,"key":"SMITH"},{"data":"Feel No Pain","floor":27.0,"key":"SMITH"},{"data":"True Grit","floor":32.0,"key":"SMITH"}],"neow_cost":"NONE","seed_source_timestamp":58356253407783,"circlet_count":0,"master_deck":["Strike_R","Strike_R","Strike_R","Defend_R","Defend_R","Defend_R","Defend_R","Bash+1","Spot Weakness+1","Headbutt","Offering","Thunderclap","Battle Trance","Feel No Pain+1","Limit Break+1","Demon Form+1","Clothesline+1","Armaments+1","True Grit+1","Flame Barrier"],"special_seed":0,"relics":["Burning Blood","Golden Idol","Bird Faced Urn","Centennial Puzzle","Question Card","Paper Frog","Oddly Smooth Stone","Philosopher\u0027s Stone","Smiling Mask","Lantern","Bottled Lightning"],"potions_floor_usage":[33,33,33],"damage_taken":[{"damage":0.0,"enemies":"2 Louse","floor":1.0,"turns":2.0},{"damage":7.0,"enemies":"Jaw Worm","floor":2.0,"turns":4.0},{"damage":1.0,"enemies":"Cultist","floor":4.0,"turns":4.0},{"damage":30.0,"enemies":"3 Sentries","floor":6.0,"turns":8.0},{"damage":36.0,"enemies":"Gremlin Nob","floor":8.0,"turns":5.0},{"damage":12.0,"enemies":"Blue Slaver","floor":10.0,"turns":5.0},{"damage":4.0,"enemies":"3 Louse","floor":12.0,"turns":4.0},{"damage":6.0,"enemies":"Lagavulin","floor":13.0,"turns":2.0},{"damage":31.0,"enemies":"The Guardian","floor":16.0,"turns":9.0},{"damage":8.0,"enemies":"Chosen","floor":18.0,"turns":4.0},{"damage":17.0,"enemies":"Shell Parasite","floor":22.0,"turns":4.0},{"damage":15.0,"enemies":"Shelled Parasite and Fungi","floor":24.0,"turns":4.0},{"damage":15.0,"enemies":"Snecko","floor":28.0,"turns":5.0},{"damage":38.0,"enemies":"Slavers","floor":30.0,"turns":3.0},{"damage":57,"enemies":"Collector","floor":33,"turns":5}],"seed_played":"6125058045112915921","potions_obtained":[{"floor":2.0,"key":"Dexterity Potion"},{"floor":4.0,"key":"Regen Potion"},{"floor":6.0,"key":"SkillPotion"},{"floor":10.0,"key":"SpeedPotion"},{"floor":12.0,"key":"SteroidPotion"},{"floor":18.0,"key":"BloodPotion"},{"floor":24.0,"key":"EssenceOfSteel"},{"floor":30.0,"key":"Ancient Potion"}],"is_trial":false,"path_per_floor":["?","?","?","?","$","M","?","?"],"character_chosen":"IRONCLAD","items_purchased":["Limit Break","Oddly Smooth Stone"],"campfire_rested":1,"item_purchase_floors":[14,14],"current_hp_per_floor":[88,87,65,70,75,51,51,35,35,29,29,31,31,31,58,35,93,93,93,93,93,84,84,79,79,79,79,74,74,51,51,51,0],"gold":181,"neow_bonus":"TEN_PERCENT_HP_BONUS","is_prod":false,"is_daily":false,"chose_seed":false,"campfire_upgraded":6,"win_rate":0,"timestamp":1563005626,"path_taken":["M","M","?","M","?","E","R","E","T","M","R","M","E","$","R","BOSS","M","?","?","?","?","R","M","R","T","R","M","?","E","?","R","BOSS"],"build_version":"2019-01-23","purchased_purges":2,"victory":false,"max_hp_per_floor":[88,88,88,88,93,93,93,93,93,93,93,93,93,93,93,93,93,93,93,93,93,93,93,93,93,93,93,93,93,93,93,93,93],"card_choices":[{"not_picked":["Clothesline","Blood for Blood"],"picked":"Spot Weakness","floor":1.0},{"not_picked":["Armaments","Ghostly Armor"],"picked":"Headbutt","floor":2.0},{"not_picked":["True Grit","Feel No Pain","Intimidate"],"picked":"SKIP","floor":4.0},{"not_picked":["Perfected Strike","Spot Weakness","Dual Wield"],"picked":"SKIP","floor":6.0},{"not_picked":["Sever Soul","Flex"],"picked":"Offering","floor":8.0},{"not_picked":["Combust","Dropkick","Blood for Blood"],"picked":"Thunderclap","floor":10.0},{"not_picked":["Corruption","Infernal Blade","Sword Boomerang"],"picked":"Battle Trance","floor":12.0},{"not_picked":["Offering","Dropkick","Searing Blow"],"picked":"Feel No Pain","floor":13.0},{"not_picked":["Impervious","Dark Embrace","Offering"],"picked":"Demon Form","floor":16.0},{"not_picked":["Headbutt","Reckless Charge","Body Slam+1"],"picked":"Clothesline+1","floor":18.0},{"not_picked":["Hemokinesis","Cleave","Sever Soul+1","Clash"],"picked":"SKIP","floor":22.0},{"not_picked":["Iron Wave+1","Evolve","Twin Strike"],"picked":"Armaments+1","floor":24.0},{"not_picked":["Heavy Blade","Whirlwind+1","Perfected Strike"],"picked":"True Grit","floor":28.0},{"not_picked":["Warcry","Armaments","Metallicize","Dropkick"],"picked":"SKIP","floor":30.0}],"player_experience":387419,"relics_obtained":[{"floor":6.0,"key":"Bird Faced Urn"},{"floor":8.0,"key":"Centennial Puzzle"},{"floor":9.0,"key":"Question Card"},{"floor":13.0,"key":"Paper Frog"},{"floor":26.0,"key":"Lantern"},{"floor":30.0,"key":"Bottled Lightning"}],"event_choices":[{"damage_healed":0.0,"max_hp_gain":0.0,"max_hp_loss":0.0,"gold_gain":0.0,"event_name":"Golden Idol","player_choice":"Take Damage","floor":3.0,"gold_loss":0.0,"damage_taken":22.0,"relics_obtained":["Golden Idol"]},{"damage_healed":0.0,"max_hp_gain":5.0,"max_hp_loss":0.0,"gold_gain":0.0,"event_name":"Big Fish","player_choice":"Donut","floor":5.0,"gold_loss":0.0,"damage_taken":0.0},{"cards_removed":["Strike_R"],"damage_healed":0.0,"max_hp_gain":0.0,"max_hp_loss":0.0,"gold_gain":0.0,"event_name":"Beggar","player_choice":"Gave Gold","floor":19.0,"gold_loss":75.0,"damage_taken":0.0},{"damage_healed":0.0,"max_hp_gain":0.0,"max_hp_loss":0.0,"gold_gain":0.0,"event_name":"Addict","player_choice":"Stole Relic","floor":20.0,"gold_loss":0.0,"damage_taken":0.0,"relics_obtained":["Smiling Mask"],"cards_obtained":["Shame"]},{"damage_healed":0.0,"max_hp_gain":0.0,"max_hp_loss":0.0,"gold_gain":0.0,"event_name":"Vampires","player_choice":"Ignored","floor":29.0,"gold_loss":0.0,"damage_taken":0.0},{"damage_healed":0.0,"max_hp_gain":0.0,"max_hp_loss":0.0,"gold_gain":0.0,"event_name":"The Library","player_choice":"Read","floor":31.0,"gold_loss":0.0,"damage_taken":0.0,"cards_obtained":["Flame Barrier"]}],"is_beta":false,"boss_relics":[{"not_picked":["Runic Dome","Calling Bell"],"picked":"Philosopher\u0027s Stone"}],"items_purged_floors":[14,21],"is_endless":false,"potions_floor_spawned":[2,4,6,10,12,18,24,28,30],"killed_by":"Collector","ascension_level":3}