{"gold_per_floor":[144,122,167,167,212,387,387,432,432,432,477,522,522,612,612,912,912,957,1002,1002,1002,1152,1197,1197,1242,1242,1332,1377,1377,1428,1473,1473,1773,1773,1818,1818,1863,1863,1908,1998,2043,2088,2113,2113,2164,2164,2209,2256,2256,2562,2562],"floor_reached":51,"playtime":7871,"items_purged":[],"score":807,"play_id":"af3092aa-50ff-4caf-800b-fc1449c9837b","local_time":"20190712111913","daily_mods":["Draft","Uncertain Future","Midas"],"is_ascension_mode":false,"campfire_choices":[{"floor":7,"key":"REST"},{"floor":13,"key":"REST"},{"floor":15,"key":"REST"},{"floor":29,"key":"REST"},{"floor":32,"key":"REST"},{"floor":46,"key":"REST"},{"floor":49,"key":"REST"}],"neow_cost":"","seed_source_timestamp":77694060644230,"circlet_count":0,"master_deck":["animator:Elsword","animator:MaesHughes","animator:Shuna","animator:Arpeggio","animator:Mikaela","animator:Mitsuba+1","animator:Kaijin","animator:HiiragiShinya","animator:Emonzaemon","animator:Mitsuba","animator:Sloth","animator:Emonzaemon","animator:HiiragiShinya","animator:Evileye","animator:Witch","animator:MaesHughes","animator:Rena","animator:ElricAlphonse","animator:Mikaela","animator:Mikaela","animator:EmiyaShirou","animator:Guren","animator:Shinoa","animator:Mikaela+1","animator:HighElfArcher","animator:Eve","animator:CrowleyEusford","animator:ElricAlphonse","animator:Witch","animator:Envy+1","animator:Darkness+1","animator:RoyMustang+1","animator:Ain","infinitespire:DeathsTouch","animator:CowGirl","animator:ChlammyZell+1","animator:Hibiki","animator:Kuroyukihime","Secret Weapon","animator:CowGirl","animator:Ain+1","animator:Tyuule+1","animator:Envy+1"],"special_seed":18089,"relics":["animator:LivingPicture","animator:PurgingStone_Cards","animator:TheMissingPiece","Ginger","Art of War","Bag of Marbles","Fusion Hammer","Enchiridion","Tiny House","Dead Branch","Frozen Egg 2","hubris:VirtuousBlindfold","animator:CursedBlade","Regal Pillow","Pen Nib","hubris:CrackedHourglass"],"potions_floor_usage":[5,12,12,16,19,19,25,27,27,27,30,33,33,37,40,40,41,41,45,48,48],"damage_taken":[{"damage":3,"enemies":"Cultist","floor":1,"turns":3},{"damage":0,"enemies":"Small Slimes","floor":3,"turns":2},{"damage":2,"enemies":"Jaw Worm","floor":5,"turns":2},{"damage":18,"enemies":"Blue Slaver","floor":8,"turns":3},{"damage":0,"enemies":"Large Slime","floor":11,"turns":3},{"damage":21,"enemies":"Exordium Thugs","floor":12,"turns":3},{"damage":14,"enemies":"Lagavulin","floor":14,"turns":5},{"damage":38,"enemies":"Slime Boss","floor":16,"turns":8},{"damage":27,"enemies":"Shell Parasite","floor":18,"turns":5},{"damage":4,"enemies":"3 Byrds","floor":19,"turns":4},{"damage":6,"enemies":"Cultist and Chosen","floor":23,"turns":3},{"damage":15,"enemies":"Snake Plant","floor":25,"turns":3},{"damage":30,"enemies":"Nightmare","floor":27,"turns":4},{"damage":0,"enemies":"Centurion and Healer","floor":28,"turns":4},{"damage":21,"enemies":"3 Cultists","floor":30,"turns":4},{"damage":0,"enemies":"Cultist and Chosen","floor":31,"turns":4},{"damage":9,"enemies":"Champ","floor":33,"turns":9},{"damage":2,"enemies":"3 Darklings","floor":35,"turns":4},{"damage":15,"enemies":"3 Shapes","floor":37,"turns":3},{"damage":16,"enemies":"Sphere and 2 Shapes","floor":39,"turns":3},{"damage":73,"enemies":"Nightmare","floor":40,"turns":7},{"damage":4,"enemies":"3 Darklings","floor":41,"turns":3},{"damage":12,"enemies":"Writhing Mass","floor":42,"turns":5},{"damage":2,"enemies":"Sphere and 2 Shapes","floor":45,"turns":3},{"damage":3,"enemies":"3 Darklings","floor":47,"turns":3},{"damage":31,"enemies":"Transient","floor":48,"turns":5},{"damage":0,"enemies":"hubris:GrandSnecko","floor":50,"turns":6}],"seed_played":"-4884104574296109442","potions_obtained":[{"floor":3,"key":"FearPotion"},{"floor":5,"key":"Fruit Juice"},{"floor":11,"key":"Poison Potion"},{"floor":16,"key":"Block Potion"},{"floor":18,"key":"Regen Potion"},{"floor":19,"key":"Strength Potion"},{"floor":22,"key":"HauntedGourdPotion"},{"floor":25,"key":"SteroidPotion"},{"floor":30,"key":"SteroidPotion"},{"floor":31,"key":"FearPotion"},{"floor":37,"key":"LiquidBronze"},{"floor":41,"key":"Weak Potion"},{"floor":45,"key":"Regen Potion"},{"floor":48,"key":"Weak Potion"}],"is_trial":false,"path_per_floor":["M","$","M","?","M","?","R","M","T","T","M","M","R","E","R","B",null,"M","M","?","?","AVR","M","?","M","T","NM","M","R","M","M","R","B",null,"M","?","M","AVR","M","NM","M","M","T","?","M","R","M","M","R","B",null],"character_chosen":"THE_ANIMATOR","items_purchased":["animator:MaesHughes"],"campfire_rested":7,"item_purchase_floors":[2],"current_hp_per_floor":[68,68,68,61,59,59,71,53,53,53,53,37,59,45,67,41,76,49,57,41,41,46,40,40,25,25,3,3,27,6,6,30,21,81,79,79,65,41,38,26,41,41,41,31,39,41,41,41,41,41,41],"gold":2562,"neow_bonus":"","is_prod":false,"is_daily":true,"chose_seed":false,"campfire_upgraded":0,"win_rate":0,"timestamp":1562944753,"path_taken":["M","$","M","?","M","?","R","M","T","?","M","M","R","E","R","BOSS","M","M","?","?","AVR","M","?","M","T","NM","M","R","M","M","R","BOSS","M","?","M","AVR","M","NM","?","M","T","?","M","R","M","M","R","BOSS"],"build_version":"2019-07-05","purchased_purges":0,"victory":false,"max_hp_per_floor":[71,71,71,71,71,71,71,71,71,71,71,76,76,76,76,76,76,76,76,76,76,81,81,81,81,81,81,81,81,81,81,81,81,81,81,81,81,41,41,41,41,41,41,41,41,41,41,41,41,41,41],"card_choices":[{"not_picked":["animator:Kuribayashi","animator:Sonic"],"picked":"animator:Elsword","floor":0},{"not_picked":["animator:ChaikaBohdan","animator:ElricEdward"],"picked":"animator:Jibril","floor":0},{"not_picked":["animator:MumenRider","animator:Azekura"],"picked":"animator:MaesHughes","floor":0},{"not_picked":["animator:Gillette","animator:ElricEdward"],"picked":"animator:Shuna","floor":0},{"not_picked":["animator:Vesta","animator:DwarfShaman"],"picked":"animator:Arpeggio","floor":0},{"not_picked":["animator:Genos","animator:HighElfArcher"],"picked":"animator:Mikaela","floor":0},{"not_picked":["animator:RoryMercury","animator:HiiragiShinya"],"picked":"animator:Mitsuba","floor":0},{"not_picked":["animator:Tet","animator:Sebas"],"picked":"animator:Kaijin","floor":0},{"not_picked":["animator:Millim","animator:Azekura"],"picked":"animator:HiiragiShinya","floor":0},{"not_picked":["animator:LeleiLaLalena","animator:Gluttony"],"picked":"animator:Emonzaemon","floor":0},{"not_picked":["animator:Gillette","animator:Arpeggio"],"picked":"animator:Mitsuba","floor":0},{"not_picked":["animator:Nanami","animator:DolaCouronne"],"picked":"animator:Sloth","floor":0},{"not_picked":["animator:Tatsumaki","animator:Priestess"],"picked":"animator:Emonzaemon","floor":0},{"not_picked":["animator:MaesHughes","animator:DwarfShaman"],"picked":"animator:HiiragiShinya","floor":0},{"not_picked":["animator:CrowleyEusford","animator:Demiurge"],"picked":"animator:Evileye","floor":0},{"not_picked":["animator:Cocytus","animator:Hakurou"],"picked":"animator:Witch","floor":1},{"not_picked":["animator:LeleiLaLalena","animator:Benimaru"],"picked":"animator:Rena","floor":3},{"not_picked":["animator:SilverFang","animator:Benimaru"],"picked":"animator:ElricAlphonse","floor":5},{"not_picked":["animator:KrulTepes","animator:Mitsuba"],"picked":"animator:Mikaela","floor":8},{"not_picked":["animator:YaoHaDucy","animator:Raven"],"picked":"animator:Mikaela","floor":11},{"not_picked":["animator:Kuribayashi","animator:Spearman"],"picked":"animator:EmiyaShirou","floor":12},{"not_picked":["animator:Vanir","animator:RoryMercury","animator:PandorasActor"],"picked":"SKIP","floor":14},{"not_picked":["animator:Elesis","animator:Albedo"],"picked":"animator:Guren","floor":16},{"not_picked":["animator:Mitsuba","animator:CrowleyEusford"],"picked":"animator:Shinoa","floor":16},{"not_picked":["animator:Tyuule","animator:PandorasActor"],"picked":"animator:Mikaela+1","floor":18},{"not_picked":["animator:Shuna","animator:MumenRider"],"picked":"animator:HighElfArcher","floor":19},{"not_picked":["animator:Raven","animator:DolaSchwi+1"],"picked":"animator:Eve","floor":22},{"not_picked":["animator:LizardPriest","animator:Priestess","animator:Mitsuba"],"picked":"SKIP","floor":23},{"not_picked":["animator:Mikaela","animator:Shinoa"],"picked":"animator:CrowleyEusford","floor":25},{"not_picked":["animator:Nanami","animator:PandorasActor","animator:RinTohsaka"],"picked":"SKIP","floor":27},{"not_picked":["animator:Nanami","animator:PandorasActor","animator:RinTohsaka"],"picked":"SKIP","floor":27},{"not_picked":["animator:Elsword+1","animator:Hakurou","animator:Cocytus"],"picked":"SKIP","floor":28},{"not_picked":["animator:Benimaru","animator:DwarfShaman"],"picked":"animator:ElricAlphonse","floor":30},{"not_picked":["animator:HighElfArcher","animator:GuildGirl+1"],"picked":"animator:Witch","floor":31},{"not_picked":["animator:Greed+1","animator:Biyorigo+1"],"picked":"animator:Envy+1","floor":33},{"not_picked":["animator:MumenRider+1","animator:DolaRiku"],"picked":"animator:Darkness+1","floor":35},{"not_picked":["animator:Aqua","animator:GazelDwargon+1"],"picked":"animator:RoyMustang+1","floor":37},{"not_picked":["animator:Chung+1","animator:Ara"],"picked":"animator:Ain","floor":39},{"not_picked":["infinitespire:Punishment","infinitespire:FutureSight"],"picked":"infinitespire:DeathsTouch","floor":40},{"not_picked":["animator:NarberalGamma+1","animator:TukaLunaMarceau"],"picked":"animator:CowGirl","floor":40},{"not_picked":["animator:Millim","animator:MetalKnight+1","animator:Gillette+1"],"picked":"SKIP","floor":41},{"not_picked":["animator:DolaSchwi+1","animator:HighElfArcher"],"picked":"animator:ChlammyZell+1","floor":42},{"not_picked":["Trip","animator:Zero"],"picked":"animator:Hibiki","floor":44},{"not_picked":["Panache+1","Impatience"],"picked":"animator:Kuroyukihime","floor":44},{"not_picked":["Flash of Steel","Enlightenment"],"picked":"Secret Weapon","floor":44},{"not_picked":["animator:DwarfShaman","animator:Witch"],"picked":"animator:CowGirl","floor":45},{"not_picked":["animator:Evileye","animator:GuildGirl+1"],"picked":"animator:Ain+1","floor":47},{"not_picked":["animator:Hakurou","animator:Layla+1"],"picked":"animator:Tyuule+1","floor":48},{"not_picked":["animator:Sora","animator:ItamiYouji"],"picked":"animator:Envy+1","floor":50}],"player_experience":493175,"relics_obtained":[{"floor":9,"key":"Ginger"},{"floor":10,"key":"Art of War"},{"floor":14,"key":"Bag of Marbles"},{"floor":20,"key":"Enchiridion"},{"floor":26,"key":"Dead Branch"},{"floor":27,"key":"Frozen Egg 2"},{"floor":40,"key":"Regal Pillow"},{"floor":43,"key":"Pen Nib"}],"event_choices":[{"cards_removed":["animator:Jibril"],"damage_healed":0,"gold_gain":0,"player_choice":"Card Removal","damage_taken":7,"max_hp_gain":0,"max_hp_loss":0,"event_name":"Golden Wing","floor":4,"gold_loss":0},{"damage_healed":0,"gold_gain":175,"player_choice":"AGREE","damage_taken":0,"max_hp_gain":0,"max_hp_loss":0,"event_name":"Liars Game","floor":6,"gold_loss":0,"cards_obtained":["Doubt"]},{"damage_healed":0,"gold_gain":0,"player_choice":"Obtained Book","damage_taken":16,"max_hp_gain":0,"max_hp_loss":0,"event_name":"Cursed Tome","floor":20,"gold_loss":0},{"cards_removed":["Doubt"],"damage_healed":0,"gold_gain":0,"player_choice":"Elegance","damage_taken":0,"max_hp_gain":0,"max_hp_loss":0,"event_name":"Back to Basics","floor":21,"gold_loss":0},{"damage_healed":0,"gold_gain":0,"player_choice":"0 cards matched","damage_taken":0,"max_hp_gain":0,"max_hp_loss":0,"event_name":"Match and Keep!","floor":36,"gold_loss":0,"cards_obtained":[]},{"damage_healed":0,"gold_gain":0,"player_choice":"Memory 3","damage_taken":10,"max_hp_gain":0,"max_hp_loss":0,"event_name":"SensoryStone","floor":44,"gold_loss":0}],"is_beta":false,"boss_relics":[{"not_picked":["hubris:Stopwatch","Sozu"],"picked":"Fusion Hammer"},{"not_picked":["hubris:Backtick","Velvet Choker"],"picked":"hubris:VirtuousBlindfold"},{"not_picked":["infinitespire:Cupcake","Calling Bell"],"picked":"hubris:CrackedHourglass"}],"items_purged_floors":[],"is_endless":true,"potions_floor_spawned":[3,5,11,16,18,19,25,30,31,37,41,45,48],"ascension_level":0}