{"gold_per_floor":[117,192,192,211,4,32,32,51,51,51,51],"floor_reached":11,"playtime":302,"items_purged":[],"score":142,"play_id":"5eab09b5-c69c-4d3b-a9f9-8c46b14313f3","local_time":"20190711221244","is_ascension_mode":true,"campfire_choices":[{"data":"Machine Learning","floor":7,"key":"SMITH"},{"data":"Rip and Tear","floor":10,"key":"SMITH"}],"neow_cost":"NONE","seed_source_timestamp":138888153655523,"circlet_count":0,"master_deck":["AscendersBane","Strike_B","Strike_B","Strike_B","Strike_B","Defend_B","Defend_B","Defend_B","Defend_B","Zap","Dualcast","Machine Learning+1","Ball Lightning","Pain","Rip and Tear+1","Core Surge","Gash","Glacier","Conserve Battery"],"special_seed":0,"relics":["Cracked Core","WarpedTongs","Dodecahedron","Meat on the Bone"],"potions_floor_usage":[],"damage_taken":[{"damage":5.0,"enemies":"Small Slimes","floor":1.0,"turns":4.0},{"damage":1,"enemies":"Cultist","floor":4,"turns":3},{"damage":34,"enemies":"3 Sentries","floor":6,"turns":6},{"damage":3,"enemies":"2 Louse","floor":8,"turns":2},{"damage":11,"enemies":"Large Slime","floor":11,"turns":4}],"seed_played":"-8570293338907904388","potions_obtained":[{"floor":6,"key":"Ancient Potion"},{"floor":8,"key":"Swift Potion"}],"is_trial":false,"path_per_floor":["M","?","?","M","$","E","R","M","T","R","M"],"character_chosen":"DEFECT","items_purchased":["Core Surge","Gash"],"campfire_rested":0,"item_purchase_floors":[5,5],"current_hp_per_floor":[59,48,48,47,47,13,13,10,10,10,0],"gold":51,"neow_bonus":"ONE_RANDOM_RARE_CARD","is_prod":false,"is_daily":false,"chose_seed":false,"campfire_upgraded":2,"win_rate":0,"timestamp":1562875964,"path_taken":["M","?","?","?","?","E","R","M","T","R","M"],"build_version":"2019-07-05","purchased_purges":0,"victory":false,"max_hp_per_floor":[71,71,71,71,71,71,71,71,71,71,71],"card_choices":[{"not_picked":["Stack","Beam Cell"],"picked":"Ball Lightning","floor":1.0},{"not_picked":["Go for the Eyes","Ball Lightning"],"picked":"Rip and Tear","floor":4},{"not_picked":["Redo","Darkness"],"picked":"Glacier","floor":6},{"not_picked":["Blizzard","Capacitor"],"picked":"Conserve Battery","floor":8}],"player_experience":617231,"relics_obtained":[{"floor":6,"key":"Dodecahedron"},{"floor":9,"key":"Meat on the Bone"}],"event_choices":[{"damage_healed":0.0,"max_hp_gain":0.0,"max_hp_loss":0.0,"gold_gain":75.0,"event_name":"World of Goop","player_choice":"Gather Gold","floor":2.0,"gold_loss":0.0,"damage_taken":11.0},{"damage_healed":0.0,"max_hp_gain":0.0,"max_hp_loss":0.0,"gold_gain":0.0,"event_name":"Accursed Blacksmith","player_choice":"Rummage","floor":3.0,"gold_loss":0.0,"damage_taken":0.0,"relics_obtained":["WarpedTongs"],"cards_obtained":["Pain"]}],"is_beta":false,"boss_relics":[],"items_purged_floors":[],"is_endless":false,"potions_floor_spawned":[6,8],"killed_by":"Large Slime","ascension_level":20}