{"gold_per_floor":[110,110,110,185,31,31,44,44,44,56,4,24,39,67,67,67],"floor_reached":16,"playtime":749,"items_purged":[],"score":110,"play_id":"f2eddfc4-7fa1-43dc-ba30-625ec0356a6c","local_time":"20190202184210","is_ascension_mode":true,"campfire_choices":[{"data":"Fission","floor":6,"key":"SMITH"},{"data":"Panacea","floor":8,"key":"SMITH"},{"floor":15,"key":"REST"}],"neow_cost":"NONE","seed_source_timestamp":88690318779679,"circlet_count":0,"master_deck":["Strike_B","Strike_B","Strike_B+1","Defend_B","Defend_B","Defend_B","Defend_B","Zap","Dualcast","Fission+1","Gash","Tempest+1","Panacea+1","Melter","Scrape","Beam Cell","Go for the Eyes","Hologram","Gash"],"relics":["Cracked Core","Sundial","Symbiotic Virus"],"potions_floor_usage":[12,14,16],"damage_taken":[{"damage":1,"enemies":"Small Slimes","floor":1,"turns":3},{"damage":7,"enemies":"Jaw Worm","floor":7,"turns":2},{"damage":1,"enemies":"Cultist","floor":10,"turns":3},{"damage":16,"enemies":"Gremlin Gang","floor":12,"turns":3},{"damage":13,"enemies":"2 Fungi Beasts","floor":13,"turns":3},{"damage":1,"enemies":"Gremlin Nob","floor":14,"turns":3},{"damage":35,"enemies":"The Guardian","floor":16,"turns":8}],"seed_played":"6538143301549591160","potions_obtained":[{"floor":1,"key":"Swift Potion"},{"floor":7,"key":"Explosive Potion"},{"floor":14,"key":"Dexterity Potion"}],"is_trial":false,"path_per_floor":["M","?","?","?","$","R","M","R","T","M","$","M","M","E","R","B"],"character_chosen":"DEFECT","items_purchased":["Panacea","Melter","Beam Cell"],"campfire_rested":1,"item_purchase_floors":[5,5,11],"current_hp_per_floor":[74,74,59,48,48,48,41,41,41,40,40,24,11,10,32,0],"gold":67,"neow_bonus":"ONE_RANDOM_RARE_CARD","is_prod":false,"is_daily":false,"chose_seed":false,"campfire_upgraded":2,"win_rate":0,"timestamp":1549150930,"path_taken":["M","?","?","?","$","R","M","R","T","M","$","M","?","E","R","BOSS"],"build_version":"2019-01-23","purchased_purges":0,"victory":false,"max_hp_per_floor":[75,75,75,75,75,75,75,75,75,75,75,75,75,75,75,75],"card_choices":[{"not_picked":["Go for the Eyes","Skim"],"picked":"Gash","floor":1},{"not_picked":["Steam Power","Skim","Darkness"],"picked":"SKIP","floor":7},{"not_picked":["Ball Lightning","Stack"],"picked":"Scrape","floor":10},{"not_picked":["Melter","Skim"],"picked":"Go for the Eyes","floor":12},{"not_picked":["Blizzard","Force Field"],"picked":"Hologram","floor":13},{"not_picked":["Storm","Reboot"],"picked":"Gash","floor":14}],"player_experience":87793,"relics_obtained":[{"floor":9,"key":"Sundial"},{"floor":14,"key":"Symbiotic Virus"}],"event_choices":[{"damage_healed":0,"gold_gain":0,"cards_transformed":["Strike_B"],"player_choice":"Change","damage_taken":0,"max_hp_gain":0,"max_hp_loss":0,"event_name":"Living Wall","floor":2,"gold_loss":0,"cards_obtained":["Tempest"]},{"damage_healed":0,"gold_gain":0,"player_choice":"Entered Light","damage_taken":15,"max_hp_gain":0,"max_hp_loss":0,"event_name":"Shining Light","floor":3,"gold_loss":0,"cards_upgraded":["Tempest","Strike_B"]},{"damage_healed":0,"gold_gain":75,"player_choice":"Gather Gold","damage_taken":11,"max_hp_gain":0,"max_hp_loss":0,"event_name":"World of Goop","floor":4,"gold_loss":0}],"is_beta":false,"boss_relics":[],"items_purged_floors":[],"is_endless":false,"potions_floor_spawned":[1,7,14],"killed_by":"The Guardian","ascension_level":2}