{"gold_per_floor":[119,119,69,85,35,35,62,62,62,78,91,91,91,119,119,221,221,240,240,165,181,181,181,211,224,224,224,243,243,255,271,271,271],"floor_reached":33,"playtime":2626,"items_purged":["Pain"],"score":275,"play_id":"ef878da6-8982-4d06-a249-a2bf239442bd","local_time":"20190708021157","is_ascension_mode":false,"campfire_choices":[{"data":"Backflip","floor":6,"key":"SMITH"},{"floor":8,"key":"REST"},{"data":"Sucker Punch","floor":13,"key":"SMITH"},{"floor":15,"key":"REST"},{"data":"Backflip","floor":23,"key":"SMITH"},{"floor":32,"key":"REST"}],"neow_cost":"NONE","seed_source_timestamp":45438962853447,"circlet_count":0,"master_deck":["Strike_G","Strike_G","Strike_G+1","Defend_G","Defend_G","Defend_G","Survivor","Neutralize","Finesse","Backflip+1","Flying Knee","Sucker Punch+1","Deflect","Masterful Stab+1","Quick Slash","Adrenaline","Backflip+1","Poisoned Stab","Quick Slash","Flying Knee+1"],"relics":["Ring of the Snake","Art of War","Mummified Hand","Whetstone","Philosopher\u0027s Stone","WarpedTongs","Blood Vial","Toxic Egg 2","Bottled Lightning"],"potions_floor_usage":[7,16,24,25,33],"damage_taken":[{"damage":0,"enemies":"2 Louse","floor":1,"turns":4},{"damage":0,"enemies":"Small Slimes","floor":4,"turns":5},{"damage":18,"enemies":"Gremlin Nob","floor":7,"turns":5},{"damage":1,"enemies":"Jaw Worm","floor":10,"turns":3},{"damage":6,"enemies":"Exordium Thugs","floor":11,"turns":6},{"damage":1,"enemies":"Lagavulin","floor":14,"turns":6},{"damage":19,"enemies":"The Guardian","floor":16,"turns":16},{"damage":1,"enemies":"Chosen","floor":18,"turns":5},{"damage":0,"enemies":"Spheric Guardian","floor":21,"turns":3},{"damage":34,"enemies":"Slavers","floor":24,"turns":6},{"damage":11,"enemies":"Snake Plant","floor":25,"turns":4},{"damage":0,"enemies":"Cultist and Chosen","floor":28,"turns":5},{"damage":0,"enemies":"Centurion and Healer","floor":30,"turns":4},{"damage":1,"enemies":"Snake Plant","floor":31,"turns":3},{"damage":62,"enemies":"Champ","floor":33,"turns":12}],"seed_played":"-7607311699333930698","potions_obtained":[{"floor":4,"key":"Explosive Potion"},{"floor":10,"key":"Block Potion"},{"floor":11,"key":"Explosive Potion"},{"floor":21,"key":"SmokeBomb"},{"floor":24,"key":"AttackPotion"},{"floor":31,"key":"FearPotion"}],"is_trial":false,"path_per_floor":["M","?","?","M","$","R","E","R","T","M","M","?","R","E","R","B",null,"M","?","$","M","?","R","E","M","T","?","M","T","M","M","R","B"],"character_chosen":"THE_SILENT","items_purchased":["Sucker Punch"],"campfire_rested":3,"item_purchase_floors":[5],"current_hp_per_floor":[70,63,63,63,63,63,45,66,66,65,59,59,59,58,70,51,70,69,69,69,69,69,69,35,26,26,26,28,28,30,31,52,0],"gold":271,"neow_bonus":"RANDOM_COLORLESS","is_prod":false,"is_daily":false,"chose_seed":false,"campfire_upgraded":3,"win_rate":0,"timestamp":1562544717,"path_taken":["M","?","?","M","?","R","E","R","T","M","?","?","R","E","R","BOSS","M","?","$","?","?","R","E","M","T","?","?","?","M","M","R","BOSS"],"build_version":"2019-07-05","purchased_purges":1,"victory":false,"max_hp_per_floor":[70,70,70,70,70,70,70,70,70,70,70,70,70,70,70,70,70,70,70,70,70,70,70,70,70,70,70,70,70,70,70,70,70],"card_choices":[{"not_picked":["Expertise","PiercingWail"],"picked":"Backflip","floor":1},{"not_picked":["Well Laid Plans","Poisoned Stab"],"picked":"Flying Knee","floor":4},{"not_picked":["Cloak And Dagger","Doppelganger"],"picked":"Deflect","floor":7},{"not_picked":["Escape Plan","Sucker Punch"],"picked":"Masterful Stab","floor":10},{"not_picked":["Predator","Deflect"],"picked":"Quick Slash","floor":11},{"not_picked":["Finisher","Acrobatics","Sucker Punch"],"picked":"SKIP","floor":14},{"not_picked":["Die Die Die","Glass Knife"],"picked":"Adrenaline","floor":16},{"not_picked":["Bane","Slice+1"],"picked":"Backflip","floor":18},{"not_picked":["Prepared","Deadly Poison"],"picked":"Poisoned Stab","floor":21},{"not_picked":["Choke","All Out Attack","Endless Agony"],"picked":"SKIP","floor":24},{"not_picked":["Deflect","PiercingWail"],"picked":"Quick Slash","floor":25},{"not_picked":["Accuracy+1","All Out Attack","Malaise+1"],"picked":"SKIP","floor":28},{"not_picked":["Distraction+1","Calculated Gamble+1"],"picked":"Flying Knee+1","floor":30},{"not_picked":["Expertise+1","All Out Attack","Catalyst+1"],"picked":"SKIP","floor":31}],"player_experience":66628,"relics_obtained":[{"floor":7,"key":"Art of War"},{"floor":9,"key":"Mummified Hand"},{"floor":14,"key":"Whetstone"},{"floor":24,"key":"Blood Vial"},{"floor":26,"key":"Toxic Egg 2"},{"floor":29,"key":"Bottled Lightning"}],"event_choices":[{"cards_removed":["Defend_G"],"damage_healed":0,"gold_gain":0,"player_choice":"Card Removal","damage_taken":7,"max_hp_gain":0,"max_hp_loss":0,"event_name":"Golden Wing","floor":2,"gold_loss":0},{"cards_removed":["Strike_G"],"damage_healed":0,"gold_gain":0,"player_choice":"Card Removal","damage_taken":0,"max_hp_gain":0,"max_hp_loss":0,"event_name":"The Cleric","floor":3,"gold_loss":50},{"cards_removed":["Strike_G"],"damage_healed":0,"gold_gain":0,"player_choice":"Forget","damage_taken":0,"max_hp_gain":0,"max_hp_loss":0,"event_name":"Living Wall","floor":12,"gold_loss":0},{"damage_healed":0,"gold_gain":0,"player_choice":"Rummage","damage_taken":0,"relics_obtained":["WarpedTongs"],"max_hp_gain":0,"max_hp_loss":0,"event_name":"Accursed Blacksmith","floor":19,"gold_loss":0,"cards_obtained":["Pain"]},{"damage_healed":0,"gold_gain":0,"player_choice":"Ignored","damage_taken":0,"max_hp_gain":0,"max_hp_loss":0,"event_name":"Ghosts","floor":22,"gold_loss":0},{"cards_removed":["Defend_G"],"damage_healed":0,"gold_gain":0,"player_choice":"Offered Basic","damage_taken":0,"max_hp_gain":0,"max_hp_loss":0,"event_name":"Bonfire Elementals","floor":27,"gold_loss":0}],"is_beta":false,"boss_relics":[{"not_picked":["Eternal Feather","Lizard Tail"],"picked":"Philosopher\u0027s Stone"}],"items_purged_floors":[20],"is_endless":false,"potions_floor_spawned":[4,10,11,21,24,31],"killed_by":"Champ","ascension_level":0}