{"gold_per_floor":[118,130,130,140,153,188,188,217,217,217,217,227,238,248,248,352,352,371,7,25,38,138,167,167,167],"floor_reached":25,"playtime":1748,"items_purged":["Pain"],"score":270,"play_id":"50cd3755-d5f1-4401-86db-caf2761666ca","local_time":"20190318204425","is_ascension_mode":true,"campfire_choices":[{"floor":7,"key":"REST"},{"floor":11,"key":"REST"},{"floor":15,"key":"REST"},{"floor":24,"key":"REST"}],"neow_cost":"NONE","seed_source_timestamp":106002404757879,"circlet_count":0,"master_deck":["Defend_G","Defend_G","Defend_G","Defend_G","Defend_G","Strike_G","Strike_G","Strike_G","Strike_G","Strike_G","Survivor","Neutralize+1","Cloak And Dagger","Backflip","Corpse Explosion","Noxious Fumes","Backflip","Deflect","Quick Slash","Leg Sweep","Poisoned Stab","Heel Hook","Dagger Spray","Poisoned Stab","Malaise","Calculated Gamble+1","Well Laid Plans+1"],"relics":["Ring of the Snake","NeowsBlessing","Dream Catcher","Centennial Puzzle","Bottled Flame","Omamori","Calling Bell","Ancient Tea Set","Darkstone Periapt","WingedGreaves","StoneCalendar","Peace Pipe"],"potions_floor_usage":[6,13,18,23,23,23],"damage_taken":[{"damage":0,"enemies":"2 Louse","floor":1,"turns":1},{"damage":0,"enemies":"Cultist","floor":2,"turns":1},{"damage":0,"enemies":"Small Slimes","floor":4,"turns":1},{"damage":8,"enemies":"Looter","floor":5,"turns":3},{"damage":39,"enemies":"Lagavulin","floor":6,"turns":7},{"damage":35,"enemies":"Gremlin Nob","floor":8,"turns":5},{"damage":2,"enemies":"Exordium Thugs","floor":12,"turns":5},{"damage":13,"enemies":"3 Louse","floor":13,"turns":4},{"damage":5,"enemies":"2 Fungi Beasts","floor":14,"turns":5},{"damage":15,"enemies":"The Guardian","floor":16,"turns":13},{"damage":7,"enemies":"Spheric Guardian","floor":18,"turns":5},{"damage":3,"enemies":"Chosen","floor":20,"turns":6},{"damage":11,"enemies":"3 Cultists","floor":21,"turns":3},{"damage":54,"enemies":"Slavers","floor":23,"turns":6},{"damage":32,"enemies":"Gremlin Leader","floor":25,"turns":4}],"seed_played":"7052933967369295161","potions_obtained":[{"floor":1,"key":"Strength Potion"},{"floor":4,"key":"Weak Potion"},{"floor":12,"key":"SkillPotion"},{"floor":13,"key":"GhostInAJar"},{"floor":16,"key":"AttackPotion"},{"floor":18,"key":"Weak Potion"},{"floor":20,"key":"Regen Potion"}],"is_trial":false,"path_per_floor":["M","M","?","M","M","E","R","E","T","?","R","M","M","M","R","B",null,"M","$","M","M","?","E","R","E"],"character_chosen":"THE_SILENT","items_purchased":["StoneCalendar"],"campfire_rested":4,"item_purchase_floors":[19],"current_hp_per_floor":[70,70,70,70,62,23,44,9,9,9,30,28,15,10,31,16,70,63,63,60,49,49,7,28,0],"gold":167,"neow_bonus":"THREE_ENEMY_KILL","is_prod":false,"is_daily":false,"chose_seed":false,"campfire_upgraded":0,"win_rate":0,"timestamp":1552956265,"path_taken":["M","M","?","?","?","E","R","E","T","?","R","?","M","M","R","BOSS","M","$","M","M","?","E","R","E"],"build_version":"2019-01-23","purchased_purges":1,"victory":false,"max_hp_per_floor":[70,70,70,70,70,70,70,70,70,70,70,70,70,70,70,70,70,70,70,70,70,70,70,70,70],"card_choices":[{"not_picked":["Flying Knee","Finisher"],"picked":"Cloak And Dagger","floor":1},{"not_picked":["Deadly Poison","Setup"],"picked":"Backflip","floor":2},{"not_picked":["Flying Knee","Heel Hook"],"picked":"Corpse Explosion","floor":4},{"not_picked":["Acrobatics","Flechettes"],"picked":"Noxious Fumes","floor":5},{"not_picked":["Slice","Deadly Poison"],"picked":"Backflip","floor":6},{"not_picked":["Prepared","Reflex"],"picked":"Deflect","floor":7},{"not_picked":["Venomology","Cloak And Dagger"],"picked":"Quick Slash","floor":8},{"not_picked":["Outmaneuver","Choke"],"picked":"Leg Sweep","floor":11},{"not_picked":["Reflex","Bane"],"picked":"Poisoned Stab","floor":12},{"not_picked":["Predator","Deflect"],"picked":"Heel Hook","floor":13},{"not_picked":["Noxious Fumes","Expertise"],"picked":"Dagger Spray","floor":14},{"not_picked":["Dodge and Roll","Deflect"],"picked":"Poisoned Stab","floor":15},{"not_picked":["Unload","Venomology"],"picked":"Malaise","floor":16},{"not_picked":["Reflex","Setup","Accuracy"],"picked":"SKIP","floor":18},{"not_picked":["Bane","Outmaneuver+1","Quick Slash"],"picked":"SKIP","floor":20},{"not_picked":["Deflect","Underhanded Strike","Prepared"],"picked":"SKIP","floor":21},{"not_picked":["Venomology","PiercingWail"],"picked":"Calculated Gamble+1","floor":23},{"not_picked":["Cloak And Dagger+1","Tactician+1"],"picked":"Well Laid Plans+1","floor":24}],"player_experience":128629,"relics_obtained":[{"floor":6,"key":"Centennial Puzzle"},{"floor":8,"key":"Bottled Flame"},{"floor":9,"key":"Omamori"},{"floor":17,"key":"Ancient Tea Set"},{"floor":17,"key":"Darkstone Periapt"},{"floor":17,"key":"WingedGreaves"},{"floor":23,"key":"Peace Pipe"}],"event_choices":[{"damage_healed":0,"gold_gain":0,"player_choice":"Gave Potion","damage_taken":0,"relics_obtained":["Dream Catcher"],"max_hp_gain":0,"max_hp_loss":0,"event_name":"WeMeetAgain","floor":3,"gold_loss":0},{"damage_healed":0,"gold_gain":0,"player_choice":"Upgraded","damage_taken":0,"max_hp_gain":0,"max_hp_loss":0,"event_name":"Upgrade Shrine","floor":10,"gold_loss":0,"cards_upgraded":["Neutralize"]},{"damage_healed":0,"gold_gain":100,"player_choice":"Pray","damage_taken":0,"max_hp_gain":0,"max_hp_loss":0,"event_name":"Golden Shrine","floor":22,"gold_loss":0}],"is_beta":false,"boss_relics":[{"not_picked":["Tiny House","Ring of the Serpent"],"picked":"Calling Bell"}],"items_purged_floors":[19],"is_endless":false,"potions_floor_spawned":[1,4,12,13,16,18,20],"killed_by":"Gremlin Leader","ascension_level":3}