{"gold_per_floor":[118,118,118,68,68,102,102,142,142,176,189,114,114,154,154,154],"floor_reached":16,"playtime":987,"items_purged":["Strike_G"],"score":161,"play_id":"53488d34-4dfc-4dfe-a3a9-520d67af0fbc","local_time":"20190711194512","is_ascension_mode":true,"campfire_choices":[{"data":"Neutralize","floor":7.0,"key":"SMITH"},{"floor":13.0,"key":"REST"},{"floor":15.0,"key":"REST"}],"neow_cost":"NONE","seed_source_timestamp":0,"circlet_count":0,"master_deck":["Defend_G","Defend_G","Defend_G","Defend_G","Defend_G","Strike_G","Strike_G","Strike_G+1","Survivor","Neutralize+1","Flying Knee","Flechettes+1","Dash","Crippling Poison","Well Laid Plans"],"special_seed":0,"relics":["Ring of the Snake","PreservedInsect","Golden Idol","Omamori","Oddly Smooth Stone","Mummified Hand","Whetstone","Art of War"],"potions_floor_usage":[16],"damage_taken":[{"damage":1.0,"enemies":"Small Slimes","floor":1.0,"turns":6.0},{"damage":12.0,"enemies":"3 Sentries","floor":6.0,"turns":11.0},{"damage":31.0,"enemies":"Gremlin Nob","floor":8.0,"turns":5.0},{"damage":1.0,"enemies":"3 Sentries","floor":10.0,"turns":6.0},{"damage":0.0,"enemies":"Jaw Worm","floor":11.0,"turns":2.0},{"damage":12.0,"enemies":"Gremlin Nob","floor":14.0,"turns":4.0},{"damage":51,"enemies":"Slime Boss","floor":16,"turns":10}],"seed_played":"-6818282179968452582","potions_obtained":[{"floor":8.0,"key":"AttackPotion"},{"floor":10.0,"key":"Poison Potion"}],"is_trial":false,"path_per_floor":["?","?","?","?"],"character_chosen":"THE_SILENT","items_purchased":[],"campfire_rested":2,"item_purchase_floors":[],"current_hp_per_floor":[62,45,45,45,50,38,38,7,7,6,6,6,28,16,38,0],"gold":154,"neow_bonus":"RANDOM_COMMON_RELIC","is_prod":false,"is_daily":false,"chose_seed":false,"campfire_upgraded":1,"win_rate":0,"timestamp":1562863512,"path_taken":["M","?","?","?","?","E","R","E","T","E","M","$","R","E","R","BOSS"],"build_version":"2019-01-23","purchased_purges":1,"victory":false,"max_hp_per_floor":[70,70,70,70,75,75,75,75,75,75,75,75,75,75,75,75],"card_choices":[{"not_picked":["Heel Hook","PiercingWail"],"picked":"Flying Knee","floor":1.0},{"not_picked":["Acrobatics","Accuracy"],"picked":"Flechettes","floor":6.0},{"not_picked":["Glass Knife","Escape Plan"],"picked":"Dash","floor":8.0},{"not_picked":["Choke","Riddle With Holes"],"picked":"Crippling Poison","floor":10.0},{"not_picked":["Bane","Crippling Poison","Acrobatics"],"picked":"SKIP","floor":11.0},{"not_picked":["Sucker Punch","Quick Slash"],"picked":"Well Laid Plans","floor":14.0}],"player_experience":369707,"relics_obtained":[{"floor":6.0,"key":"Omamori"},{"floor":8.0,"key":"Oddly Smooth Stone"},{"floor":9.0,"key":"Mummified Hand"},{"floor":10.0,"key":"Whetstone"},{"floor":14.0,"key":"Art of War"}],"event_choices":[{"damage_healed":0.0,"max_hp_gain":0.0,"max_hp_loss":0.0,"gold_gain":0.0,"event_name":"Golden Idol","player_choice":"Take Damage","floor":2.0,"gold_loss":0.0,"damage_taken":17.0,"relics_obtained":["Golden Idol"]},{"damage_healed":0.0,"max_hp_gain":0.0,"max_hp_loss":0.0,"gold_gain":0.0,"event_name":"Liars Game","player_choice":"Ignored","floor":3.0,"gold_loss":0.0,"damage_taken":0.0},{"cards_removed":["Strike_G"],"damage_healed":0.0,"max_hp_gain":0.0,"max_hp_loss":0.0,"gold_gain":0.0,"event_name":"The Cleric","player_choice":"Card Removal","floor":4.0,"gold_loss":50.0,"damage_taken":0.0},{"damage_healed":0.0,"max_hp_gain":5.0,"max_hp_loss":0.0,"gold_gain":0.0,"event_name":"Big Fish","player_choice":"Donut","floor":5.0,"gold_loss":0.0,"damage_taken":0.0}],"is_beta":false,"boss_relics":[],"items_purged_floors":[12],"is_endless":false,"potions_floor_spawned":[8,10],"killed_by":"Slime Boss","ascension_level":6}