{"gold_per_floor":[115,129,144,163,179,212,212,225,279,306,14,34,63,13,13,84,84,97,112,112,112],"floor_reached":21,"playtime":800,"items_purged":["Strike_R"],"score":386,"play_id":"eea4ffe4-a072-472b-9794-1fef428a18e8","local_time":"20190715151409","is_ascension_mode":true,"campfire_choices":[{"floor":7,"key":"REST"},{"floor":15,"key":"REST"}],"neow_cost":"NONE","seed_source_timestamp":286829275206336,"circlet_count":0,"master_deck":["AscendersBane","Strike_R","Strike_R","Defend_R","Defend_R","Defend_R","Defend_R","Bash","Combust","Clothesline","Thunderclap","Armaments","Whirlwind","Disarm","Wild Strike","Flex","Shrug It Off","Shrug It Off","Limit Break","Perfected Strike"],"relics":["Burning Blood","Anchor","Tiny Chest","PreservedInsect","Oddly Smooth Stone","Singing Bowl","Snecko Eye"],"potions_floor_usage":[6,13,16,19],"damage_taken":[{"damage":2,"enemies":"Cultist","floor":1,"turns":4},{"damage":13,"enemies":"2 Louse","floor":2,"turns":3},{"damage":4,"enemies":"Small Slimes","floor":3,"turns":3},{"damage":23,"enemies":"Exordium Thugs","floor":4,"turns":5},{"damage":21,"enemies":"Exordium Wildlife","floor":5,"turns":4},{"damage":26,"enemies":"Gremlin Nob","floor":6,"turns":4},{"damage":9,"enemies":"Blue Slaver","floor":8,"turns":4},{"damage":0,"enemies":"3 Louse","floor":12,"turns":2},{"damage":33,"enemies":"Lagavulin","floor":13,"turns":5},{"damage":31,"enemies":"The Guardian","floor":16,"turns":18},{"damage":12,"enemies":"2 Thieves","floor":18,"turns":2},{"damage":16,"enemies":"3 Byrds","floor":19,"turns":6},{"damage":53,"enemies":"Centurion and Healer","floor":21,"turns":5}],"seed_played":"-1746281357099106811","potions_obtained":[{"floor":1,"key":"SkillPotion"},{"floor":2,"key":"SteroidPotion"},{"floor":8,"key":"Poison Potion"},{"floor":18,"key":"Block Potion"}],"is_trial":false,"path_per_floor":["M","M","M","M","M","E","R","M","T","T","$","M","E","$","R","B",null,"M","M","?","M"],"character_chosen":"IRONCLAD","items_purchased":["Oddly Smooth Stone","Wild Strike","Shrug It Off"],"campfire_rested":2,"item_purchase_floors":[11,11,14],"current_hp_per_floor":[72,65,67,50,35,15,37,34,34,34,34,40,13,13,35,10,59,53,45,45,0],"gold":112,"neow_bonus":"REMOVE_CARD","is_prod":false,"is_daily":false,"chose_seed":false,"campfire_upgraded":0,"win_rate":0,"timestamp":1563171249,"path_taken":["M","M","M","M","M","E","R","M","T","?","$","M","E","?","R","BOSS","M","M","?","?"],"build_version":"2019-07-05","purchased_purges":1,"victory":false,"max_hp_per_floor":[75,75,75,75,75,75,75,75,75,75,75,75,75,75,75,75,75,75,77,77,77],"card_choices":[{"not_picked":["Blood for Blood","Sever Soul"],"picked":"Combust","floor":1},{"not_picked":["Flex","Flame Barrier"],"picked":"Clothesline","floor":2},{"not_picked":["Rupture","Havoc"],"picked":"Thunderclap","floor":3},{"not_picked":["Headbutt","Body Slam"],"picked":"Armaments","floor":4},{"not_picked":["Twin Strike","Sword Boomerang"],"picked":"Whirlwind","floor":5},{"not_picked":["Bloodletting","Entrench","Corruption"],"picked":"SKIP","floor":6},{"not_picked":["Shrug It Off","Headbutt"],"picked":"Disarm","floor":8},{"not_picked":["Heavy Blade","Combust"],"picked":"Flex","floor":12},{"not_picked":["Juggernaut","Entrench"],"picked":"Shrug It Off","floor":13},{"not_picked":["Fiend Fire","Demon Form"],"picked":"Limit Break","floor":16},{"not_picked":["Clash","Iron Wave+1"],"picked":"Perfected Strike","floor":18},{"not_picked":["Armaments","Iron Wave","Shrug It Off"],"picked":"Singing Bowl","floor":19}],"player_experience":786586,"relics_obtained":[{"floor":6,"key":"Anchor"},{"floor":9,"key":"Tiny Chest"},{"floor":10,"key":"PreservedInsect"},{"floor":13,"key":"Singing Bowl"}],"event_choices":[{"cards_removed":["Strike_R"],"damage_healed":0,"gold_gain":0,"player_choice":"Purged","damage_taken":0,"max_hp_gain":0,"max_hp_loss":0,"event_name":"Purifier","floor":20,"gold_loss":0}],"is_beta":false,"boss_relics":[{"not_picked":["Runic Dome","Empty Cage"],"picked":"Snecko Eye"}],"items_purged_floors":[11],"is_endless":false,"potions_floor_spawned":[1,2,5,8,18],"killed_by":"Centurion and Healer","ascension_level":20}