{"gold_per_floor":[144,144,144,193,90,288,337,386,436,485,534,687,687,785,785,1110,1110,1159,1208,546,595,131,229,278,278,328,328,328,377,426,84,84,409,572,621,670,733,782,834,932,981,1079,1079,1079,1079,1128,773,1106,1106,1106],"floor_reached":51,"playtime":3381,"items_purged":["Slimebound:Defend_Slimebound","Slimebound:Defend_Slimebound"],"score":1066,"play_id":"1b30360b-d65a-4b45-a68b-73e69f286f6b","local_time":"20190526231059","daily_mods":["Cursed Run","ControlledChaos","Midas"],"is_ascension_mode":false,"campfire_choices":[{"floor":44,"key":"REST"},{"floor":49,"key":"REST"}],"neow_cost":"","seed_source_timestamp":0,"circlet_count":0,"master_deck":["Slimebound:Tackle","Slimebound:Split","Slimebound:CorrosiveSpit","Slimebound:SplitMire","Injury","ReplayTheSpireMod:Restless Dread","ReplayTheSpireMod:Doomed","infinitespire:Fortify","Slimebound:Recollect+1","Slimebound:MinionMaster+1","Slimebound:DisruptingSlam","Slimebound:Dissolve+1","Slimebound:VenomTackle","ReplayTheSpireMod:Splinters","Slimebound:GoopSpray","Slimebound:Recollect","hubris:Disease","Slimebound:QuickStudy","Slimebound:GoopTackle","Slimebound:ItLooksTasty","Slimebound:RollThrough+1","Slimebound:GoopTackle","Slimebound:VenomTackle","Slimebound:VenomTackle","Slimebound:Dissolve","Replay:Undeath\u0027s Touch","Slimebound:VenomTackle","Slimebound:VenomTackle","Slimebound:DisruptingSlam","Slimebound:Tackle+1","Slimebound:Tackle+1","Shame","Slimebound:Dissolve+1","Slimebound:MinionMaster","Languid","Slimebound:PressTheAttack+1","Heavy Blade+1","Sadistic Nature","Doubt","Armaments+1","Slimebound:TongueLash+1","Pain"],"special_seed":18043,"relics":["Cursed Key","Darkstone Periapt","Du-Vu Doll","Frozen Eye","Arrowhead","hubris:OldNail","Centennial Puzzle","ReplayTheSpireMod:TigerMarble","Orrery","PrismaticShard","War Paint","Vajra","Pear","Omamori","Pet Ghost","Dodecahedron","theJungle:SneckoAutograph","Blood Vial","DollysMirror","Lantern","Tiny House","infinitespire:Joker Card","Prayer Wheel","infinitespire:Lucky Rock","Bag of Marbles","Turnip"],"potions_floor_usage":[14,19,21,40,40,42],"damage_taken":[{"damage":17,"enemies":"Jaw Worm","floor":1,"turns":3},{"damage":3,"enemies":"Cultist","floor":4,"turns":3},{"damage":27,"enemies":"3 Sentries","floor":6,"turns":5},{"damage":3,"enemies":"2 Louse","floor":7,"turns":1},{"damage":23,"enemies":"Lots of Slimes","floor":8,"turns":3},{"damage":9,"enemies":"Large Slime","floor":10,"turns":3},{"damage":20,"enemies":"Exordium Wildlife","floor":11,"turns":3},{"damage":18,"enemies":"Blue Slaver","floor":12,"turns":3},{"damage":23,"enemies":"Lagavulin","floor":14,"turns":4},{"damage":32,"enemies":"Slime Boss","floor":16,"turns":5},{"damage":29,"enemies":"theJungle:MUSHROOMGANG","floor":18,"turns":3},{"damage":6,"enemies":"Shell Parasite","floor":19,"turns":1},{"damage":14,"enemies":"theJungle:JungleHuntersEncounter","floor":21,"turns":2},{"damage":25,"enemies":"theJungle:MamaSnecko","floor":23,"turns":3},{"damage":24,"enemies":"theJungle:SlimyTreeVines","floor":24,"turns":4},{"damage":15,"enemies":"Snake Plant","floor":29,"turns":2},{"damage":6,"enemies":"theJungle:Lyon","floor":30,"turns":2},{"damage":80,"enemies":"theJungle:QueenSpyder","floor":33,"turns":6},{"damage":15,"enemies":"Orb Walker","floor":35,"turns":1},{"damage":34,"enemies":"3 Darklings","floor":36,"turns":3},{"damage":8,"enemies":"Writhing Mass","floor":38,"turns":1},{"damage":9,"enemies":"2 Orb Walkers","floor":39,"turns":1},{"damage":28,"enemies":"Giant Head","floor":40,"turns":3},{"damage":3,"enemies":"4 Shapes","floor":41,"turns":1},{"damage":44,"enemies":"R_Hoarder","floor":42,"turns":3},{"damage":0,"enemies":"3 Darklings","floor":46,"turns":1},{"damage":63,"enemies":"Time Eater","floor":50,"turns":5}],"seed_played":"-8145905015127377607","potions_obtained":[{"floor":4,"key":"Milkshake"},{"floor":6,"key":"SpeedPotion"},{"floor":10,"key":"Block Potion"},{"floor":16,"key":"Poison Potion"},{"floor":21,"key":"Weak Potion"},{"floor":29,"key":"AttackPotion"},{"floor":33,"key":"Explosive Potion"},{"floor":34,"key":"FairyPotion"},{"floor":39,"key":"SkillPotion"},{"floor":41,"key":"Slimebound:SlimedPotion"}],"is_trial":false,"path_per_floor":["M","?","?","M","$","E","M","M","T","M","M","M","?","E","R","B",null,"M","M","$","M","$","E","M","?","T","T","?","M","M","$","R","B",null,"M","M","NS","M","?","E","M","E","T","R","?","M","$","?","R","B",null],"character_chosen":"SLIMEBOUND","items_purchased":["Slimebound:MinionMaster+1","Slimebound:DisruptingSlam","Slimebound:Dissolve","Slimebound:Dissolve","PrismaticShard","War Paint","Vajra","SkillPotion","Slimebound:VenomTackle","Slimebound:DisruptingSlam","Pear","DollysMirror","Slimebound:MinionMaster","Lantern","Turnip","Slimebound:TongueLash+1"],"campfire_rested":2,"item_purchase_floors":[5,5,5,20,20,20,20,20,22,22,22,31,31,31,47,47],"current_hp_per_floor":[65,71,83,88,88,73,70,59,65,75,64,58,58,50,78,90,100,81,84,84,79,89,81,80,80,80,80,86,81,81,81,81,45,127,121,102,102,104,102,93,105,75,81,120,120,130,130,130,133,94],"gold":1106,"neow_bonus":"","is_prod":false,"is_daily":true,"chose_seed":false,"campfire_upgraded":0,"win_rate":0,"timestamp":1558926659,"path_taken":["M","?","?","M","$","E","M","M","T","M","?","M","?","E","R","BOSS","M","M","$","M","?","E","M","?","T","?","?","?","M","$","R","BOSS","M","M","NS","M","?","E","M","E","T","R","?","M","$","?","R","BOSS"],"build_version":"2019-01-23","purchased_purges":2,"victory":true,"max_hp_per_floor":[70,76,88,88,88,88,88,88,94,94,94,94,94,94,94,100,100,100,100,100,100,110,110,110,110,110,110,116,116,116,116,116,122,127,127,127,127,127,127,127,127,127,133,133,133,133,133,133,133,139],"card_choices":[{"not_picked":["Slimebound:SplitBruiser","Slimebound:MegaLick"],"picked":"Slimebound:SplitMire","floor":1},{"not_picked":["infinitespire:Menacing","ReplayTheSpireMod:Haul"],"picked":"infinitespire:Fortify","floor":3},{"not_picked":["Slimebound:FlameTackle","Slimebound:Grow"],"picked":"Slimebound:Recollect","floor":4},{"not_picked":["Slimebound:LeadByExample","Slimebound:LivingWall"],"picked":"Slimebound:VenomTackle","floor":6},{"not_picked":["Slimebound:ServeAndProtect","Slimebound:DivideAndConquer","Slimebound:BestDefense"],"picked":"SKIP","floor":7},{"not_picked":["Slimebound:ComboTackle","Slimebound:RainOfGoop","Slimebound:SlimeTap"],"picked":"SKIP","floor":8},{"not_picked":["Slimebound:ComboTackle","Slimebound:RainOfGoop","Slimebound:SlimeTap"],"picked":"SKIP","floor":8},{"not_picked":["Slimebound:LeechEnergy","Slimebound:DivideAndConquer","Slimebound:SpikyOuterGoop"],"picked":"SKIP","floor":10},{"not_picked":["Slimebound:FinishingTackle","Slimebound:ViciousTackle"],"picked":"Slimebound:GoopSpray","floor":11},{"not_picked":["Slimebound:TongueLash","Slimebound:FirmFortitude"],"picked":"Slimebound:Recollect","floor":12},{"not_picked":["Slimebound:SlimeTap","Slimebound:DivideAndConquer","Slimebound:ProtectTheBoss"],"picked":"SKIP","floor":14},{"not_picked":["Slimebound:LeechingTouch","Slimebound:Recollect"],"picked":"Slimebound:QuickStudy","floor":17},{"not_picked":["Slimebound:SlimeSpikes","Slimebound:SoulSicken"],"picked":"Slimebound:GoopTackle","floor":17},{"not_picked":["Slimebound:SlimeSpikes","Slimebound:GoopSpray"],"picked":"Slimebound:ItLooksTasty","floor":17},{"not_picked":["Slimebound:SlimeTap","Slimebound:AcidTongue"],"picked":"Slimebound:RollThrough","floor":17},{"not_picked":["Slimebound:MinionMaster","Slimebound:SpikyOuterGoop"],"picked":"Slimebound:GoopTackle","floor":17},{"not_picked":["Slimebound:LeechingTouch","Slimebound:Replication"],"picked":"Slimebound:VenomTackle","floor":18},{"not_picked":["Slimebound:GoopSpray","Slimebound:Overexert"],"picked":"Slimebound:VenomTackle","floor":19},{"not_picked":["Poisoned Stab","Leap"],"picked":"Replay:Undeath\u0027s Touch","floor":21},{"not_picked":["Multi-Cast","Forethought+1","construct:ElectricArmor+1"],"picked":"SKIP","floor":23},{"not_picked":["Heavy Blade","construct:ModeShift","Underhanded Strike"],"picked":"SKIP","floor":24},{"not_picked":["construct:ScrapCannon","Crystallizer","Riddle With Holes+1"],"picked":"SKIP","floor":29},{"not_picked":["construct:Enhance","Hidden Blade","Quick Slash"],"picked":"SKIP","floor":30},{"not_picked":["construct:Analyze","Sucker Punch+1"],"picked":"Slimebound:PressTheAttack+1","floor":35},{"not_picked":["Slimebound:ServeAndProtect","Slimebound:LeadByExample","construct:Tumble+1"],"picked":"SKIP","floor":36},{"not_picked":["construct:SuppressiveFire+1","Slimebound:AcidGelatin"],"picked":"Heavy Blade+1","floor":38},{"not_picked":["Slimebound:Equalize","Havoc","Perfected Strike"],"picked":"SKIP","floor":40},{"not_picked":["Flash of Steel","Havoc","Slimebound:SplitBruiser"],"picked":"SKIP","floor":41},{"not_picked":["construct:FlammableFog+1","Dash","Iron Wave"],"picked":"SKIP","floor":41},{"not_picked":["ReplayTheSpireMod:Trickstab+1","Slimebound:SplitAcid"],"picked":"Sadistic Nature","floor":42},{"not_picked":["Deflect","Impatience"],"picked":"Armaments+1","floor":46},{"not_picked":["Slice+1","Backflip+1","Body Slam+1"],"picked":"SKIP","floor":46}],"player_experience":319250,"relics_obtained":[{"floor":6,"key":"Arrowhead"},{"floor":9,"key":"Centennial Puzzle"},{"floor":14,"key":"ReplayTheSpireMod:TigerMarble"},{"floor":23,"key":"Omamori"},{"floor":26,"key":"Pet Ghost"},{"floor":27,"key":"Dodecahedron"},{"floor":39,"key":"infinitespire:Joker Card"},{"floor":40,"key":"Prayer Wheel"},{"floor":42,"key":"infinitespire:Lucky Rock"},{"floor":43,"key":"Bag of Marbles"}],"event_choices":[{"damage_healed":0,"gold_gain":0,"player_choice":"Take Wound","damage_taken":0,"relics_obtained":["Golden Idol"],"max_hp_gain":0,"max_hp_loss":0,"event_name":"Golden Idol","floor":2,"gold_loss":0,"cards_obtained":["Injury"]},{"cards_removed":["Slimebound:Defend_Slimebound"],"damage_healed":0,"gold_gain":0,"player_choice":"Purged","damage_taken":0,"max_hp_gain":0,"max_hp_loss":0,"event_name":"Purifier","floor":13,"gold_loss":0},{"damage_healed":0,"gold_gain":0,"player_choice":"Fight","damage_taken":0,"max_hp_gain":0,"max_hp_loss":0,"event_name":"Mysterious Sphere","floor":39,"gold_loss":0},{"damage_healed":0,"gold_gain":0,"player_choice":"Ignored","damage_taken":0,"max_hp_gain":0,"max_hp_loss":0,"event_name":"Tomb of Lord Red Mask","floor":45,"gold_loss":0},{"damage_healed":0,"gold_gain":333,"player_choice":"Gave Idol","damage_taken":0,"max_hp_gain":0,"max_hp_loss":0,"event_name":"The Moai Head","floor":48,"relics_lost":["Golden Idol"],"gold_loss":0}],"is_beta":false,"boss_relics":[{"not_picked":["infinitespire:Cupcake","Busted Crown"],"picked":"Orrery"},{"not_picked":["Runic Pyramid","Replay:Wanted Poster"],"picked":"Tiny House"}],"items_purged_floors":[20,22],"is_endless":false,"potions_floor_spawned":[4,6,10,16,18,21,29,33,38,39,41],"ascension_level":0}