{"gold_per_floor":[109,184,184,184,359,359,392,392,392,409,426,376,401,20,20,115,115,132,132,132,12,12,12],"floor_reached":23,"playtime":1199,"items_purged":["Strike_B"],"score":293,"play_id":"3d431097-82a4-451b-9101-c3346ac6d8c6","local_time":"20190708212427","is_ascension_mode":true,"campfire_choices":[{"floor":6.0,"key":"REST"},{"floor":8.0,"key":"REST"},{"floor":15.0,"key":"REST"}],"neow_cost":"PERCENT_DAMAGE","seed_source_timestamp":855911258426343,"circlet_count":0,"master_deck":["AscendersBane","Strike_B+1","Defend_B","Defend_B","Defend_B","Zap","Dualcast","Echo Form","Coolheaded+1","Undo","Cold Snap","Darkness","Capacitor","Reboot","Leap+1","Undo","Melter","Defragment","Seek"],"special_seed":0,"relics":["Cracked Core","Bottled Tornado","The Courier","Matryoshka","Odd Mushroom","Mummified Hand","Art of War","Black Star"],"potions_floor_usage":[],"damage_taken":[{"damage":8.0,"enemies":"Jaw Worm","floor":1.0,"turns":4.0},{"damage":22.0,"enemies":"Lagavulin","floor":7.0,"turns":10.0},{"damage":2.0,"enemies":"Small Slimes","floor":10.0,"turns":4.0},{"damage":0.0,"enemies":"2 Louse","floor":11.0,"turns":3.0},{"damage":26.0,"enemies":"The Mushroom Lair","floor":13.0,"turns":5.0},{"damage":21.0,"enemies":"Hexaghost","floor":16.0,"turns":12.0},{"damage":3,"enemies":"Spheric Guardian","floor":18,"turns":7},{"damage":47,"enemies":"Gremlin Leader","floor":23,"turns":4}],"seed_played":"-7168038877313381560","potions_obtained":[{"floor":10.0,"key":"FearPotion"},{"floor":13.0,"key":"Block Potion"}],"is_trial":false,"path_per_floor":["?","?","T","?","M","?","?","?","?","?"],"character_chosen":"DEFECT","items_purchased":["Mummified Hand","Art of War","Defragment","Seek"],"campfire_rested":3,"item_purchase_floors":[14,14,21,21],"current_hp_per_floor":[42,31,16,16,16,38,16,38,38,36,36,36,10,10,32,11,59,56,56,56,56,42,0],"gold":12,"neow_bonus":"THREE_RARE_CARDS","is_prod":false,"is_daily":false,"chose_seed":false,"campfire_upgraded":0,"win_rate":0,"timestamp":1562610267,"path_taken":["M","?","?","?","?","R","E","R","T","?","M","?","?","$","R","BOSS","M","?","?","$","?","E"],"build_version":"2019-01-23","purchased_purges":1,"victory":false,"max_hp_per_floor":[75,75,75,75,75,75,75,75,75,75,75,75,75,75,75,75,75,75,75,75,75,80,80],"card_choices":[{"not_picked":["Buffer","Creative AI"],"picked":"Echo Form","floor":0.0},{"not_picked":["Gash","Force Field"],"picked":"Coolheaded","floor":1.0},{"not_picked":["Loop","Redo"],"picked":"Undo","floor":7.0},{"not_picked":["Loop","FTL"],"picked":"Cold Snap","floor":10.0},{"not_picked":["Streamline","Barrage"],"picked":"Darkness","floor":11.0},{"not_picked":["Aggregate","Beam Cell"],"picked":"Capacitor","floor":13.0},{"not_picked":["Rainbow","All For One"],"picked":"Reboot","floor":16.0},{"not_picked":["Cold Snap","Coolheaded"],"picked":"Leap+1","floor":18}],"player_experience":330508,"relics_obtained":[{"floor":4.0,"key":"Bottled Tornado"},{"floor":7.0,"key":"The Courier"},{"floor":9.0,"key":"Matryoshka"},{"floor":13.0,"key":"Odd Mushroom"}],"event_choices":[{"damage_healed":0.0,"max_hp_gain":0.0,"max_hp_loss":0.0,"gold_gain":75.0,"event_name":"World of Goop","player_choice":"Gather Gold","floor":2.0,"gold_loss":0.0,"damage_taken":11.0},{"damage_healed":0.0,"max_hp_gain":0.0,"max_hp_loss":0.0,"gold_gain":0.0,"event_name":"Shining Light","player_choice":"Entered Light","floor":3.0,"gold_loss":0.0,"damage_taken":15.0,"cards_upgraded":["Strike_B","Coolheaded"]},{"damage_healed":0.0,"max_hp_gain":0.0,"max_hp_loss":0.0,"gold_gain":175.0,"event_name":"Liars Game","player_choice":"AGREE","floor":5.0,"gold_loss":0.0,"damage_taken":0.0,"cards_obtained":["Doubt"]},{"cards_removed":["Strike_B"],"damage_healed":0.0,"max_hp_gain":0.0,"max_hp_loss":0.0,"gold_gain":0.0,"event_name":"The Cleric","player_choice":"Card Removal","floor":12.0,"gold_loss":50.0,"damage_taken":0.0},{"damage_healed":0.0,"max_hp_gain":0.0,"max_hp_loss":0.0,"gold_gain":0.0,"event_name":"Mushrooms","player_choice":"Fought Mushrooms","floor":13.0,"gold_loss":0.0,"damage_taken":0.0},{"damage_healed":0,"gold_gain":0,"cards_transformed":["Strike_B","Defend_B"],"player_choice":"Became Test Subject","damage_taken":0,"max_hp_gain":0,"max_hp_loss":0,"event_name":"Drug Dealer","floor":19,"gold_loss":0,"cards_obtained":["Undo","Melter"]},{"cards_removed":["Doubt"],"damage_healed":0,"gold_gain":0,"player_choice":"Elegance","damage_taken":0,"max_hp_gain":0,"max_hp_loss":0,"event_name":"Back to Basics","floor":20,"gold_loss":0},{"damage_healed":0,"gold_gain":0,"player_choice":"Shed Blood","damage_taken":19,"max_hp_gain":5,"max_hp_loss":0,"event_name":"Forgotten Altar","floor":22,"gold_loss":0}],"is_beta":false,"boss_relics":[{"not_picked":["Ectoplasm","Runic Dome"],"picked":"Black Star"}],"items_purged_floors":[14],"is_endless":false,"potions_floor_spawned":[10,13],"killed_by":"Gremlin Leader","ascension_level":12}