{"gold_per_floor":[144,144,189,189,189,189,234,324,374,419,419,389,434,524,524,824,824,839,839,51,96,141,231,276,576,626,626,195,240,285,35,35,335,335,380,443,488,788,31,76,121,211,211,211,211,256,38,38,38,38],"floor_reached":51,"playtime":3650,"items_purged":["Defend_G"],"score":982,"play_id":"a6b2d5fc-7730-4d31-b443-3a8e4f1b5635","local_time":"20190526221123","daily_mods":["Cursed Run","Time Dilation","Midas"],"is_ascension_mode":false,"campfire_choices":[{"floor":6,"key":"REST"},{"floor":11,"key":"REST"},{"floor":15,"key":"REST"},{"floor":32,"key":"REST"},{"floor":44,"key":"REST"},{"floor":49,"key":"REST"}],"neow_cost":"","seed_source_timestamp":0,"circlet_count":0,"master_deck":["Defend_G","Defend_G","Strike_G","Strike_G","Strike_G","Strike_G","Strike_G","Survivor","Neutralize","Dagger Throw","Noxious Fumes","Prepared","PiercingWail","Regret","Masterful Stab","Calculated Gamble+1","Injury","Die Die Die","Dash+1","Predator","Infinite Blades","Cloak And Dagger","Blade Dance","Cloak And Dagger","Acrobatics+1","Unload","Flying Knee+1","Flying Knee+1","Shame","Writhe","Finisher","Blur","Noxious Fumes","Calculated Gamble+1","Dagger Spray","Prepared+1","Pain","Unload","Regret","Writhe","Parasite","Cloak And Dagger+1","Predator+1","Sadistic Nature","Infinite Blades","Dagger Spray+1","Pain","Well Laid Plans","Madness+1","Madness+1","Pain"],"special_seed":18043,"relics":["Cursed Key","Darkstone Periapt","Du-Vu Doll","Ancient Tea Set","Oddly Smooth Stone","Snake Skull","HoveringKite","Tough Bandages","Anchor","Pantograph","The Specimen","Matryoshka","Lantern","Regal Pillow","Art of War","Meat on the Bone","Centennial Puzzle","Toxic Egg 2","Calling Bell","Juzu Bracelet","Dodecahedron","Bird Faced Urn","Unceasing Top","Gambling Chip","TwistedFunnel","Kunai","Torii","Smiling Mask","War Paint"],"potions_floor_usage":[8,8,8,10,13,16,16,18,21,21,24,25,33,40,50,50,50,50,50],"damage_taken":[{"damage":3,"enemies":"Jaw Worm","floor":1,"turns":4},{"damage":0,"enemies":"Cultist","floor":3,"turns":3},{"damage":2,"enemies":"2 Louse","floor":7,"turns":2},{"damage":11,"enemies":"3 Sentries","floor":8,"turns":7},{"damage":9,"enemies":"Lots of Slimes","floor":10,"turns":3},{"damage":0,"enemies":"Large Slime","floor":13,"turns":4},{"damage":13,"enemies":"Lagavulin","floor":14,"turns":5},{"damage":4,"enemies":"Hexaghost","floor":16,"turns":9},{"damage":37,"enemies":"2 Thieves","floor":18,"turns":4},{"damage":2,"enemies":"Spheric Guardian","floor":21,"turns":4},{"damage":2,"enemies":"Snecko","floor":22,"turns":5},{"damage":1,"enemies":"Slavers","floor":23,"turns":5},{"damage":1,"enemies":"Chosen and Byrds","floor":24,"turns":6},{"damage":0,"enemies":"Colosseum Slavers","floor":25,"turns":3},{"damage":15,"enemies":"Colosseum Nobs","floor":25,"turns":4},{"damage":0,"enemies":"Centurion and Healer","floor":29,"turns":5},{"damage":0,"enemies":"Sentry and Sphere","floor":30,"turns":3},{"damage":2,"enemies":"Automaton","floor":33,"turns":6},{"damage":2,"enemies":"Orb Walker","floor":35,"turns":4},{"damage":25,"enemies":"2 Orb Walkers","floor":36,"turns":3},{"damage":0,"enemies":"3 Darklings","floor":37,"turns":1},{"damage":0,"enemies":"Mind Bloom Boss Battle","floor":38,"turns":2},{"damage":0,"enemies":"Sphere and 2 Shapes","floor":40,"turns":2},{"damage":1,"enemies":"Transient","floor":41,"turns":5},{"damage":0,"enemies":"Giant Head","floor":42,"turns":5},{"damage":0,"enemies":"Writhing Mass","floor":46,"turns":3},{"damage":24,"enemies":"Time Eater","floor":50,"turns":6}],"seed_played":"-8145905015127377607","potions_obtained":[{"floor":7,"key":"EntropicBrew"},{"floor":8,"key":"SkillPotion"},{"floor":12,"key":"Fruit Juice"},{"floor":12,"key":"Explosive Potion"},{"floor":14,"key":"Fire Potion"},{"floor":18,"key":"Block Potion"},{"floor":22,"key":"LiquidBronze"},{"floor":24,"key":"EssenceOfSteel"},{"floor":30,"key":"Explosive Potion"},{"floor":36,"key":"SteroidPotion"},{"floor":37,"key":"PowerPotion"},{"floor":40,"key":"EntropicBrew"}],"is_trial":false,"path_per_floor":["M","$","M","$","?","R","M","E","T","M","R","?","M","E","R","B",null,"M","?","$","M","M","E","M","?","T","T","$","M","M","$","R","B",null,"M","?","M","?","$","M","M","E","T","R","?","M","$","?","R","B",null],"character_chosen":"THE_SILENT","items_purchased":["Tough Bandages","Predator","Infinite Blades","Anchor","Cloak And Dagger","SkillPotion","Blade Dance","Centennial Puzzle","Finisher","Blur","Noxious Fumes","Calculated Gamble","Toxic Egg 2","Sadistic Nature","TwistedFunnel","Kunai","Infinite Blades","PowerPotion","Well Laid Plans","War Paint"],"campfire_rested":6,"item_purchase_floors":[20,20,20,20,20,20,20,28,28,28,28,28,31,39,39,39,39,39,47,47],"current_hp_per_floor":[67,67,67,67,60,70,68,57,63,54,76,76,81,68,81,83,87,50,50,50,48,46,45,44,29,35,41,41,53,53,53,97,103,123,121,98,98,123,123,123,123,123,129,129,129,129,129,113,129,111],"gold":38,"neow_bonus":"","is_prod":false,"is_daily":true,"chose_seed":false,"campfire_upgraded":0,"win_rate":0,"timestamp":1558923083,"path_taken":["M","$","M","$","?","R","M","E","T","M","R","?","?","E","R","BOSS","M","?","$","M","?","E","M","?","T","?","$","M","M","?","R","BOSS","M","?","M","?","$","M","M","E","T","R","?","M","$","?","R","BOSS"],"build_version":"2019-01-23","purchased_purges":1,"victory":true,"max_hp_per_floor":[70,70,70,70,70,70,70,70,76,76,76,76,81,81,81,87,87,87,87,87,87,87,87,87,87,93,99,99,99,99,99,99,105,123,123,123,123,123,123,123,123,123,129,129,129,129,129,129,129,135],"card_choices":[{"not_picked":["Sucker Punch","Poisoned Stab"],"picked":"Dagger Throw","floor":1},{"not_picked":["Dodge and Roll","Catalyst"],"picked":"Noxious Fumes","floor":3},{"not_picked":["Leg Sweep","Outmaneuver"],"picked":"Prepared","floor":7},{"not_picked":["Blade Dance","Malaise"],"picked":"PiercingWail","floor":8},{"not_picked":["Dagger Spray","Well Laid Plans"],"picked":"Masterful Stab","floor":10},{"not_picked":["Dagger Throw","Concentrate"],"picked":"Calculated Gamble","floor":13},{"not_picked":["Dash","Accuracy"],"picked":"Calculated Gamble","floor":14},{"not_picked":["Phantasmal Killer","Corpse Explosion"],"picked":"Die Die Die","floor":16},{"not_picked":["Flying Knee","Sucker Punch"],"picked":"Dash+1","floor":18},{"not_picked":["Bane","Expertise+1"],"picked":"Cloak And Dagger","floor":21},{"not_picked":["Cloak And Dagger","Quick Slash+1"],"picked":"Acrobatics+1","floor":22},{"not_picked":["Deflect","PiercingWail"],"picked":"Unload","floor":23},{"not_picked":["Dodge and Roll","Outmaneuver"],"picked":"Flying Knee+1","floor":24},{"not_picked":["Endless Agony+1","Deflect+1"],"picked":"Flying Knee+1","floor":25},{"not_picked":["Acrobatics","Doppelganger"],"picked":"Dagger Spray","floor":29},{"not_picked":["Deadly Poison+1","Outmaneuver+1"],"picked":"Prepared+1","floor":30},{"not_picked":["Corpse Explosion+1","Doppelganger+1"],"picked":"Unload","floor":33},{"not_picked":["Quick Slash+1","Dagger Spray+1"],"picked":"Cloak And Dagger+1","floor":35},{"not_picked":["Glass Knife","Sucker Punch+1"],"picked":"Predator+1","floor":36},{"not_picked":["Flying Knee","Quick Slash+1","Outmaneuver+1"],"picked":"SKIP","floor":37},{"not_picked":["Acrobatics+1","After Image"],"picked":"Dagger Spray+1","floor":40},{"not_picked":["Prepared+1","Backflip+1","Deadly Poison+1"],"picked":"SKIP","floor":41},{"not_picked":["Riddle With Holes","Acrobatics+1","Outmaneuver+1"],"picked":"SKIP","floor":42},{"not_picked":["Dodge and Roll+1","Flechettes","Poisoned Stab"],"picked":"SKIP","floor":46}],"player_experience":259276,"relics_obtained":[{"floor":8,"key":"Ancient Tea Set"},{"floor":9,"key":"Oddly Smooth Stone"},{"floor":14,"key":"Snake Skull"},{"floor":23,"key":"Pantograph"},{"floor":25,"key":"The Specimen"},{"floor":25,"key":"Matryoshka"},{"floor":26,"key":"Lantern"},{"floor":26,"key":"Regal Pillow"},{"floor":27,"key":"Art of War"},{"floor":27,"key":"Meat on the Bone"},{"floor":34,"key":"Juzu Bracelet"},{"floor":34,"key":"Dodecahedron"},{"floor":34,"key":"Bird Faced Urn"},{"floor":36,"key":"Unceasing Top"},{"floor":38,"key":"Gambling Chip"},{"floor":42,"key":"Torii"},{"floor":43,"key":"Smiling Mask"}],"event_choices":[{"cards_removed":["Defend_G"],"damage_healed":0,"gold_gain":0,"player_choice":"Card Removal","damage_taken":7,"max_hp_gain":0,"max_hp_loss":0,"event_name":"Golden Wing","floor":5,"gold_loss":0},{"damage_healed":0,"gold_gain":0,"player_choice":"Bought 2 Potions","damage_taken":0,"max_hp_gain":0,"max_hp_loss":0,"event_name":"The Woman in Blue","floor":12,"gold_loss":0},{"cards_removed":["Defend_G"],"damage_healed":0,"gold_gain":0,"player_choice":"Card Removal","damage_taken":0,"max_hp_gain":0,"max_hp_loss":0,"event_name":"Wheel of Change","floor":19,"gold_loss":0},{"damage_healed":0,"gold_gain":0,"player_choice":"Fight","damage_taken":0,"max_hp_gain":0,"max_hp_loss":0,"event_name":"Colosseum","floor":25,"gold_loss":0},{"damage_healed":0,"gold_gain":0,"player_choice":"Fought Nobs","damage_taken":0,"max_hp_gain":0,"max_hp_loss":0,"event_name":"Colosseum","floor":25,"gold_loss":0},{"damage_healed":0,"gold_gain":0,"player_choice":"Fight","damage_taken":0,"max_hp_gain":0,"max_hp_loss":0,"event_name":"Mysterious Sphere","floor":36,"gold_loss":0},{"damage_healed":0,"gold_gain":0,"player_choice":"Fight","damage_taken":0,"max_hp_gain":0,"max_hp_loss":0,"event_name":"MindBloom","floor":38,"gold_loss":0},{"cards_removed":["Calculated Gamble"],"damage_healed":0,"gold_gain":0,"player_choice":"Removed Skill","damage_taken":0,"max_hp_gain":0,"max_hp_loss":0,"event_name":"Falling","floor":45,"gold_loss":0},{"damage_healed":0,"gold_gain":0,"player_choice":"Embrace Madness","damage_taken":16,"max_hp_gain":0,"max_hp_loss":0,"event_name":"Winding Halls","floor":48,"gold_loss":0,"cards_obtained":["Madness","Madness"]}],"is_beta":false,"boss_relics":[{"not_picked":["Tiny House","Eternal Feather"],"picked":"HoveringKite"},{"not_picked":["Coffee Dripper","WristBlade"],"picked":"Calling Bell"}],"items_purged_floors":[20],"is_endless":false,"potions_floor_spawned":[7,8,14,18,22,24,25,30,36,37,40,46],"ascension_level":0}