{"gold_per_floor":[114,88,103,103,68,98,128,143,193,208,208,8,38,38,38,138,138,153,153,53,68,167,197,147],"floor_reached":24,"playtime":1755,"items_purged":[],"score":234,"play_id":"9cb6ff5e-fb36-4e9b-8b02-6c2d2f1c3aca","local_time":"20190520214925","daily_mods":["Chimera","Flight","Night Terrors"],"is_ascension_mode":false,"campfire_choices":[{"floor":15,"key":"REST"}],"neow_cost":"","seed_source_timestamp":287877850959304,"circlet_count":0,"master_deck":["Bash","Survivor","Zap","Strike_R","Strike_G","Strike_B","Defend_R","Defend_G","Defend_B","Slimebound:SoulSicken","Slimebound:SplitMire","Slimebound:FirmFortitude","Slimebound:TongueLash","Slimebound:Chomp","Slimebound:SlimeSpikes","Slimebound:LeadByExample","Slimebound:FlameTackle","Slimebound:AcidGelatin","Slimebound:SuperSplit","Slimebound:GoopSpray","Slimebound:PressTheAttack","Slimebound:Dissolve","Slimebound:ItLooksTasty","Slimebound:Replication","Slimebound:Repurpose","Decay","Slimebound:PressTheAttack","Slimebound:LeadByExample","Slimebound:HungryTackle","infinitespire:Virus","Slimebound:ProtectTheBoss+1"],"special_seed":18037,"relics":["Slimebound:AbsorbEndCombat","hubris:Icosahedron","Ornamental Fan","Du-Vu Doll","Orichalcum","hubris:EmptyBottle","Potion Belt","Vajra","Orrery","Bronze Scales"],"potions_floor_usage":[6,13,13,16,16,21,21,24,24],"damage_taken":[{"damage":9,"enemies":"Cultist","floor":1,"turns":3},{"damage":12,"enemies":"2 Louse","floor":3,"turns":3},{"damage":21,"enemies":"Jaw Worm","floor":5,"turns":4},{"damage":31,"enemies":"Lagavulin","floor":6,"turns":6},{"damage":45,"enemies":"3 Sentries","floor":7,"turns":8},{"damage":26,"enemies":"Exordium Wildlife","floor":8,"turns":5},{"damage":32,"enemies":"Exordium Thugs","floor":10,"turns":5},{"damage":27,"enemies":"Lagavulin","floor":13,"turns":4},{"damage":33,"enemies":"Slime Boss","floor":16,"turns":5},{"damage":32,"enemies":"Shell Parasite","floor":18,"turns":5},{"damage":27,"enemies":"Spheric Guardian","floor":21,"turns":4},{"damage":43,"enemies":"Nightmare","floor":23,"turns":6},{"damage":53,"enemies":"Book of Stabbing","floor":24,"turns":4}],"seed_played":"-7280386136630335372","potions_obtained":[{"floor":3,"key":"GamblersBrew"},{"floor":7,"key":"Slimebound:SlimedPotion"},{"floor":10,"key":"Fire Potion"},{"floor":16,"key":"SpeedPotion"},{"floor":18,"key":"Energy Potion"},{"floor":23,"key":"PowerPotion"}],"is_trial":false,"path_per_floor":["M","$","M","?","M","E","E","M","T","M","?","$","E","$","R","B",null,"M","?","$","M","?","NM","E"],"character_chosen":"SLIMEBOUND","items_purchased":["Slimebound:SplitMire","hubris:EmptyBottle","Slimebound:PressTheAttack","Slimebound:LeadByExample"],"campfire_rested":1,"item_purchase_floors":[2,12,20,20],"current_hp_per_floor":[64,64,61,61,52,39,40,35,35,33,33,33,30,30,68,53,68,63,63,63,54,54,50,0],"gold":147,"neow_bonus":"","is_prod":false,"is_daily":true,"chose_seed":false,"campfire_upgraded":0,"win_rate":0,"timestamp":1558403365,"path_taken":["M","?","?","?","?","E","E","M","T","M","?","$","E","$","R","BOSS","M","?","?","?","?","NM","E"],"build_version":"2019-01-23","purchased_purges":0,"victory":false,"max_hp_per_floor":[70,70,70,70,70,70,70,70,70,73,73,73,73,73,68,68,68,68,68,68,68,68,68,68],"card_choices":[{"not_picked":["Slimebound:SlimeTap","Slimebound:BestDefense"],"picked":"Slimebound:SoulSicken","floor":1},{"not_picked":["Slimebound:Recollect","Slimebound:DivideAndConquer"],"picked":"Slimebound:FirmFortitude","floor":3},{"not_picked":["Slimebound:ComboTackle","Slimebound:FinishingTackle"],"picked":"Slimebound:TongueLash","floor":5},{"not_picked":["Slimebound:ItLooksTasty","Slimebound:SoulSicken"],"picked":"Slimebound:Chomp","floor":6},{"not_picked":["Slimebound:DisruptingSlam","Slimebound:TongueLash"],"picked":"Slimebound:SlimeSpikes","floor":7},{"not_picked":["Slimebound:ItLooksTasty","Slimebound:VenomTackle"],"picked":"Slimebound:LeadByExample","floor":8},{"not_picked":["Slimebound:PoisonLick","Slimebound:BestDefense"],"picked":"Slimebound:FlameTackle","floor":10},{"not_picked":["Slimebound:FinishingTackle","Slimebound:SoulSicken"],"picked":"Slimebound:AcidGelatin","floor":13},{"not_picked":["Slimebound:OozeBath","Slimebound:Recycling"],"picked":"Slimebound:SuperSplit","floor":16},{"not_picked":["Slimebound:HungryTackle","Slimebound:SamplingLick"],"picked":"Slimebound:GoopSpray","floor":17},{"not_picked":["Slimebound:Dissolve","Slimebound:SplitAcid"],"picked":"Slimebound:PressTheAttack","floor":17},{"not_picked":["Slimebound:PoisonLick","Slimebound:ServeAndProtect"],"picked":"Slimebound:Dissolve","floor":17},{"not_picked":["Slimebound:SplitAcid","Slimebound:Lick"],"picked":"Slimebound:ItLooksTasty","floor":17},{"not_picked":["Slimebound:GoopSpray","Slimebound:Lick"],"picked":"Slimebound:Replication","floor":17},{"not_picked":["Slimebound:SamplingLick","Slimebound:Recollect"],"picked":"Slimebound:Repurpose","floor":18},{"not_picked":["Slimebound:GoopSpray","Slimebound:Dissolve+1"],"picked":"Slimebound:HungryTackle","floor":21},{"not_picked":["infinitespire:Collect","infinitespire:Fortify"],"picked":"infinitespire:Virus","floor":23},{"not_picked":["Slimebound:DuplicatedForm","Slimebound:RejuvenatingLick+1"],"picked":"Slimebound:ProtectTheBoss+1","floor":23}],"player_experience":268624,"relics_obtained":[{"floor":6,"key":"Ornamental Fan"},{"floor":7,"key":"Du-Vu Doll"},{"floor":9,"key":"Orichalcum"},{"floor":13,"key":"Potion Belt"},{"floor":23,"key":"Bronze Scales"}],"event_choices":[{"damage_healed":0,"gold_gain":0,"player_choice":"Cursed","damage_taken":0,"max_hp_gain":0,"max_hp_loss":0,"event_name":"Wheel of Change","floor":19,"gold_loss":0,"cards_obtained":["Decay"]},{"damage_healed":0,"gold_gain":99,"player_choice":"Stole From Cult","damage_taken":0,"max_hp_gain":0,"max_hp_loss":0,"event_name":"Nest","floor":22,"gold_loss":0}],"is_beta":false,"boss_relics":[{"not_picked":["hubris:HollowSoul","Eternal Feather"],"picked":"Orrery"}],"items_purged_floors":[],"is_endless":true,"potions_floor_spawned":[3,7,10,16,18,23],"killed_by":"Book of Stabbing","ascension_level":0}