{"gold_per_floor":[114,130,143,72,88,88,121,121,146,146,112,138,148,148,148,245,245,257,257,257],"floor_reached":20,"playtime":1137,"items_purged":[],"score":200,"play_id":"6a18315d-cd04-4ca7-9e53-1071ee558f21","local_time":"20190307203629","is_ascension_mode":true,"campfire_choices":[{"data":"Wild Strike","floor":6,"key":"SMITH"},{"floor":8,"key":"REST"},{"floor":15,"key":"REST"}],"neow_cost":"NONE","seed_source_timestamp":12839543761605,"circlet_count":0,"master_deck":["Strike_R","Strike_R","Strike_R+1","Strike_R","Strike_R+1","Defend_R","Defend_R","Defend_R","Defend_R","Bash","Dark Embrace","Reckless Charge","Sentinel","Burning Pact","Evolve","Wild Strike+1","Brutality","Impatience","Rupture","Feel No Pain","Barricade","Decay","Demon Form"],"relics":["Burning Blood","Regal Pillow","Whetstone","Strawberry","Busted Crown"],"potions_floor_usage":[5,12,16],"damage_taken":[{"damage":10,"enemies":"Cultist","floor":1,"turns":5},{"damage":10,"enemies":"Small Slimes","floor":2,"turns":4},{"damage":3,"enemies":"Jaw Worm","floor":3,"turns":4},{"damage":20,"enemies":"Exordium Thugs","floor":5,"turns":5},{"damage":28,"enemies":"Gremlin Nob","floor":7,"turns":5},{"damage":34,"enemies":"Lagavulin","floor":12,"turns":6},{"damage":10,"enemies":"2 Fungi Beasts","floor":13,"turns":4},{"damage":52,"enemies":"Slime Boss","floor":16,"turns":9},{"damage":68,"enemies":"Shell Parasite","floor":18,"turns":7},{"damage":17,"enemies":"3 Byrds","floor":20,"turns":2}],"seed_played":"-1392928293964901929","potions_obtained":[{"floor":1,"key":"Fire Potion"},{"floor":5,"key":"Explosive Potion"},{"floor":7,"key":"Poison Potion"},{"floor":13,"key":"FairyPotion"},{"floor":18,"key":"Energy Potion"}],"is_trial":false,"path_per_floor":["M","M","M","$","M","R","E","R","T","?","$","E","M","?","R","B",null,"M","?","M"],"character_chosen":"IRONCLAD","items_purchased":["Evolve","Feel No Pain"],"campfire_rested":2,"item_purchase_floors":[4,11],"current_hp_per_floor":[76,72,75,75,61,61,39,78,78,78,78,57,53,53,87,41,87,25,8,0],"gold":257,"neow_bonus":"ONE_RANDOM_RARE_CARD","is_prod":false,"is_daily":false,"chose_seed":false,"campfire_upgraded":1,"win_rate":0,"timestamp":1552008989,"path_taken":["M","M","?","$","M","R","E","R","T","?","$","E","?","?","R","BOSS","M","?","M"],"build_version":"2019-01-23","purchased_purges":0,"victory":false,"max_hp_per_floor":[80,80,80,80,80,80,80,80,80,80,80,87,87,87,87,87,87,87,92,92],"card_choices":[{"not_picked":["Clothesline","Clash"],"picked":"Reckless Charge","floor":1},{"not_picked":["Twin Strike","Sword Boomerang"],"picked":"Sentinel","floor":2},{"not_picked":["Dual Wield","Pummel"],"picked":"Burning Pact","floor":3},{"not_picked":["Infernal Blade","Havoc"],"picked":"Wild Strike","floor":5},{"not_picked":["Perfected Strike","Spot Weakness"],"picked":"Brutality","floor":7},{"not_picked":["Havoc","Double Tap"],"picked":"Barricade","floor":12},{"not_picked":["Clash","Warcry","Heavy Blade"],"picked":"SKIP","floor":13},{"not_picked":["Brutality","Bludgeon"],"picked":"Demon Form","floor":16},{"not_picked":["Metallicize"],"picked":"SKIP","floor":18}],"player_experience":103112,"relics_obtained":[{"floor":7,"key":"Regal Pillow"},{"floor":9,"key":"Whetstone"},{"floor":12,"key":"Strawberry"}],"event_choices":[{"damage_healed":0,"gold_gain":0,"player_choice":"2 cards matched","damage_taken":0,"max_hp_gain":0,"max_hp_loss":0,"event_name":"Match and Keep!","floor":10,"gold_loss":0,"cards_obtained":["Impatience","Rupture"]},{"damage_healed":0,"gold_gain":0,"player_choice":"Cursed","damage_taken":0,"max_hp_gain":0,"max_hp_loss":0,"event_name":"Wheel of Change","floor":14,"gold_loss":0,"cards_obtained":["Decay"]},{"damage_healed":0,"gold_gain":0,"player_choice":"Shed Blood","damage_taken":22,"max_hp_gain":5,"max_hp_loss":0,"event_name":"Forgotten Altar","floor":19,"gold_loss":0}],"is_beta":false,"boss_relics":[{"not_picked":["Philosopher\u0027s Stone","Astrolabe"],"picked":"Busted Crown"}],"items_purged_floors":[],"is_endless":false,"potions_floor_spawned":[1,5,7,13,18],"killed_by":"3 Byrds","ascension_level":2}