{"gold_per_floor":[119,119,131,143,143,143,169,169,169,180,196,196,214,247,247,247],"floor_reached":16,"playtime":1342,"items_purged":[],"score":129,"play_id":"0f30561a-ef4d-47f2-b780-db6b7e67264e","local_time":"20190319210128","is_ascension_mode":true,"campfire_choices":[{"data":"After Image","floor":6,"key":"SMITH"},{"floor":8,"key":"REST"},{"floor":15,"key":"REST"}],"neow_cost":"NONE","seed_source_timestamp":31371082738250,"circlet_count":0,"master_deck":["Defend_G","Defend_G+1","Defend_G+1","Defend_G","Defend_G","Strike_G","Strike_G","Strike_G","Strike_G","Strike_G","Survivor","Neutralize","After Image+1","Blade Dance+1","Deflect","Distraction","Prepared","Footwork","Envenom","Prepared"],"relics":["Ring of the Snake","Ginger","Thread and Needle","Bag of Preparation"],"potions_floor_usage":[14,16],"damage_taken":[{"damage":0,"enemies":"2 Louse","floor":1,"turns":2},{"damage":4,"enemies":"Cultist","floor":3,"turns":4},{"damage":0,"enemies":"Small Slimes","floor":4,"turns":4},{"damage":14,"enemies":"3 Sentries","floor":7,"turns":13},{"damage":0,"enemies":"Blue Slaver","floor":10,"turns":4},{"damage":0,"enemies":"Looter","floor":11,"turns":4},{"damage":0,"enemies":"Large Slime","floor":13,"turns":6},{"damage":25,"enemies":"Gremlin Nob","floor":14,"turns":6},{"damage":58,"enemies":"Slime Boss","floor":16,"turns":17}],"seed_played":"-3434045261462699990","potions_obtained":[{"floor":1,"key":"Energy Potion"},{"floor":7,"key":"Weak Potion"},{"floor":14,"key":"SmokeBomb"}],"is_trial":false,"path_per_floor":["M","?","M","M","?","R","E","R","T","M","M","?","M","E","R","B"],"character_chosen":"THE_SILENT","items_purchased":[],"campfire_rested":2,"item_purchase_floors":[],"current_hp_per_floor":[70,70,66,66,52,52,38,59,59,59,59,59,59,34,55,0],"gold":247,"neow_bonus":"ONE_RANDOM_RARE_CARD","is_prod":false,"is_daily":false,"chose_seed":false,"campfire_upgraded":1,"win_rate":0,"timestamp":1553043688,"path_taken":["M","?","M","?","?","R","E","R","T","M","M","?","M","E","R","BOSS"],"build_version":"2019-01-23","purchased_purges":0,"victory":false,"max_hp_per_floor":[70,70,70,70,70,70,70,70,70,70,70,70,70,70,70,70],"card_choices":[{"not_picked":["Bouncing Flask","Poisoned Stab"],"picked":"Blade Dance","floor":1},{"not_picked":["Acrobatics","Underhanded Strike"],"picked":"Deflect","floor":3},{"not_picked":["Sucker Punch","PiercingWail"],"picked":"Distraction","floor":4},{"not_picked":["Catalyst","Terror"],"picked":"Prepared","floor":7},{"not_picked":["PiercingWail","Flying Knee"],"picked":"Footwork","floor":10},{"not_picked":["Slice","Bane"],"picked":"Envenom","floor":11},{"not_picked":["Distraction","Poisoned Stab"],"picked":"Prepared","floor":13},{"not_picked":["Outmaneuver","Quick Slash","Tactician"],"picked":"SKIP","floor":14}],"player_experience":139228,"relics_obtained":[{"floor":7,"key":"Ginger"},{"floor":9,"key":"Thread and Needle"},{"floor":14,"key":"Bag of Preparation"}],"event_choices":[{"damage_healed":0,"gold_gain":0,"player_choice":"Upgraded","damage_taken":0,"max_hp_gain":0,"max_hp_loss":0,"event_name":"Upgrade Shrine","floor":2,"gold_loss":0,"cards_upgraded":["Blade Dance"]},{"damage_healed":0,"gold_gain":0,"player_choice":"Entered Light","damage_taken":14,"max_hp_gain":0,"max_hp_loss":0,"event_name":"Shining Light","floor":5,"gold_loss":0,"cards_upgraded":["Defend_G","Defend_G"]},{"damage_healed":0,"gold_gain":0,"player_choice":"Fled","damage_taken":0,"max_hp_gain":0,"max_hp_loss":0,"event_name":"Scrap Ooze","floor":12,"gold_loss":0}],"is_beta":false,"boss_relics":[],"items_purged_floors":[],"is_endless":false,"potions_floor_spawned":[1,7,14],"killed_by":"Slime Boss","ascension_level":3}