{"gold_per_floor":[114,129,144,159,174,174,189,364,439,439,439,439,341,360,360,485,485,504,523,548,169,169,188,226,245,245,264,283,208,233,252,252,377,377,396,415,365,408,408,446,484,509,509,509,528,828,278,297,297,297],"floor_reached":51,"playtime":3220,"items_purged":["Bloodletting"],"score":871,"play_id":"7190cc87-a233-4b1d-92ab-a9037a79f85f","local_time":"20190526105425","daily_mods":["Draft","Colorless Cards","Lethality"],"is_ascension_mode":false,"campfire_choices":[{"data":"Armaments","floor":6,"key":"SMITH"},{"data":"Madness","floor":10,"key":"SMITH"},{"data":"Berserk","floor":15,"key":"SMITH"},{"data":"Corruption","floor":32,"key":"SMITH"},{"floor":49,"key":"REST"}],"neow_cost":"","seed_source_timestamp":0,"circlet_count":0,"master_deck":["Uppercut+1","Warcry","Hemokinesis","Armaments+1","Pommel Strike","Feel No Pain","Dramatic Entrance","Cleave","Iron Wave+1","Discovery","Pommel Strike","Infernal Blade","Cleave","Thunderclap","Madness+1","Seeing Red","Berserk+1","Dramatic Entrance","Double Tap","Warcry","Feel No Pain","Armaments","Thunderclap","Corruption+1","Clash","Dramatic Entrance","Warcry","Dark Shackles+1","Rage","Offering","Madness","Madness","Metallicize","Feed","Madness+1","Dark Shackles+1"],"special_seed":18042,"relics":["Burning Blood","Meat on the Bone","Golden Idol","Orrery","Dream Catcher","Dead Branch","GremlinMask","Ornamental Fan","Bottled Flame","Vajra","Black Star","WingedGreaves","Ancient Tea Set","Omamori","Bag of Preparation","Whetstone","Strawberry","Pantograph","DollysMirror","Oddly Smooth Stone","PreservedInsect"],"potions_floor_usage":[16,16,16,23,23,24,24,28,33,33,38,38,45,48,48,50],"damage_taken":[{"damage":0,"enemies":"Cultist","floor":1,"turns":1},{"damage":3,"enemies":"2 Louse","floor":2,"turns":1},{"damage":0,"enemies":"Jaw Worm","floor":3,"turns":1},{"damage":6,"enemies":"Looter","floor":4,"turns":2},{"damage":0,"enemies":"Red Slaver","floor":5,"turns":1},{"damage":0,"enemies":"2 Fungi Beasts","floor":7,"turns":1},{"damage":0,"enemies":"Gremlin Gang","floor":14,"turns":1},{"damage":55,"enemies":"The Guardian","floor":16,"turns":5},{"damage":13,"enemies":"Chosen","floor":18,"turns":3},{"damage":21,"enemies":"Shell Parasite","floor":19,"turns":2},{"damage":3,"enemies":"3 Cultists","floor":23,"turns":3},{"damage":15,"enemies":"Book of Stabbing","floor":24,"turns":2},{"damage":2,"enemies":"Chosen and Byrds","floor":25,"turns":3},{"damage":25,"enemies":"Snecko","floor":27,"turns":3},{"damage":0,"enemies":"3 Cultists","floor":28,"turns":1},{"damage":2,"enemies":"Cultist and Chosen","floor":31,"turns":3},{"damage":22,"enemies":"Automaton","floor":33,"turns":4},{"damage":5,"enemies":"Orb Walker","floor":35,"turns":3},{"damage":11,"enemies":"3 Shapes","floor":36,"turns":1},{"damage":2,"enemies":"2 Orb Walkers","floor":38,"turns":2},{"damage":12,"enemies":"Giant Head","floor":40,"turns":2},{"damage":9,"enemies":"Reptomancer","floor":41,"turns":3},{"damage":12,"enemies":"Maw","floor":45,"turns":3},{"damage":45,"enemies":"Writhing Mass","floor":48,"turns":3},{"damage":81,"enemies":"Time Eater","floor":50,"turns":8}],"seed_played":"7031275536137985016","potions_obtained":[{"floor":2,"key":"Dexterity Potion"},{"floor":5,"key":"Energy Potion"},{"floor":14,"key":"FearPotion"},{"floor":19,"key":"EntropicBrew"},{"floor":23,"key":"Energy Potion"},{"floor":28,"key":"EssenceOfSteel"},{"floor":31,"key":"Dexterity Potion"},{"floor":33,"key":"Strength Potion"},{"floor":36,"key":"SkillPotion"},{"floor":38,"key":"SpeedPotion"},{"floor":40,"key":"Swift Potion"}],"is_trial":false,"path_per_floor":["M","M","M","M","M","R","M","?","T","R","?","?","$","M","R","B",null,"M","M","T","$","?","M","E","M","T","M","M","$","T","M","R","B",null,"M","M","$","?","?","E","E","T","T","?","M","?","$","M","R","B",null],"character_chosen":"IRONCLAD","items_purchased":["Dramatic Entrance","Dead Branch","Corruption","PowerPotion","DollysMirror","Oddly Smooth Stone","PreservedInsect","SteroidPotion"],"campfire_rested":1,"item_purchase_floors":[13,21,21,37,47,47,47,47],"current_hp_per_floor":[80,80,80,80,80,80,80,80,80,80,60,60,60,66,66,29,80,73,58,58,58,58,61,52,56,56,49,55,55,55,59,59,55,80,80,75,75,79,69,63,60,67,67,67,61,61,61,34,60,22],"gold":297,"neow_bonus":"","is_prod":false,"is_daily":true,"chose_seed":false,"campfire_upgraded":4,"win_rate":0,"timestamp":1558882465,"path_taken":["M","M","M","M","M","R","?","?","T","R","?","?","$","M","R","BOSS","M","M","?","$","?","?","E","M","T","M","M","$","?","M","R","BOSS","M","M","?","?","?","E","E","?","T","?","M","?","$","M","R","BOSS"],"build_version":"2019-01-23","purchased_purges":1,"victory":true,"max_hp_per_floor":[80,80,80,80,80,80,80,80,80,80,80,80,80,80,80,80,80,80,80,80,80,80,80,80,80,80,80,80,80,80,80,80,80,80,80,80,80,80,80,80,80,87,87,87,87,87,87,87,87,87],"card_choices":[{"not_picked":["Twin Strike","Perfected Strike"],"picked":"Uppercut","floor":0},{"not_picked":["Ghostly Armor","True Grit"],"picked":"Warcry","floor":0},{"not_picked":["Dual Wield","Sentinel"],"picked":"Hemokinesis","floor":0},{"not_picked":["Perfected Strike","Twin Strike"],"picked":"Armaments","floor":0},{"not_picked":["Anger","Sword Boomerang"],"picked":"Pommel Strike","floor":0},{"not_picked":["Reckless Charge","Twin Strike"],"picked":"Feel No Pain","floor":0},{"not_picked":["Iron Wave","Twin Strike"],"picked":"Dramatic Entrance","floor":0},{"not_picked":["Thunderclap","Twin Strike"],"picked":"Cleave","floor":0},{"not_picked":["Body Slam","Twin Strike"],"picked":"Iron Wave","floor":0},{"not_picked":["Second Wind","Anger"],"picked":"Discovery","floor":0},{"not_picked":["Entrench","Sword Boomerang"],"picked":"Bloodletting","floor":0},{"not_picked":["Twin Strike","Anger"],"picked":"Pommel Strike","floor":0},{"not_picked":["Thunderclap","Perfected Strike"],"picked":"Infernal Blade","floor":0},{"not_picked":["Anger","Deep Breath"],"picked":"Cleave","floor":0},{"not_picked":["Clothesline","Forethought"],"picked":"Thunderclap","floor":0},{"not_picked":["Body Slam","Disarm","Perfected Strike"],"picked":"SKIP","floor":1},{"not_picked":["Flex","Pummel"],"picked":"Madness","floor":2},{"not_picked":["Iron Wave","Body Slam"],"picked":"Seeing Red","floor":3},{"not_picked":["Sword Boomerang","Second Wind"],"picked":"Berserk","floor":4},{"not_picked":["Clothesline","Fire Breathing","Pummel"],"picked":"SKIP","floor":5},{"not_picked":["Seeing Red","Havoc","Anger"],"picked":"SKIP","floor":7},{"not_picked":["Perfected Strike","Heavy Blade","Dropkick"],"picked":"SKIP","floor":14},{"not_picked":["Immolate","Reaper"],"picked":"Double Tap","floor":16},{"not_picked":["Anger","Infernal Blade"],"picked":"Warcry","floor":17},{"not_picked":["Pommel Strike","Combust"],"picked":"Feel No Pain","floor":17},{"not_picked":["Anger","Twin Strike"],"picked":"Armaments","floor":17},{"not_picked":["Second Wind","Iron Wave"],"picked":"Thunderclap","floor":17},{"not_picked":["True Grit","Clothesline","Rampage"],"picked":"SKIP","floor":18},{"not_picked":["Sword Boomerang+1","Iron Wave","Battle Trance"],"picked":"SKIP","floor":19},{"not_picked":["Shrug It Off","Anger"],"picked":"Clash","floor":23},{"not_picked":["Reaper","Entrench+1","Disarm+1"],"picked":"SKIP","floor":24},{"not_picked":["Panacea","Perfected Strike+1"],"picked":"Dramatic Entrance","floor":25},{"not_picked":["Perfected Strike","Twin Strike"],"picked":"Warcry","floor":27},{"not_picked":["Carnage+1","Sentinel"],"picked":"Dark Shackles+1","floor":28},{"not_picked":["Headbutt","Madness"],"picked":"Rage","floor":31},{"not_picked":["Limit Break","Transmutation"],"picked":"Offering","floor":33},{"not_picked":["Armaments","Blind","Headbutt+1"],"picked":"SKIP","floor":35},{"not_picked":["Twin Strike","Blood for Blood","Iron Wave"],"picked":"SKIP","floor":36},{"not_picked":["Warcry+1","Enlightenment+1"],"picked":"Metallicize","floor":40},{"not_picked":["Twin Strike+1","Searing Blow"],"picked":"Feed","floor":41},{"not_picked":["Fire Breathing","Twin Strike","Heavy Blade"],"picked":"SKIP","floor":45},{"not_picked":["Dramatic Entrance","Whirlwind+1","Heavy Blade"],"picked":"SKIP","floor":48},{"not_picked":["Heavy Blade+1","Clash+1"],"picked":"Dark Shackles+1","floor":49}],"player_experience":252840,"relics_obtained":[{"floor":9,"key":"Meat on the Bone"},{"floor":20,"key":"Dream Catcher"},{"floor":24,"key":"Ornamental Fan"},{"floor":26,"key":"Bottled Flame"},{"floor":30,"key":"Vajra"},{"floor":38,"key":"WingedGreaves"},{"floor":40,"key":"Ancient Tea Set"},{"floor":40,"key":"Omamori"},{"floor":41,"key":"Bag of Preparation"},{"floor":41,"key":"Whetstone"},{"floor":42,"key":"Strawberry"},{"floor":43,"key":"Pantograph"}],"event_choices":[{"damage_healed":0,"gold_gain":175,"player_choice":"AGREE","damage_taken":0,"max_hp_gain":0,"max_hp_loss":0,"event_name":"Liars Game","floor":8,"gold_loss":0,"cards_obtained":["Doubt"]},{"damage_healed":0,"gold_gain":0,"player_choice":"Take Damage","damage_taken":20,"relics_obtained":["Golden Idol"],"max_hp_gain":0,"max_hp_loss":0,"event_name":"Golden Idol","floor":11,"gold_loss":0},{"cards_removed":["Doubt"],"damage_healed":0,"gold_gain":0,"player_choice":"Removed Curses","damage_taken":0,"max_hp_gain":0,"max_hp_loss":0,"event_name":"Fountain of Cleansing","floor":12,"gold_loss":0},{"damage_healed":0,"gold_gain":0,"player_choice":"Trade","damage_taken":0,"relics_obtained":["GremlinMask"],"max_hp_gain":0,"max_hp_loss":0,"event_name":"FaceTrader","floor":22,"gold_loss":0},{"damage_healed":0,"gold_gain":0,"player_choice":"Fight","damage_taken":0,"max_hp_gain":0,"max_hp_loss":0,"event_name":"Mysterious Sphere","floor":38,"gold_loss":0},{"damage_healed":0,"gold_gain":0,"player_choice":"Embrace Madness","damage_taken":10,"max_hp_gain":0,"max_hp_loss":0,"event_name":"Winding Halls","floor":39,"gold_loss":0,"cards_obtained":["Madness","Madness"]},{"damage_healed":0,"gold_gain":0,"player_choice":"Ignored","damage_taken":0,"max_hp_gain":0,"max_hp_loss":0,"event_name":"Tomb of Lord Red Mask","floor":44,"gold_loss":0},{"damage_healed":0,"gold_gain":300,"player_choice":"Gold","damage_taken":0,"max_hp_gain":0,"max_hp_loss":0,"event_name":"Wheel of Change","floor":46,"gold_loss":0}],"is_beta":false,"boss_relics":[{"not_picked":["Ectoplasm","Sozu"],"picked":"Orrery"},{"not_picked":["Snecko Eye","Runic Dome"],"picked":"Black Star"}],"items_purged_floors":[29],"is_endless":false,"potions_floor_spawned":[2,5,14,19,23,28,31,33,36,38,40],"ascension_level":0}