{"gold_per_floor":[112,112,126,139,139,178,178,198,198,198,48,48,61,75,75,205,205,218,233,65,89,14,14,47,86,109,122,122,147,147,183,183,308,308,321,173,598,598,341,341,563,563,590,621,621,636,675,114,114,114],"floor_reached":51,"playtime":4415,"items_purged":["Strike_G","Strike_G","Poisoned Stab"],"score":1118,"play_id":"9415d914-f22f-4f66-a9eb-54546a05fd8a","local_time":"20190712004337","is_ascension_mode":true,"campfire_choices":[{"data":"Catalyst","floor":7.0,"key":"SMITH"},{"floor":12.0,"key":"REST"},{"data":"Footwork","floor":15.0,"key":"SMITH"},{"data":"Malaise","floor":23.0,"key":"SMITH"},{"floor":28.0,"key":"REST"},{"floor":32.0,"key":"REST"},{"data":"Well Laid Plans","floor":40,"key":"SMITH"},{"data":"Bouncing Flask","floor":42,"key":"SMITH"},{"data":"Die Die Die","floor":45,"key":"SMITH"},{"data":"Noxious Fumes","floor":49,"key":"SMITH"}],"neow_cost":"NONE","seed_source_timestamp":0,"circlet_count":0,"master_deck":["Defend_G+1","Defend_G+1","Defend_G+1","Defend_G+1","Survivor","Neutralize+1","Deadly Poison+1","Catalyst+1","Masterful Stab","Crippling Poison","Footwork+1","PiercingWail","Dodge and Roll","Malaise+1","Adrenaline+1","Leg Sweep+1","Deflect+1","Prepared+1","Heel Hook","Backstab","Bouncing Flask+1","Deadly Poison","Well Laid Plans+1","Die Die Die+1","Backflip","Noxious Fumes+1"],"special_seed":0,"relics":["Ring of the Snake","Golden Idol","Question Card","Ancient Tea Set","Astrolabe","Bottled Flame","Red Mask","Art of War","Juzu Bracelet","Velvet Choker","Bag of Marbles","Old Coin","Paper Crane","Orichalcum","Boot","Regal Pillow","Chemical X","Bag of Preparation"],"potions_floor_usage":[50],"damage_taken":[{"damage":1.0,"enemies":"Cultist","floor":1.0,"turns":5.0},{"damage":0.0,"enemies":"Jaw Worm","floor":3.0,"turns":4.0},{"damage":2.0,"enemies":"2 Louse","floor":4.0,"turns":4.0},{"damage":17.0,"enemies":"Lagavulin","floor":6.0,"turns":5.0},{"damage":1.0,"enemies":"Blue Slaver","floor":8.0,"turns":3.0},{"damage":0.0,"enemies":"Lots of Slimes","floor":13.0,"turns":2.0},{"damage":1.0,"enemies":"Red Slaver","floor":14.0,"turns":3.0},{"damage":0.0,"enemies":"The Guardian","floor":16.0,"turns":7.0},{"damage":7.0,"enemies":"2 Thieves","floor":18.0,"turns":5.0},{"damage":0.0,"enemies":"3 Byrds","floor":19.0,"turns":7.0},{"damage":16.0,"enemies":"Cultist and Chosen","floor":21.0,"turns":10.0},{"damage":7.0,"enemies":"Slavers","floor":24.0,"turns":8.0},{"damage":2.0,"enemies":"Masked Bandits","floor":25.0,"turns":5.0},{"damage":9.0,"enemies":"Shelled Parasite and Fungi","floor":27.0,"turns":6.0},{"damage":0.0,"enemies":"Snecko","floor":29.0,"turns":3.0},{"damage":9.0,"enemies":"Book of Stabbing","floor":31.0,"turns":5.0},{"damage":35.0,"enemies":"Automaton","floor":33.0,"turns":14.0},{"damage":4.0,"enemies":"Orb Walker","floor":35.0,"turns":3.0},{"damage":2,"enemies":"Mind Bloom Boss Battle","floor":37,"turns":6},{"damage":0,"enemies":"Giant Head","floor":44,"turns":7},{"damage":0,"enemies":"3 Shapes","floor":46,"turns":4},{"damage":0,"enemies":"Reptomancer","floor":47,"turns":6},{"damage":0,"enemies":"Donu and Deca","floor":50,"turns":9}],"seed_played":"2360639682489263829","potions_obtained":[{"floor":1.0,"key":"Poison Potion"},{"floor":6.0,"key":"Ancient Potion"},{"floor":8.0,"key":"SkillPotion"},{"floor":14.0,"key":"FearPotion"},{"floor":19.0,"key":"Energy Potion"},{"floor":24.0,"key":"EssenceOfSteel"},{"floor":31.0,"key":"PowerPotion"},{"floor":38,"key":"FairyPotion"}],"is_trial":false,"path_per_floor":["?","M","M","?","?","$","M","$","?","?","?","?","?","?"],"character_chosen":"THE_SILENT","items_purchased":["Footwork","Backstab","Bag of Marbles","Paper Crane","Chemical X","Noxious Fumes","Bag of Preparation"],"campfire_rested":3,"item_purchase_floors":[11,20,36,39,48,48,48],"current_hp_per_floor":[62,62,62,60,43,26,26,25,25,13,13,34,34,33,33,33,61,54,54,54,38,38,38,31,29,29,20,41,41,41,32,53,18,57,53,53,51,51,51,51,51,51,51,51,51,51,51,51,51,51],"gold":114,"neow_bonus":"UPGRADE_CARD","is_prod":false,"is_daily":false,"chose_seed":false,"campfire_upgraded":7,"win_rate":0,"timestamp":1562881417,"path_taken":["M","?","?","?","?","E","R","M","T","?","?","R","M","M","R","BOSS","M","?","?","M","?","R","E","?","T","M","R","M","?","E","R","BOSS","M","$","?","?","$","R","?","R","T","E","R","M","E","$","R","BOSS"],"build_version":"2019-01-23","purchased_purges":3,"victory":true,"max_hp_per_floor":[70,70,70,70,70,70,70,70,70,70,70,70,70,70,70,70,70,70,70,70,70,70,70,70,70,70,70,70,70,70,70,70,70,70,70,70,70,70,70,70,70,70,70,70,70,70,70,70,70,70],"card_choices":[{"not_picked":["Flechettes","Sucker Punch"],"picked":"Deadly Poison","floor":1.0},{"not_picked":["Calculated Gamble","Skewer"],"picked":"Catalyst","floor":3.0},{"not_picked":["Backflip","Bane"],"picked":"Masterful Stab","floor":4.0},{"not_picked":["Bane","Accuracy","Choke"],"picked":"SKIP","floor":6.0},{"not_picked":["Tactician","Dodge and Roll","Acrobatics"],"picked":"Crippling Poison","floor":8.0},{"not_picked":["Escape Plan","Underhanded Strike","Slice"],"picked":"PiercingWail","floor":13.0},{"not_picked":["Poisoned Stab","PiercingWail","Dagger Spray"],"picked":"Dodge and Roll","floor":14.0},{"not_picked":["Die Die Die","Unload","Phantasmal Killer"],"picked":"Malaise","floor":16.0},{"not_picked":["Flechettes","Finisher","Flying Knee+1"],"picked":"Prepared+1","floor":18.0},{"not_picked":["Slice","Tactician","Blade Dance"],"picked":"Heel Hook","floor":19.0},{"not_picked":["Finisher","Dagger Throw","Dagger Spray+1"],"picked":"Bouncing Flask","floor":21.0},{"not_picked":["Dagger Spray","Sucker Punch+1","Leg Sweep","Crippling Poison"],"picked":"SKIP","floor":24.0},{"not_picked":["Dagger Spray","Blade Dance","Acrobatics"],"picked":"Deadly Poison","floor":25.0},{"not_picked":["Doppelganger","Accuracy","Outmaneuver"],"picked":"Poisoned Stab","floor":27.0},{"not_picked":["Distraction+1","Riddle With Holes","Slice","Quick Slash+1"],"picked":"SKIP","floor":29.0},{"not_picked":["Acrobatics","Predator","Infinite Blades"],"picked":"Well Laid Plans","floor":31.0},{"not_picked":["After Image","A Thousand Cuts","Wraith Form v2"],"picked":"Die Die Die","floor":33.0},{"not_picked":["Cloak And Dagger+1","Dodge and Roll+1","Crippling Poison","Prepared"],"picked":"SKIP","floor":35.0},{"not_picked":["Dagger Throw","Cloak And Dagger","Blade Dance+1"],"picked":"Backflip","floor":37},{"not_picked":["Escape Plan","Endless Agony+1","Riddle With Holes+1","Reflex+1"],"picked":"SKIP","floor":44},{"not_picked":["Acrobatics","Bullet Time","Tactician+1","Dagger Spray+1"],"picked":"SKIP","floor":46},{"not_picked":["Sucker Punch","Skewer+1","Predator+1","Blade Dance+1"],"picked":"SKIP","floor":47}],"player_experience":370694,"relics_obtained":[{"floor":6.0,"key":"Question Card"},{"floor":24.0,"key":"Bottled Flame"},{"floor":25.0,"key":"Red Mask"},{"floor":26.0,"key":"Art of War"},{"floor":31.0,"key":"Juzu Bracelet"},{"floor":37,"key":"Old Coin"},{"floor":43,"key":"Orichalcum"},{"floor":44,"key":"Boot"},{"floor":47,"key":"Regal Pillow"}],"event_choices":[{"damage_healed":0.0,"max_hp_gain":0.0,"max_hp_loss":0.0,"gold_gain":0.0,"event_name":"Upgrade Shrine","player_choice":"Upgraded","floor":2.0,"gold_loss":0.0,"damage_taken":0.0,"cards_upgraded":["Deadly Poison"]},{"damage_healed":0.0,"max_hp_gain":0.0,"max_hp_loss":0.0,"gold_gain":0.0,"event_name":"Golden Idol","player_choice":"Take Damage","floor":5.0,"gold_loss":0.0,"damage_taken":17.0,"relics_obtained":["Golden Idol"]},{"damage_healed":0.0,"max_hp_gain":0.0,"max_hp_loss":0.0,"gold_gain":0.0,"event_name":"Scrap Ooze","player_choice":"Success","floor":10.0,"gold_loss":0.0,"damage_taken":12.0,"relics_obtained":["Ancient Tea Set"]},{"cards_removed":["Defend_G"],"damage_healed":0.0,"max_hp_gain":0.0,"max_hp_loss":0.0,"gold_gain":0.0,"event_name":"Beggar","player_choice":"Gave Gold","floor":22.0,"gold_loss":75.0,"damage_taken":0.0},{"damage_healed":0.0,"max_hp_gain":0.0,"max_hp_loss":0.0,"gold_gain":0.0,"event_name":"Masked Bandits","player_choice":"Fought Bandits","floor":25.0,"gold_loss":0.0,"damage_taken":0.0},{"damage_healed":0.0,"max_hp_gain":0.0,"max_hp_loss":0.0,"gold_gain":0.0,"event_name":"Back to Basics","player_choice":"Simplicity","floor":30.0,"gold_loss":0.0,"damage_taken":0.0,"cards_upgraded":["Defend_G","Defend_G","Defend_G","Defend_G"]},{"damage_healed":0,"gold_gain":0,"player_choice":"Fight","damage_taken":0,"max_hp_gain":0,"max_hp_loss":0,"event_name":"MindBloom","floor":37,"gold_loss":0},{"damage_healed":0,"gold_gain":0,"player_choice":"Got Potions","damage_taken":0,"max_hp_gain":0,"max_hp_loss":0,"event_name":"Lab","floor":38,"gold_loss":0},{"damage_healed":0,"gold_gain":222,"player_choice":"Wore Mask","damage_taken":0,"max_hp_gain":0,"max_hp_loss":0,"event_name":"Tomb of Lord Red Mask","floor":41,"gold_loss":0}],"is_beta":false,"boss_relics":[{"not_picked":["Cursed Key","Ectoplasm"],"picked":"Astrolabe"},{"not_picked":["Calling Bell","Runic Dome"],"picked":"Velvet Choker"}],"items_purged_floors":[11,20,48],"is_endless":false,"potions_floor_spawned":[1,6,8,14,19,24,27,31,35,47],"ascension_level":6}