{"gold_per_floor":[114,39,157,157,172,202,202,2,52,82],"floor_reached":10,"playtime":544,"items_purged":[],"score":66,"play_id":"7d41cfc7-a3ba-46f4-b1f0-466e595ddf45","local_time":"20190520211919","daily_mods":["Chimera","Flight","Night Terrors"],"is_ascension_mode":false,"campfire_choices":[],"neow_cost":"","seed_source_timestamp":287877850959304,"circlet_count":0,"master_deck":["Bash","Survivor","Zap","Strike_R","Strike_G","Strike_B","Defend_R","Defend_G","Defend_B","Slimebound:BestDefense","Slimebound:SplitMire","Slimebound:ItLooksTasty","Slimebound:DivideAndConquer","Slimebound:GoopTackle","Slimebound:SlimeSpikes"],"special_seed":18037,"relics":["Slimebound:AbsorbEndCombat","hubris:Icosahedron","Ornamental Fan","hubris:EmptyBottle","Orichalcum","Du-Vu Doll"],"potions_floor_usage":[6,10,10],"damage_taken":[{"damage":3,"enemies":"Cultist","floor":1,"turns":3},{"damage":13,"enemies":"2 Louse","floor":3,"turns":3},{"damage":17,"enemies":"Jaw Worm","floor":5,"turns":3},{"damage":42,"enemies":"Lagavulin","floor":6,"turns":4},{"damage":36,"enemies":"Lagavulin Event","floor":10,"turns":4}],"seed_played":"-7280386136630335372","potions_obtained":[{"floor":3,"key":"GamblersBrew"},{"floor":6,"key":"Block Potion"}],"is_trial":false,"path_per_floor":["M","$","M","?","M","E","?","$","T","?"],"character_chosen":"SLIMEBOUND","items_purchased":["Slimebound:SplitMire","Slimebound:ItLooksTasty","hubris:EmptyBottle"],"campfire_rested":0,"item_purchase_floors":[2,2,8],"current_hp_per_floor":[70,70,60,60,58,34,34,34,34,0],"gold":82,"neow_bonus":"","is_prod":false,"is_daily":true,"chose_seed":false,"campfire_upgraded":0,"win_rate":0,"timestamp":1558401559,"path_taken":["M","?","?","?","?","E","?","?","T","?"],"build_version":"2019-01-23","purchased_purges":0,"victory":false,"max_hp_per_floor":[70,70,70,70,70,70,70,70,70,70],"card_choices":[{"not_picked":["Slimebound:SoulSicken","Slimebound:SlimeTap"],"picked":"Slimebound:BestDefense","floor":1},{"not_picked":["Slimebound:Recollect","Slimebound:FirmFortitude"],"picked":"Slimebound:DivideAndConquer","floor":3},{"not_picked":["Slimebound:SplitAcid","Slimebound:FlameTackle"],"picked":"Slimebound:GoopTackle","floor":5},{"not_picked":["Slimebound:FlameTackle","Slimebound:SplitBruiser"],"picked":"Slimebound:SlimeSpikes","floor":6}],"player_experience":268080,"relics_obtained":[{"floor":6,"key":"Ornamental Fan"},{"floor":9,"key":"Orichalcum"}],"event_choices":[{"damage_healed":0,"gold_gain":30,"player_choice":"Searched \u00273\u0027 times","damage_taken":0,"relics_obtained":["Du-Vu Doll"],"max_hp_gain":0,"max_hp_loss":0,"event_name":"Dead Adventurer","floor":10,"gold_loss":0}],"is_beta":false,"boss_relics":[],"items_purged_floors":[],"is_endless":false,"potions_floor_spawned":[3,6],"killed_by":"Lagavulin Event","ascension_level":0}