{"gold_per_floor":[114,129,144,159,159,197,197,197,197,200,200],"floor_reached":11,"playtime":709,"items_purged":[],"score":73,"play_id":"bc67098e-5d8c-489f-9523-1c3c7fc2ebed","local_time":"20190530104644","daily_mods":["Heirloom","Diverse","Lethality"],"is_ascension_mode":false,"campfire_choices":[{"data":"White Noise","floor":7,"key":"SMITH"},{"floor":8,"key":"REST"}],"neow_cost":"","seed_source_timestamp":0,"circlet_count":0,"master_deck":["Strike_R","Strike_R","Strike_R","Strike_R","Strike_R","Defend_R","Defend_R","Defend_R","Defend_R","Bash","Dagger Throw","Well Laid Plans","White Noise+1","Warcry","Prepared"],"special_seed":18046,"relics":["Burning Blood","Charon\u0027s Ashes","Golden Idol","WingedGreaves","Smiling Mask","Odd Mushroom"],"potions_floor_usage":[3,11],"damage_taken":[{"damage":18,"enemies":"Small Slimes","floor":1,"turns":2},{"damage":0,"enemies":"Jaw Worm","floor":2,"turns":3},{"damage":0,"enemies":"2 Louse","floor":3,"turns":1},{"damage":7,"enemies":"Red Slaver","floor":4,"turns":4},{"damage":38,"enemies":"3 Sentries","floor":6,"turns":5},{"damage":31,"enemies":"The Mushroom Lair","floor":10,"turns":3},{"damage":26,"enemies":"Gremlin Nob","floor":11,"turns":3}],"seed_played":"7249540024689942860","potions_obtained":[{"floor":1,"key":"Strength Potion"},{"floor":10,"key":"EssenceOfSteel"}],"is_trial":false,"path_per_floor":["M","M","M","M","?","E","R","R","T","?","E"],"character_chosen":"IRONCLAD","items_purchased":[],"campfire_rested":1,"item_purchase_floors":[],"current_hp_per_floor":[68,74,80,79,59,27,27,51,51,26,0],"gold":200,"neow_bonus":"","is_prod":false,"is_daily":true,"chose_seed":false,"campfire_upgraded":1,"win_rate":0,"timestamp":1559227604,"path_taken":["M","M","M","M","?","E","R","R","T","?","E"],"build_version":"2019-01-23","purchased_purges":0,"victory":false,"max_hp_per_floor":[80,80,80,80,80,80,80,80,80,80,80],"card_choices":[{"not_picked":["Tactician","Anger"],"picked":"Dagger Throw","floor":1},{"not_picked":["Slice","Barrage"],"picked":"Well Laid Plans","floor":2},{"not_picked":["Deadly Poison","Caltrops","Force Field"],"picked":"SKIP","floor":3},{"not_picked":["Gash","Wild Strike"],"picked":"White Noise","floor":4},{"not_picked":["Dagger Spray","Streamline"],"picked":"Warcry","floor":6},{"not_picked":["Dropkick","Chaos"],"picked":"Prepared","floor":10}],"player_experience":288292,"relics_obtained":[{"floor":6,"key":"WingedGreaves"},{"floor":9,"key":"Smiling Mask"},{"floor":10,"key":"Odd Mushroom"}],"event_choices":[{"damage_healed":0,"gold_gain":0,"player_choice":"Take Damage","damage_taken":20,"relics_obtained":["Golden Idol"],"max_hp_gain":0,"max_hp_loss":0,"event_name":"Golden Idol","floor":5,"gold_loss":0},{"damage_healed":0,"gold_gain":0,"player_choice":"Fought Mushrooms","damage_taken":0,"max_hp_gain":0,"max_hp_loss":0,"event_name":"Mushrooms","floor":10,"gold_loss":0}],"is_beta":false,"boss_relics":[],"items_purged_floors":[],"is_endless":false,"potions_floor_spawned":[1,10],"killed_by":"Gremlin Nob","ascension_level":0}