{"gold_per_floor":[248,263],"floor_reached":2,"playtime":232,"items_purged":[],"score":64,"play_id":"917c0dc6-113d-4884-b118-0c32c0217a87","local_time":"20190522221504","daily_mods":["Draft","Hoarder","Terminal"],"is_ascension_mode":false,"campfire_choices":[],"neow_cost":"","seed_source_timestamp":0,"circlet_count":0,"master_deck":["Robbery","Robbery","Robbery","ManaConvection","ManaConvection","ManaConvection","DragonMeteor","DragonMeteor","DragonMeteor","WitchOfGreed","WitchOfGreed","WitchOfGreed","PulseMagic","PulseMagic","PulseMagic","GravityBeat","GravityBeat","GravityBeat","EnergyRecoil","EnergyRecoil","EnergyRecoil","StarlightTyphoon","StarlightTyphoon","StarlightTyphoon","EventHorizon","EventHorizon","EventHorizon","FairyDestructionRay","FairyDestructionRay","FairyDestructionRay","ShootingEcho","ShootingEcho","ShootingEcho","DoubleSpark","DoubleSpark","DoubleSpark","StarBarrage","StarBarrage","StarBarrage","Orbital","Orbital","Orbital","OrrerysSun","OrrerysSun","OrrerysSun","MysteriousBeam","MysteriousBeam","MysteriousBeam","MillisecondPulsars","MillisecondPulsars","MillisecondPulsars"],"special_seed":18039,"relics":["MiniHakkero"],"potions_floor_usage":[],"damage_taken":[{"damage":16,"enemies":"Jaw Worm","floor":1,"turns":4},{"damage":0,"enemies":"Cultist","floor":2,"turns":2}],"seed_played":"-1599869473394492483","potions_obtained":[{"floor":1,"key":"LiquidBronze"},{"floor":1,"key":"Swift Potion"}],"is_trial":false,"path_per_floor":["M","M"],"character_chosen":"MARISA","items_purchased":[],"campfire_rested":0,"item_purchase_floors":[],"current_hp_per_floor":[58,58],"gold":263,"neow_bonus":"","is_prod":false,"is_daily":true,"chose_seed":false,"campfire_upgraded":0,"win_rate":0.0,"timestamp":1558577704,"path_taken":["M","M"],"build_version":"2019-01-23","purchased_purges":0,"victory":false,"max_hp_per_floor":[73,73],"card_choices":[{"not_picked":["DarkSpark","DC"],"picked":"Robbery","floor":0},{"not_picked":["DC","UnstableBomb"],"picked":"ManaConvection","floor":0},{"not_picked":["WitchOfGreed","DoubleSpark"],"picked":"DragonMeteor","floor":0},{"not_picked":["ShootingEcho","AsteroidBelt"],"picked":"WitchOfGreed","floor":0},{"not_picked":["SporeBomb","MilkyWay"],"picked":"PulseMagic","floor":0},{"not_picked":["PulseMagic","SporeBomb"],"picked":"GravityBeat","floor":0},{"not_picked":["DoubleSpark","MagicChant"],"picked":"EnergyRecoil","floor":0},{"not_picked":["SprinkleStarSeal","SporeBomb"],"picked":"StarlightTyphoon","floor":0},{"not_picked":["GravityBeat","OpenUniverse"],"picked":"EventHorizon","floor":0},{"not_picked":["EnergyRecoil","BlazeAway"],"picked":"FairyDestructionRay","floor":0},{"not_picked":["DC","WitchLeyline"],"picked":"ShootingEcho","floor":0},{"not_picked":["ManaConvection","ShootingEcho"],"picked":"DoubleSpark","floor":0},{"not_picked":["DoubleSpark","DC"],"picked":"StarBarrage","floor":0},{"not_picked":["SporeBomb","DoubleSpark"],"picked":"Orbital","floor":0},{"not_picked":["MachineGunSpark","UnstableBomb"],"picked":"OrrerysSun","floor":0},{"not_picked":["SprinkleStarSeal","LuminesStrike"],"picked":"MysteriousBeam","floor":1},{"not_picked":["6A","ChargingUp"],"picked":"MillisecondPulsars","floor":2}],"player_experience":258987,"relics_obtained":[],"event_choices":[],"is_beta":false,"boss_relics":[],"items_purged_floors":[],"is_endless":false,"potions_floor_spawned":[1],"killed_by":"Cultist","ascension_level":0}