{"gold_per_floor":[114,289,303,303,321,321,336,372,372,388,388,411,411,411,411,535,535,558,579,16,16,32,32,132,132,132,151,171,195,209,209,209,337,337,352,477,477,72,85,85,125,0,0,43,43,0,0,19,19,19],"floor_reached":51,"playtime":3090,"items_purged":["Doubt","Entrench","Heavy Blade"],"score":800,"play_id":"2293543d-e9cd-4dce-a154-6666c11728fa","local_time":"20190714032123","is_ascension_mode":true,"campfire_choices":[{"floor":6,"key":"RECALL"},{"floor":11,"key":"REST"},{"floor":13,"key":"REST"},{"data":"Limit Break","floor":15,"key":"SMITH"},{"floor":23,"key":"REST"},{"floor":25,"key":"REST"},{"floor":32,"key":"REST"},{"floor":40,"key":"REST"},{"floor":47,"key":"REST"},{"floor":49,"key":"REST"}],"neow_cost":"NONE","seed_source_timestamp":54626333417561,"circlet_count":0,"master_deck":["Strike_R","Strike_R","Strike_R","Strike_R","Defend_R","Defend_R","Defend_R","Bash","Trip","Twin Strike","Cleave","Limit Break+1","Clash","Ghostly Armor","Finesse+1","Reaper","Sever Soul+1","Shrug It Off+1","Rage+1","Intimidate+1","Warcry+1","Iron Wave+1","Iron Wave","Inflame","Limit Break+1","Battle Trance+1","Master of Strategy+1","Entrench+1","Inflame+1","True Grit+1","Armaments+1","Heavy Blade+1","Clothesline+1"],"relics":["Burning Blood","Golden Idol","Centennial Puzzle","Philosopher\u0027s Stone","War Paint","Toxic Egg 2","Sundial","Frozen Egg 2","Fusion Hammer","Magic Flower","Anchor","Pocketwatch","Pantograph","Pen Nib","Red Mask"],"potions_floor_usage":[7,8,8,16,22,30,36,44,50,50],"damage_taken":[{"damage":7,"enemies":"Jaw Worm","floor":1,"turns":3},{"damage":7,"enemies":"2 Louse","floor":3,"turns":2},{"damage":0,"enemies":"Small Slimes","floor":5,"turns":3},{"damage":23,"enemies":"Gremlin Gang","floor":7,"turns":6},{"damage":30,"enemies":"Gremlin Nob","floor":8,"turns":5},{"damage":1,"enemies":"2 Fungi Beasts","floor":10,"turns":3},{"damage":12,"enemies":"Looter","floor":12,"turns":3},{"damage":71,"enemies":"The Guardian","floor":16,"turns":16},{"damage":52,"enemies":"Shell Parasite","floor":18,"turns":6},{"damage":31,"enemies":"Chosen","floor":19,"turns":7},{"damage":5,"enemies":"Snake Plant","floor":22,"turns":4},{"damage":44,"enemies":"Cultist and Chosen","floor":27,"turns":7},{"damage":18,"enemies":"Shelled Parasite and Fungi","floor":28,"turns":5},{"damage":28,"enemies":"Chosen and Byrds","floor":29,"turns":7},{"damage":4,"enemies":"Snecko","floor":30,"turns":5},{"damage":63,"enemies":"Collector","floor":33,"turns":9},{"damage":16,"enemies":"3 Shapes","floor":35,"turns":4},{"damage":11,"enemies":"Mind Bloom Boss Battle","floor":36,"turns":7},{"damage":20,"enemies":"3 Darklings","floor":39,"turns":4},{"damage":11,"enemies":"Nemesis","floor":41,"turns":5},{"damage":13,"enemies":"Reptomancer","floor":44,"turns":5},{"damage":8,"enemies":"4 Shapes","floor":48,"turns":6},{"damage":72,"enemies":"Donu and Deca","floor":50,"turns":9}],"seed_played":"4909424949581035712","potions_obtained":[{"floor":1,"key":"SteroidPotion"},{"floor":5,"key":"SpeedPotion"},{"floor":7,"key":"Fruit Juice"},{"floor":12,"key":"SpeedPotion"},{"floor":28,"key":"SneckoOil"},{"floor":29,"key":"SpeedPotion"},{"floor":30,"key":"SpeedPotion"},{"floor":33,"key":"SpeedPotion"},{"floor":36,"key":"Swift Potion"},{"floor":39,"key":"Ancient Potion"}],"is_trial":false,"path_per_floor":["M","?","M","?","M","R","M","E","T","M","R","M","R","?","R","B",null,"M","M","$","?","M","R","?","R","T","M","M","M","M","?","R","B",null,"M","?","?","$","M","R","E","$","T","E","$","?","R","M","R","B",null],"character_chosen":"IRONCLAD","items_purchased":["Shrug It Off","War Paint","Toxic Egg 2","PowerPotion","Entrench+1","Inflame+1","Anchor","True Grit+1"],"campfire_rested":8,"item_purchase_floors":[20,20,20,20,38,38,38,38],"current_hp_per_floor":[79,79,78,58,64,64,47,28,28,33,58,52,77,77,77,12,85,45,26,26,26,36,61,61,85,85,47,39,29,31,31,56,13,85,75,85,85,85,74,85,85,85,85,85,85,85,85,85,85,22],"gold":19,"neow_bonus":"RANDOM_COLORLESS","is_prod":false,"is_daily":false,"chose_seed":false,"campfire_upgraded":1,"win_rate":0,"timestamp":1563067283,"path_taken":["M","?","M","?","M","R","?","E","T","M","R","M","R","?","R","BOSS","M","?","$","?","M","R","?","R","T","M","?","M","M","?","R","BOSS","M","?","?","?","M","R","E","$","T","E","$","?","R","?","R","BOSS"],"build_version":"2019-07-05","purchased_purges":3,"victory":true,"max_hp_per_floor":[80,80,80,80,80,80,80,85,85,85,85,85,85,85,85,85,85,85,85,85,85,85,85,85,85,85,85,85,85,85,85,85,85,85,85,85,85,85,85,85,85,85,85,85,85,85,85,85,85,85],"card_choices":[{"not_picked":["Wild Strike","Havoc","Armaments"],"picked":"SKIP","floor":1},{"not_picked":["Wild Strike","Clash","Combust"],"picked":"SKIP","floor":3},{"not_picked":["Rage","Armaments"],"picked":"Twin Strike","floor":5},{"not_picked":["Rage","True Grit"],"picked":"Cleave","floor":7},{"not_picked":["Cleave","Sentinel"],"picked":"Limit Break","floor":8},{"not_picked":["Cleave","Disarm"],"picked":"Clash","floor":10},{"not_picked":["Wild Strike","Clothesline"],"picked":"Ghostly Armor","floor":12},{"not_picked":["Fiend Fire","Limit Break"],"picked":"Reaper","floor":16},{"not_picked":["Heavy Blade","Fire Breathing"],"picked":"Sever Soul+1","floor":18},{"not_picked":["Sever Soul+1","Twin Strike"],"picked":"Entrench","floor":19},{"not_picked":["Perfected Strike","Sword Boomerang"],"picked":"Warcry+1","floor":22},{"not_picked":["Armaments+1","Rage+1"],"picked":"Iron Wave+1","floor":27},{"not_picked":["Headbutt","Combust"],"picked":"Iron Wave","floor":28},{"not_picked":["Ghostly Armor+1","Pommel Strike+1"],"picked":"Inflame","floor":29},{"not_picked":["Corruption","Blood for Blood"],"picked":"Heavy Blade","floor":30},{"not_picked":["Brutality+1","Impervious+1"],"picked":"Limit Break+1","floor":33},{"not_picked":["Intimidate+1","Shockwave+1","Twin Strike+1"],"picked":"SKIP","floor":35},{"not_picked":["Wild Strike+1","Headbutt"],"picked":"Battle Trance+1","floor":36},{"not_picked":["Good Instincts+1","Panacea+1"],"picked":"Master of Strategy+1","floor":37},{"not_picked":["Reckless Charge","Wild Strike+1"],"picked":"Armaments+1","floor":39},{"not_picked":["Clothesline","Impervious+1"],"picked":"Heavy Blade+1","floor":41},{"not_picked":["Flame Barrier+1","Blood for Blood","Combust+1"],"picked":"SKIP","floor":44},{"not_picked":["Whirlwind+1","Thunderclap"],"picked":"Clothesline+1","floor":48}],"player_experience":76548,"relics_obtained":[{"floor":8,"key":"Centennial Puzzle"},{"floor":26,"key":"Sundial"},{"floor":36,"key":"Magic Flower"},{"floor":41,"key":"Pocketwatch"},{"floor":43,"key":"Pantograph"},{"floor":44,"key":"Pen Nib"}],"event_choices":[{"damage_healed":0,"gold_gain":175,"player_choice":"AGREE","damage_taken":0,"max_hp_gain":0,"max_hp_loss":0,"event_name":"Liars Game","floor":2,"gold_loss":0,"cards_obtained":["Doubt"]},{"damage_healed":0,"gold_gain":0,"player_choice":"Take Damage","damage_taken":20,"relics_obtained":["Golden Idol"],"max_hp_gain":0,"max_hp_loss":0,"event_name":"Golden Idol","floor":4,"gold_loss":0},{"damage_healed":0,"gold_gain":0,"player_choice":"1 cards matched","damage_taken":0,"max_hp_gain":0,"max_hp_loss":0,"event_name":"Match and Keep!","floor":14,"gold_loss":0,"cards_obtained":["Finesse"]},{"damage_healed":0,"gold_gain":0,"cards_transformed":["Strike_R","Defend_R"],"player_choice":"Became Test Subject","damage_taken":0,"max_hp_gain":0,"max_hp_loss":0,"event_name":"Drug Dealer","floor":21,"gold_loss":0,"cards_obtained":["Rage","Intimidate"]},{"damage_healed":0,"gold_gain":100,"player_choice":"Pray","damage_taken":0,"max_hp_gain":0,"max_hp_loss":0,"event_name":"Golden Shrine","floor":24,"gold_loss":0},{"damage_healed":0,"gold_gain":0,"player_choice":"Gave Potion","damage_taken":0,"relics_obtained":["Frozen Egg 2"],"max_hp_gain":0,"max_hp_loss":0,"event_name":"WeMeetAgain","floor":31,"gold_loss":0},{"damage_healed":0,"gold_gain":0,"player_choice":"Fight","damage_taken":0,"max_hp_gain":0,"max_hp_loss":0,"event_name":"MindBloom","floor":36,"gold_loss":0},{"damage_healed":0,"gold_gain":0,"player_choice":"Memory 1","damage_taken":0,"max_hp_gain":0,"max_hp_loss":0,"event_name":"SensoryStone","floor":37,"gold_loss":0},{"damage_healed":0,"gold_gain":0,"player_choice":"Paid","damage_taken":0,"relics_obtained":["Red Mask"],"max_hp_gain":0,"max_hp_loss":0,"event_name":"Tomb of Lord Red Mask","floor":46,"gold_loss":43}],"is_beta":false,"boss_relics":[{"not_picked":["Eternal Feather","Calling Bell"],"picked":"Philosopher\u0027s Stone"},{"not_picked":["Coffee Dripper","Tiny House"],"picked":"Fusion Hammer"}],"items_purged_floors":[20,38,42],"is_endless":false,"potions_floor_spawned":[1,5,7,12,28,29,30,33,36,39],"ascension_level":2}