{"gold_per_floor":[367,117,117,134,154,185,201,201,201,215,228,246,246,260,260,260],"floor_reached":16,"playtime":657,"items_purged":["Strike_B"],"score":170,"play_id":"aa479524-a371-4c60-81a8-4e4d2d2495f9","local_time":"20190708213633","is_ascension_mode":true,"campfire_choices":[{"floor":8.0,"key":"REST"},{"floor":15,"key":"REST"}],"neow_cost":"CURSE","seed_source_timestamp":857222116355363,"circlet_count":0,"master_deck":["AscendersBane","Strike_B","Strike_B","Strike_B","Defend_B","Defend_B","Defend_B","Defend_B","Zap+1","Dualcast","Doubt","Panache","Gash","Gash","Biased Cognition","Redo","Conserve Battery","Capacitor","Defragment","Consume"],"special_seed":0,"relics":["Cracked Core","Symbiotic Virus","The Courier","Ginger"],"potions_floor_usage":[16,16],"damage_taken":[{"damage":9.0,"enemies":"Small Slimes","floor":1.0,"turns":4.0},{"damage":5.0,"enemies":"Cultist","floor":4.0,"turns":4.0},{"damage":10.0,"enemies":"2 Louse","floor":5.0,"turns":3.0},{"damage":35.0,"enemies":"3 Sentries","floor":6.0,"turns":9.0},{"damage":4.0,"enemies":"Large Slime","floor":7.0,"turns":4.0},{"damage":6.0,"enemies":"Blue Slaver","floor":10.0,"turns":3.0},{"damage":12.0,"enemies":"Exordium Thugs","floor":11.0,"turns":5.0},{"damage":1.0,"enemies":"2 Fungi Beasts","floor":12.0,"turns":3.0},{"damage":0,"enemies":"3 Louse","floor":14,"turns":2},{"damage":31,"enemies":"The Guardian","floor":16,"turns":2}],"seed_played":"-1315367847317505597","potions_obtained":[{"floor":5.0,"key":"SteroidPotion"},{"floor":11.0,"key":"FearPotion"},{"floor":14,"key":"FocusPotion"}],"is_trial":false,"path_per_floor":["?","M","M","T"],"character_chosen":"DEFECT","items_purchased":["Panache"],"campfire_rested":2,"item_purchase_floors":[2],"current_hp_per_floor":[59,59,59,54,44,9,5,27,27,21,9,8,8,8,30,0],"gold":260,"neow_bonus":"TWO_FIFTY_GOLD","is_prod":false,"is_daily":false,"chose_seed":false,"campfire_upgraded":0,"win_rate":0,"timestamp":1562610993,"path_taken":["M","$","?","M","?","E","?","R","T","M","M","M","?","M","R","BOSS"],"build_version":"2019-01-23","purchased_purges":1,"victory":false,"max_hp_per_floor":[75,75,75,75,75,75,75,75,75,75,75,75,75,75,75,75],"card_choices":[{"not_picked":["Go for the Eyes","Redo","Reprogram"],"picked":"SKIP","floor":1.0},{"not_picked":["Streamline","Compile Driver"],"picked":"Gash","floor":4.0},{"not_picked":["Redo","Sweeping Beam"],"picked":"Gash","floor":5.0},{"not_picked":["Go for the Eyes","Ball Lightning"],"picked":"Biased Cognition","floor":6.0},{"not_picked":["Auto Shields","Ball Lightning"],"picked":"Redo","floor":7.0},{"not_picked":["Rebound","Blizzard"],"picked":"Conserve Battery","floor":10.0},{"not_picked":["Rip and Tear","Go for the Eyes"],"picked":"Capacitor","floor":11.0},{"not_picked":["Reinforced Body","Melter"],"picked":"Defragment","floor":12.0},{"not_picked":["Gash","Go for the Eyes"],"picked":"Consume","floor":14}],"player_experience":331707,"relics_obtained":[{"floor":6.0,"key":"Symbiotic Virus"},{"floor":9.0,"key":"The Courier"},{"floor":13.0,"key":"Ginger"}],"event_choices":[{"damage_healed":0.0,"max_hp_gain":0.0,"max_hp_loss":0.0,"gold_gain":0.0,"event_name":"Accursed Blacksmith","player_choice":"Forge","floor":3.0,"gold_loss":0.0,"damage_taken":0.0,"cards_upgraded":["Zap"]}],"is_beta":false,"boss_relics":[],"items_purged_floors":[2],"is_endless":false,"potions_floor_spawned":[5,11,14],"killed_by":"The Guardian","ascension_level":12}