{"gold_per_floor":[112,112,131,131,56,56,71,100,100,115,115,129,155,174,174,279,279,290,300,300,319,329,329,2,34,59,59,59,85,97,97,97,193,193,206,206,254,110,123,149,164,198,210,250,3,34,44,54,54,54],"floor_reached":50,"playtime":3584,"items_purged":["Strike_B","Strike_B"],"score":947,"play_id":"d3ec29f8-620b-4e1d-bba0-19ca192aa311","local_time":"20190709232900","is_ascension_mode":true,"campfire_choices":[{"data":"Zap","floor":6.0,"key":"SMITH"},{"data":"Doom and Gloom","floor":11.0,"key":"SMITH"},{"data":"Self Repair","floor":15.0,"key":"SMITH"},{"data":"Fission","floor":23.0,"key":"SMITH"},{"data":"Loop","floor":27.0,"key":"SMITH"},{"data":"Reinforced Body","floor":32.0,"key":"SMITH"},{"data":"Deep Breath","floor":49,"key":"SMITH"}],"neow_cost":"TEN_PERCENT_HP_LOSS","seed_source_timestamp":0,"circlet_count":0,"master_deck":["AscendersBane","Defend_B+1","Defend_B+1","Zap+1","Dualcast","Doom and Gloom+1","Sweeping Beam","Self Repair+1","Cold Snap","Fission+1","Loop+1","Rip and Tear","Multi-Cast+1","Reinforced Body+1","Streamline+1","Leap","Echo Form","White Noise","Master of Strategy","Deep Breath+1","Consume+1","Hologram+1"],"special_seed":0,"relics":["Cracked Core","Torii","Bottled Flame","Thread and Needle","Bronze Scales","Busted Crown","Anchor","Ornamental Fan","Potion Belt","Red Mask","Runic Dome","Gambling Chip","PreservedInsect","Molten Egg 2","MawBank","Symbiotic Virus","Mercury Hourglass","Cables","Oddly Smooth Stone"],"potions_floor_usage":[50,50],"damage_taken":[{"damage":0.0,"enemies":"2 Louse","floor":1.0,"turns":3.0},{"damage":0.0,"enemies":"Small Slimes","floor":3.0,"turns":3.0},{"damage":1.0,"enemies":"Jaw Worm","floor":7.0,"turns":3.0},{"damage":18.0,"enemies":"Gremlin Nob","floor":8.0,"turns":4.0},{"damage":1.0,"enemies":"Looter","floor":10.0,"turns":3.0},{"damage":0.0,"enemies":"Gremlin Gang","floor":12.0,"turns":1.0},{"damage":12.0,"enemies":"Lagavulin","floor":13.0,"turns":5.0},{"damage":6.0,"enemies":"Exordium Wildlife","floor":14.0,"turns":4.0},{"damage":19.0,"enemies":"Slime Boss","floor":16.0,"turns":6.0},{"damage":1.0,"enemies":"Chosen","floor":18.0,"turns":4.0},{"damage":12.0,"enemies":"2 Thieves","floor":19.0,"turns":3.0},{"damage":8.0,"enemies":"Centurion and Healer","floor":21.0,"turns":6.0},{"damage":9.0,"enemies":"Shelled Parasite and Fungi","floor":22.0,"turns":5.0},{"damage":10.0,"enemies":"Book of Stabbing","floor":25.0,"turns":5.0},{"damage":0.0,"enemies":"Masked Bandits","floor":29.0,"turns":2.0},{"damage":17.0,"enemies":"Snake Plant","floor":30.0,"turns":3.0},{"damage":2.0,"enemies":"Champ","floor":33.0,"turns":10.0},{"damage":0.0,"enemies":"Orb Walker","floor":35.0,"turns":3.0},{"damage":20.0,"enemies":"2 Orb Walkers","floor":37.0,"turns":3.0},{"damage":0.0,"enemies":"3 Shapes","floor":39.0,"turns":5.0},{"damage":1.0,"enemies":"Nemesis","floor":40.0,"turns":3.0},{"damage":10.0,"enemies":"3 Darklings","floor":41.0,"turns":3.0},{"damage":15.0,"enemies":"Giant Head","floor":42.0,"turns":7.0},{"damage":2.0,"enemies":"Reptomancer","floor":44.0,"turns":5.0},{"damage":27.0,"enemies":"Nemesis","floor":46.0,"turns":3.0},{"damage":35.0,"enemies":"Writhing Mass","floor":47.0,"turns":3.0},{"damage":0,"enemies":"Maw","floor":48,"turns":6},{"damage":58,"enemies":"Donu and Deca","floor":50,"turns":4}],"seed_played":"-4587240334470241601","potions_obtained":[{"floor":1.0,"key":"Swift Potion"},{"floor":7.0,"key":"Explosive Potion"},{"floor":13.0,"key":"Fire Potion"},{"floor":14.0,"key":"Fire Potion"},{"floor":19.0,"key":"SpeedPotion"},{"floor":21.0,"key":"Dexterity Potion"},{"floor":37.0,"key":"Regen Potion"},{"floor":41.0,"key":"FearPotion"},{"floor":44.0,"key":"SpeedPotion"},{"floor":46.0,"key":"SpeedPotion"},{"floor":48,"key":"Strength Potion"}],"is_trial":false,"path_per_floor":["?","?","$","?","M","?","?","?","?","?","$","M","M"],"character_chosen":"DEFECT","items_purchased":["Anchor","Loop","PreservedInsect","Cables"],"campfire_rested":0,"item_purchase_floors":[24,24,38,45],"current_hp_per_floor":[68,54,54,47,47,47,46,28,28,34,34,34,29,30,30,21,56,65,63,63,65,66,66,66,66,66,66,66,68,61,61,61,68,68,68,63,53,53,63,68,68,63,63,68,68,51,16,36,36,0],"gold":54,"neow_bonus":"ONE_RARE_RELIC","is_prod":false,"is_daily":false,"chose_seed":false,"campfire_upgraded":7,"win_rate":0,"timestamp":1562704140,"path_taken":["M","?","M","?","?","R","M","E","T","M","R","M","E","M","R","BOSS","M","M","?","?","M","R","$","E","T","R","?","?","M","?","R","BOSS","M","?","?","?","?","E","M","E","T","E","$","E","M","?","R","BOSS"],"build_version":"2019-01-23","purchased_purges":2,"victory":false,"max_hp_per_floor":[68,68,68,68,68,68,68,68,68,68,68,68,68,68,68,68,68,68,68,68,68,68,68,68,68,68,68,68,68,68,68,68,68,68,68,68,68,68,68,68,68,68,68,68,68,68,68,68,68,68],"card_choices":[{"not_picked":["Loop","Hologram","Redo"],"picked":"SKIP","floor":1.0},{"not_picked":["Blizzard","Sweeping Beam"],"picked":"Doom and Gloom","floor":3.0},{"not_picked":["Reprogram","Steam Power"],"picked":"Sweeping Beam","floor":7.0},{"not_picked":["Conserve Battery","Capacitor"],"picked":"Self Repair","floor":8.0},{"not_picked":["Doom and Gloom","Blizzard","Heatsinks"],"picked":"SKIP","floor":10.0},{"not_picked":["Gash","Storm","Streamline"],"picked":"SKIP","floor":12.0},{"not_picked":["Tempest","Rip and Tear","Auto Shields"],"picked":"SKIP","floor":13.0},{"not_picked":["Go for the Eyes","Thunder Strike"],"picked":"Cold Snap","floor":14.0},{"not_picked":["All For One","Rainbow"],"picked":"Fission","floor":16.0},{"not_picked":["Steam"],"picked":"SKIP","floor":18.0},{"not_picked":["Cold Snap"],"picked":"SKIP","floor":19.0},{"not_picked":["Fusion"],"picked":"SKIP","floor":21.0},{"not_picked":["Cold Snap"],"picked":"SKIP","floor":22.0},{"not_picked":[],"picked":"Rip and Tear","floor":25.0},{"not_picked":[],"picked":"Streamline+1","floor":29.0},{"not_picked":[],"picked":"Leap","floor":30.0},{"not_picked":[],"picked":"Echo Form","floor":33.0},{"not_picked":[],"picked":"White Noise","floor":35.0},{"not_picked":[],"picked":"Master of Strategy","floor":36.0},{"not_picked":[],"picked":"Deep Breath","floor":36.0},{"not_picked":["Static Discharge"],"picked":"SKIP","floor":39.0},{"not_picked":["Static Discharge"],"picked":"SKIP","floor":39.0},{"not_picked":["Static Discharge"],"picked":"SKIP","floor":39.0},{"not_picked":["Compile Driver"],"picked":"SKIP","floor":40.0},{"not_picked":["Go for the Eyes+1"],"picked":"SKIP","floor":41.0},{"not_picked":[],"picked":"Consume+1","floor":42.0},{"not_picked":["Sweeping Beam+1"],"picked":"SKIP","floor":44.0},{"not_picked":["Scrape+1"],"picked":"SKIP","floor":46.0},{"not_picked":["Force Field+1"],"picked":"SKIP","floor":47},{"not_picked":[],"picked":"Hologram+1","floor":48}],"player_experience":346682,"relics_obtained":[{"floor":8.0,"key":"Bottled Flame"},{"floor":9.0,"key":"Thread and Needle"},{"floor":13.0,"key":"Bronze Scales"},{"floor":25.0,"key":"Ornamental Fan"},{"floor":26.0,"key":"Potion Belt"},{"floor":29.0,"key":"Red Mask"},{"floor":37.0,"key":"Gambling Chip"},{"floor":40.0,"key":"Molten Egg 2"},{"floor":42.0,"key":"MawBank"},{"floor":43.0,"key":"Symbiotic Virus"},{"floor":44.0,"key":"Mercury Hourglass"},{"floor":46.0,"key":"Oddly Smooth Stone"}],"event_choices":[{"damage_healed":0.0,"max_hp_gain":0.0,"max_hp_loss":0.0,"gold_gain":0.0,"event_name":"Shining Light","player_choice":"Entered Light","floor":2.0,"gold_loss":0.0,"damage_taken":14.0,"cards_upgraded":["Defend_B","Defend_B"]},{"cards_removed":["Strike_B"],"damage_healed":0.0,"max_hp_gain":0.0,"max_hp_loss":0.0,"gold_gain":0.0,"event_name":"Golden Wing","player_choice":"Card Removal","floor":4.0,"gold_loss":0.0,"damage_taken":7.0},{"cards_removed":["Strike_B"],"damage_healed":0.0,"max_hp_gain":0.0,"max_hp_loss":0.0,"gold_gain":0.0,"event_name":"Bonfire Elementals","player_choice":"Offered Basic","floor":20.0,"gold_loss":0.0,"damage_taken":0.0},{"damage_healed":0.0,"max_hp_gain":0.0,"max_hp_loss":0.0,"gold_gain":0.0,"cards_transformed":["Defend_B","Defend_B"],"event_name":"Drug Dealer","player_choice":"Became Test Subject","floor":28.0,"gold_loss":0.0,"damage_taken":0.0,"cards_obtained":["Multi-Cast","Reinforced Body"]},{"damage_healed":0.0,"max_hp_gain":0.0,"max_hp_loss":0.0,"gold_gain":0.0,"event_name":"Masked Bandits","player_choice":"Fought Bandits","floor":29.0,"gold_loss":0.0,"damage_taken":0.0},{"damage_healed":0.0,"max_hp_gain":0.0,"max_hp_loss":0.0,"gold_gain":0.0,"event_name":"Upgrade Shrine","player_choice":"Upgraded","floor":31.0,"gold_loss":0.0,"damage_taken":0.0,"cards_upgraded":["Multi-Cast"]},{"damage_healed":0.0,"max_hp_gain":0.0,"max_hp_loss":0.0,"gold_gain":0.0,"event_name":"SensoryStone","player_choice":"Memory 2","floor":36.0,"gold_loss":0.0,"damage_taken":5.0},{"damage_healed":0.0,"max_hp_gain":0.0,"max_hp_loss":0.0,"gold_gain":0.0,"event_name":"Mysterious Sphere","player_choice":"Fight","floor":37.0,"gold_loss":0.0,"damage_taken":0.0}],"is_beta":false,"boss_relics":[{"not_picked":["Fusion Hammer","Tiny House"],"picked":"Busted Crown"},{"not_picked":["Black Star","Calling Bell"],"picked":"Runic Dome"}],"items_purged_floors":[5,24],"is_endless":false,"potions_floor_spawned":[1,7,13,14,19,21,25,37,41,44,46,48],"killed_by":"Donu and Deca","ascension_level":12}