{"gold_per_floor":[113,13,24,24,34,62,74,93,117,117,117,151,326,339,339,416,416,426,443,443,443,443,488,520,532],"floor_reached":25,"playtime":2217,"items_purged":[],"score":426,"play_id":"798516fd-b7c0-4714-bb4e-019e2f18687e","local_time":"20190715000246","is_ascension_mode":true,"campfire_choices":[{"data":"Sucker Punch","floor":10.0,"key":"SMITH"},{"data":"Neutralize","floor":15.0,"key":"SMITH"}],"neow_cost":"NONE","seed_source_timestamp":193376066365810,"circlet_count":0,"master_deck":["AscendersBane","Defend_G","Defend_G","Defend_G","Defend_G","Defend_G","Strike_G","Strike_G","Strike_G","Strike_G","Survivor","Neutralize+1","Backstab","Well Laid Plans","Quick Slash","Dash","Dagger Spray","Sucker Punch+1","Heel Hook","Doubt","Malaise","Malaise","Cloak And Dagger","Endless Agony","Necronomicurse","Cloak And Dagger","Writhe","Slice","Infinite Blades"],"special_seed":0,"relics":["Ring of the Snake","Kunai","Happy Flower","PreservedInsect","Lantern","Orrery","Necronomicon","MawBank","Strawberry"],"potions_floor_usage":[23,25,25],"damage_taken":[{"damage":2.0,"enemies":"Cultist","floor":1.0,"turns":4.0},{"damage":0.0,"enemies":"2 Louse","floor":3.0,"turns":2.0},{"damage":0.0,"enemies":"Jaw Worm","floor":5.0,"turns":2.0},{"damage":5.0,"enemies":"3 Sentries","floor":6.0,"turns":10.0},{"damage":0.0,"enemies":"2 Fungi Beasts","floor":7.0,"turns":3.0},{"damage":4.0,"enemies":"Large Slime","floor":8.0,"turns":6.0},{"damage":0.0,"enemies":"Gremlin Nob","floor":12.0,"turns":3.0},{"damage":0.0,"enemies":"Blue Slaver","floor":14.0,"turns":3.0},{"damage":12.0,"enemies":"Hexaghost","floor":16.0,"turns":17.0},{"damage":4.0,"enemies":"3 Byrds","floor":18.0,"turns":8.0},{"damage":0.0,"enemies":"Chosen","floor":19.0,"turns":7.0},{"damage":33,"enemies":"Gremlin Leader","floor":23,"turns":10},{"damage":14,"enemies":"Snecko","floor":24,"turns":8},{"damage":7,"enemies":"Slavers","floor":25,"turns":1}],"seed_played":"-4648595416046304039","potions_obtained":[{"floor":1.0,"key":"Ancient Potion"},{"floor":7.0,"key":"Strength Potion"},{"floor":8.0,"key":"Strength Potion"},{"floor":24,"key":"Ancient Potion"}],"is_trial":false,"path_per_floor":["$","?","M","?","?","?","?","?","M"],"character_chosen":"THE_SILENT","items_purchased":["Well Laid Plans","Quick Slash"],"campfire_rested":0,"item_purchase_floors":[2,2],"current_hp_per_floor":[68,68,68,68,68,63,63,59,59,59,41,41,41,41,41,29,65,61,61,45,45,45,19,5,0],"gold":532,"neow_bonus":"TEN_PERCENT_HP_BONUS","is_prod":false,"is_daily":false,"chose_seed":false,"campfire_upgraded":2,"win_rate":0,"timestamp":1563138166,"path_taken":["M","?","M","?","M","E","?","M","T","R","?","E","?","M","R","BOSS","M","M","?","?","?","E","?","E"],"build_version":"2019-01-23","purchased_purges":0,"victory":false,"max_hp_per_floor":[77,77,77,77,77,77,77,77,77,77,77,77,77,77,77,77,77,77,77,77,77,77,84,84,84],"card_choices":[{"not_picked":["Quick Slash","Poisoned Stab"],"picked":"Backstab","floor":1.0},{"not_picked":["All Out Attack","Dagger Spray"],"picked":"Dash","floor":3.0},{"not_picked":["Heel Hook","Reflex","Outmaneuver"],"picked":"SKIP","floor":5.0},{"not_picked":["Dagger Spray","Predator","Dodge and Roll"],"picked":"SKIP","floor":6.0},{"not_picked":["Predator","Dodge and Roll"],"picked":"Dagger Spray","floor":6.0},{"not_picked":["Concentrate","Dagger Throw"],"picked":"Sucker Punch","floor":7.0},{"not_picked":["Sucker Punch","Flechettes"],"picked":"Heel Hook","floor":8.0},{"not_picked":["Sucker Punch","Outmaneuver","Bouncing Flask"],"picked":"SKIP","floor":12.0},{"not_picked":["Deadly Poison","Corpse Explosion","Dash"],"picked":"SKIP","floor":14.0},{"not_picked":["Glass Knife","Adrenaline"],"picked":"Malaise","floor":16.0},{"not_picked":["Bane","Prepared"],"picked":"Malaise","floor":17.0},{"not_picked":["Dagger Throw","Dagger Spray"],"picked":"Cloak And Dagger","floor":17.0},{"not_picked":["Leg Sweep","Catalyst","Acrobatics"],"picked":"SKIP","floor":18.0},{"not_picked":["Caltrops","Dodge and Roll"],"picked":"Endless Agony","floor":19.0},{"not_picked":["Sucker Punch","Cloak And Dagger"],"picked":"Slice","floor":23},{"not_picked":["All Out Attack","Deadly Poison"],"picked":"Infinite Blades","floor":24}],"player_experience":424305,"relics_obtained":[{"floor":6.0,"key":"Kunai"},{"floor":9.0,"key":"Happy Flower"},{"floor":12.0,"key":"Lantern"},{"floor":20.0,"key":"Necronomicon"},{"floor":23,"key":"Strawberry"}],"event_choices":[{"cards_removed":["Strike_G"],"damage_healed":0.0,"max_hp_gain":0.0,"max_hp_loss":0.0,"gold_gain":0.0,"event_name":"Purifier","player_choice":"Purged","floor":4.0,"gold_loss":0.0,"damage_taken":0.0},{"damage_healed":0.0,"max_hp_gain":0.0,"max_hp_loss":0.0,"gold_gain":0.0,"event_name":"Scrap Ooze","player_choice":"Success","floor":11.0,"gold_loss":0.0,"damage_taken":18.0,"relics_obtained":["PreservedInsect"]},{"damage_healed":0.0,"max_hp_gain":0.0,"max_hp_loss":0.0,"gold_gain":175.0,"event_name":"Liars Game","player_choice":"AGREE","floor":13.0,"gold_loss":0.0,"damage_taken":0.0,"cards_obtained":["Doubt"]},{"damage_healed":0.0,"max_hp_gain":0.0,"max_hp_loss":0.0,"gold_gain":0.0,"event_name":"Cursed Tome","player_choice":"Obtained Book","floor":20.0,"gold_loss":0.0,"damage_taken":16.0},{"damage_healed":0.0,"max_hp_gain":0.0,"max_hp_loss":0.0,"gold_gain":0.0,"event_name":"The Library","player_choice":"Read","floor":21.0,"gold_loss":0.0,"damage_taken":0.0,"cards_obtained":["Cloak And Dagger"]},{"damage_healed":0.0,"max_hp_gain":0.0,"max_hp_loss":0.0,"gold_gain":0.0,"event_name":"The Mausoleum","player_choice":"Opened","floor":22.0,"gold_loss":0.0,"damage_taken":0.0,"relics_obtained":["MawBank"],"cards_obtained":["Writhe"]}],"is_beta":false,"boss_relics":[{"not_picked":["Coffee Dripper","WristBlade"],"picked":"Orrery"}],"items_purged_floors":[],"is_endless":false,"potions_floor_spawned":[1,7,8,14,18,24],"killed_by":"Slavers","ascension_level":13}