{"gold_per_floor":[138,168,210,261,312,399,399,495,573,609,79,169,199,229,229,541,541,601,71,128,173,241,316,358,463,490,490,110,212,278,347,359,662,674,722,10,52,109,109,190,190,283,283,379,379,709,805,805,805,805],"floor_reached":51,"playtime":7691,"items_purged":[],"score":1248,"play_id":"5f356910-ec2b-457e-aea3-9d6d0c444999","local_time":"20190602174649","daily_mods":["Vintage","Allstar","Heirloom","Time Dilation","Elite Swarm","Midas"],"is_ascension_mode":true,"campfire_choices":[{"floor":7.0,"key":"DIG"},{"floor":15.0,"key":"DIG"},{"floor":32.0,"key":"DIG"},{"floor":49,"key":"DIG"}],"neow_cost":"","seed_source_timestamp":0,"circlet_count":0,"master_deck":["Strike_R","Strike_R","Strike_R","Strike_R","Strike_R","Defend_R","Defend_R","Defend_R","Defend_R","Bash+1","Magnetism","Jack Of All Trades","Mind Blast+1","Secret Technique","Magnetism","Impervious+1","True Grit+1","Entrench+1","Good Instincts+1","Impervious+1","Shrug It Off+1","Forethought+1","Dual Wield+1","Body Slam","Feed","Barricade","Blind+1","Demon Form","Demon Form","Madness+1","Madness+1","Juggernaut"],"special_seed":0,"relics":["Burning Blood","Shovel","Toxic Egg 2","Centennial Puzzle","StoneCalendar","Bronze Scales","Boot","Bottled Lightning","Pocketwatch","Kunai","Self Forming Clay","Singing Bowl","Potion Belt","Cauldron","Vajra","Juzu Bracelet","Shuriken","Dream Catcher","Lizard Tail","Strawberry","Orichalcum","Mercury Hourglass","Pen Nib","Bag of Preparation","Lantern","Bag of Marbles","Whetstone","Omamori","Oddly Smooth Stone","Paper Frog","MawBank","The Courier","Anchor","Red Skull","Philosopher\u0027s Stone","Ancient Tea Set","Toy Ornithopter","Mummified Hand","Ginger","Letter Opener","Bottled Tornado","Mango","Torii","Gremlin Horn","Dead Branch","Pantograph","Old Coin","Darkstone Periapt","Blue Candle"],"potions_floor_usage":[],"damage_taken":[{"damage":8.0,"enemies":"Jaw Worm","floor":1.0,"turns":4.0},{"damage":0.0,"enemies":"2 Louse","floor":2.0,"turns":2.0},{"damage":8.0,"enemies":"Small Slimes","floor":3.0,"turns":5.0},{"damage":30.0,"enemies":"Exordium Thugs","floor":4.0,"turns":7.0},{"damage":5.0,"enemies":"2 Fungi Beasts","floor":5.0,"turns":3.0},{"damage":11.0,"enemies":"3 Sentries","floor":6.0,"turns":7.0},{"damage":10.0,"enemies":"Lagavulin","floor":8.0,"turns":7.0},{"damage":10.0,"enemies":"Gremlin Gang","floor":10.0,"turns":5.0},{"damage":6.0,"enemies":"3 Sentries","floor":12.0,"turns":7.0},{"damage":0.0,"enemies":"Exordium Wildlife","floor":13.0,"turns":4.0},{"damage":0.0,"enemies":"Large Slime","floor":14.0,"turns":5.0},{"damage":4.0,"enemies":"The Guardian","floor":16.0,"turns":10.0},{"damage":5.0,"enemies":"Spheric Guardian","floor":18.0,"turns":7.0},{"damage":3.0,"enemies":"2 Thieves","floor":20.0,"turns":4.0},{"damage":5.0,"enemies":"Centurion and Healer","floor":21.0,"turns":7.0},{"damage":0.0,"enemies":"Snake Plant","floor":22.0,"turns":4.0},{"damage":18.0,"enemies":"Book of Stabbing","floor":23.0,"turns":7.0},{"damage":7.0,"enemies":"Snecko","floor":24.0,"turns":3.0},{"damage":15.0,"enemies":"Gremlin Leader","floor":25.0,"turns":7.0},{"damage":8.0,"enemies":"Slavers","floor":29.0,"turns":5.0},{"damage":5.0,"enemies":"Cultist and Chosen","floor":30.0,"turns":4.0},{"damage":1.0,"enemies":"Centurion and Healer","floor":31.0,"turns":4.0},{"damage":58.0,"enemies":"Automaton","floor":33.0,"turns":8.0},{"damage":0.0,"enemies":"3 Shapes","floor":35.0,"turns":4.0},{"damage":15.0,"enemies":"3 Darklings","floor":37.0,"turns":5.0},{"damage":0.0,"enemies":"Jaw Worm Horde","floor":38.0,"turns":4.0},{"damage":0.0,"enemies":"Nemesis","floor":40.0,"turns":3.0},{"damage":1.0,"enemies":"Giant Head","floor":42.0,"turns":7.0},{"damage":28,"enemies":"Nemesis","floor":44,"turns":3},{"damage":0,"enemies":"4 Shapes","floor":46,"turns":1},{"damage":1,"enemies":"Reptomancer","floor":47,"turns":5},{"damage":24,"enemies":"Donu and Deca","floor":50,"turns":6}],"seed_played":"-1213820247119006349","potions_obtained":[{"floor":2.0,"key":"EssenceOfSteel"},{"floor":3.0,"key":"Strength Potion"},{"floor":5.0,"key":"Energy Potion"},{"floor":6.0,"key":"Weak Potion"},{"floor":11.0,"key":"Energy Potion"},{"floor":11.0,"key":"Dexterity Potion"},{"floor":11.0,"key":"AttackPotion"},{"floor":11.0,"key":"SneckoOil"},{"floor":11.0,"key":"SpeedPotion"},{"floor":12.0,"key":"Fire Potion"},{"floor":18.0,"key":"FearPotion"},{"floor":20.0,"key":"Regen Potion"},{"floor":22.0,"key":"Fire Potion"},{"floor":30.0,"key":"BloodPotion"},{"floor":42.0,"key":"Explosive Potion"},{"floor":44,"key":"Energy Potion"}],"is_trial":true,"path_per_floor":["?","?","T","?","?"],"character_chosen":"IRONCLAD","items_purchased":["Potion Belt","True Grit+1","Entrench+1","Cauldron","Good Instincts+1","Shrug It Off+1","Forethought+1","Orichalcum","Mercury Hourglass","Dual Wield+1","Body Slam","Paper Frog","Toy Ornithopter","Mummified Hand","Barricade","Ginger"],"campfire_rested":0,"item_purchase_floors":[11,11,11,11,11,19,19,19,19,28,28,28,36,36,36,36],"current_hp_per_floor":[78,80,78,54,55,50,50,46,46,42,42,44,50,56,56,58,76,84,84,87,88,89,79,78,71,71,53,53,51,52,60,60,10,80,89,89,80,89,83,103,103,112,112,92,75,81,86,133,133,115],"gold":805,"neow_bonus":"","is_prod":false,"is_daily":false,"chose_seed":false,"campfire_upgraded":0,"win_rate":0,"timestamp":1559486809,"path_taken":["M","M","M","M","M","E","R","E","T","M","$","E","M","M","R","BOSS","M","$","M","M","M","E","M","E","T","?","$","E","M","M","R","BOSS","M","$","M","M","?","E","?","E","T","E","?","M","E","?","R","BOSS"],"build_version":"2019-01-23","purchased_purges":0,"victory":true,"max_hp_per_floor":[80,80,80,80,80,80,80,80,80,80,80,82,82,82,82,82,82,89,89,89,89,89,91,91,93,93,98,98,98,98,101,101,103,103,106,106,106,109,113,127,127,131,131,133,133,133,133,133,133,133],"card_choices":[{"not_picked":["Reaper","Immolate"],"picked":"Impervious+1","floor":6.0},{"not_picked":["Reaper","Dark Embrace","Berserk"],"picked":"SKIP","floor":8.0},{"not_picked":["Limit Break+1","Dark Embrace","Bludgeon"],"picked":"Singing Bowl","floor":12.0},{"not_picked":["Offering+1","Dark Embrace"],"picked":"Impervious+1","floor":16.0},{"not_picked":["Offering+1","Bludgeon","Reaper"],"picked":"Singing Bowl","floor":23.0},{"not_picked":["Berserk","Juggernaut","Immolate"],"picked":"Singing Bowl","floor":25.0},{"not_picked":["Bludgeon","Limit Break+1"],"picked":"Feed","floor":29.0},{"not_picked":["Bludgeon","Dark Embrace","Feed"],"picked":"Singing Bowl","floor":33.0},{"not_picked":["Finesse+1","Purity+1","PanicButton+1"],"picked":"Singing Bowl","floor":39.0},{"not_picked":["Flash of Steel","Discovery+1","Dark Shackles+1"],"picked":"Singing Bowl","floor":39.0},{"not_picked":["Impatience+1","PanicButton+1"],"picked":"Blind+1","floor":39.0},{"not_picked":["Offering+1","Fiend Fire"],"picked":"Demon Form","floor":40.0},{"not_picked":["Limit Break+1","Offering+1"],"picked":"Demon Form","floor":42.0},{"not_picked":["Brutality","Dark Embrace","Barricade"],"picked":"Singing Bowl","floor":44},{"not_picked":["Fiend Fire","Immolate"],"picked":"Juggernaut","floor":47}],"player_experience":145792,"relics_obtained":[{"floor":1.0,"key":"Toxic Egg 2"},{"floor":2.0,"key":"Centennial Puzzle"},{"floor":3.0,"key":"StoneCalendar"},{"floor":4.0,"key":"Bronze Scales"},{"floor":5.0,"key":"Boot"},{"floor":6.0,"key":"Bottled Lightning"},{"floor":7.0,"key":"Pocketwatch"},{"floor":8.0,"key":"Kunai"},{"floor":9.0,"key":"Self Forming Clay"},{"floor":10.0,"key":"Singing Bowl"},{"floor":12.0,"key":"Vajra"},{"floor":13.0,"key":"Juzu Bracelet"},{"floor":14.0,"key":"Shuriken"},{"floor":15.0,"key":"Dream Catcher"},{"floor":18.0,"key":"Strawberry"},{"floor":20.0,"key":"Pen Nib"},{"floor":21.0,"key":"Bag of Preparation"},{"floor":22.0,"key":"Lantern"},{"floor":23.0,"key":"Bag of Marbles"},{"floor":24.0,"key":"Whetstone"},{"floor":25.0,"key":"Omamori"},{"floor":26.0,"key":"Oddly Smooth Stone"},{"floor":29.0,"key":"MawBank"},{"floor":30.0,"key":"The Courier"},{"floor":31.0,"key":"Anchor"},{"floor":32.0,"key":"Red Skull"},{"floor":35.0,"key":"Ancient Tea Set"},{"floor":37.0,"key":"Letter Opener"},{"floor":38.0,"key":"Bottled Tornado"},{"floor":40.0,"key":"Mango"},{"floor":41.0,"key":"Torii"},{"floor":42.0,"key":"Gremlin Horn"},{"floor":43.0,"key":"Dead Branch"},{"floor":44,"key":"Pantograph"},{"floor":46,"key":"Old Coin"},{"floor":47,"key":"Darkstone Periapt"},{"floor":49,"key":"Blue Candle"}],"event_choices":[{"damage_healed":0.0,"max_hp_gain":5.0,"max_hp_loss":0.0,"gold_gain":0.0,"event_name":"Forgotten Altar","player_choice":"Shed Blood","floor":27.0,"gold_loss":0.0,"damage_taken":23.0},{"damage_healed":0.0,"max_hp_gain":0.0,"max_hp_loss":0.0,"gold_gain":0.0,"event_name":"SensoryStone","player_choice":"Memory 3","floor":39.0,"gold_loss":0.0,"damage_taken":10.0},{"damage_healed":0,"gold_gain":0,"player_choice":"Embrace Madness","damage_taken":17,"max_hp_gain":0,"max_hp_loss":0,"event_name":"Winding Halls","floor":45,"gold_loss":0,"cards_obtained":["Madness","Madness"]},{"damage_healed":47,"gold_gain":0,"player_choice":"Full Heal","damage_taken":0,"max_hp_gain":0,"max_hp_loss":0,"event_name":"Wheel of Change","floor":48,"gold_loss":0}],"is_beta":false,"boss_relics":[{"not_picked":["Orrery","Mark of Pain"],"picked":"Lizard Tail"},{"not_picked":["Snecko Eye","Runic Cube"],"picked":"Philosopher\u0027s Stone"}],"items_purged_floors":[],"is_endless":false,"potions_floor_spawned":[2,3,5,6,12,14,18,20,22,30,42,44],"ascension_level":5}