{"gold_per_floor":[114,129,144,319,289,319,319,349,349,364,364,379,409,424,424,524,524,539,554,554,554,569,599,614,629,629,729,744,774,375,405,405,505,555,570,33,33,48,48,48,78,93,118,148,148,163,163,178,178,178],"floor_reached":50,"playtime":3863,"items_purged":["Doubt"],"score":859,"play_id":"621104cd-d201-4bd9-92ef-68cbfb817aa2","local_time":"20190519213101","daily_mods":["Shiny","Green Cards","Elite Swarm"],"is_ascension_mode":false,"campfire_choices":[{"data":"Seek","floor":7,"key":"SMITH"},{"data":"Seek","floor":11,"key":"SMITH"},{"data":"Seek","floor":15,"key":"SMITH"},{"floor":32,"key":"REST"},{"data":"Electrodynamics","floor":40,"key":"SMITH"},{"floor":49,"key":"REST"}],"neow_cost":"","seed_source_timestamp":202353350357797,"circlet_count":0,"master_deck":["Venomology","Corpse Explosion","Malaise","Phantasmal Killer","Die Die Die","Adrenaline+1","Envenom","Doppelganger","Burst+1","Wraith Form v2","Tools of the Trade","Night Terror","Unload","After Image","Bullet Time","Storm of Steel","Glass Knife","A Thousand Cuts","Multi-Cast","Hyperbeam","Thunder Strike","Biased Cognition","Machine Learning","Electrodynamics+1","Buffer","Rainbow","Seek+1","Meteor Strike","Echo Form","All For One","Reboot+1","Amplify","Creative AI","Fission","Core Surge","Seek+1","Seek+1","Machine Learning","Buffer","Adrenaline","Adrenaline","Glass Knife+1","Noxious Fumes","Hyperbeam+1","Adrenaline","Noxious Fumes","Madness","Madness","Prepared","Buffer","A Thousand Cuts","Turbo+1","Aggregate","Dramatic Entrance+1","Backstab+1","Crippling Poison+1"],"special_seed":18036,"relics":["Cracked Core","Mango","Lantern","Blue Candle","Bag of Marbles","White Beast Statue","Dodecahedron","Anchor","Molten Egg 2","Cables","Bottled Flame","Prayer Wheel","Tiny House","Tiny Chest","Bronze Scales","Toy Ornithopter","Orichalcum","War Paint","Ornamental Fan","Regal Pillow"],"potions_floor_usage":[6,6,6,6,8,8,10,13,13,16,19,19,19,22,23,23,23,28,29,29,29,33,33,41,41,41,44,44,44,46,48],"damage_taken":[{"damage":13,"enemies":"Cultist","floor":1,"turns":4},{"damage":0,"enemies":"Small Slimes","floor":2,"turns":2},{"damage":9,"enemies":"Jaw Worm","floor":3,"turns":2},{"damage":12,"enemies":"Gremlin Nob","floor":6,"turns":4},{"damage":11,"enemies":"3 Sentries","floor":8,"turns":3},{"damage":14,"enemies":"Red Slaver","floor":10,"turns":3},{"damage":0,"enemies":"Blue Slaver","floor":12,"turns":1},{"damage":0,"enemies":"Lagavulin","floor":13,"turns":2},{"damage":13,"enemies":"Exordium Thugs","floor":14,"turns":2},{"damage":0,"enemies":"Slime Boss","floor":16,"turns":3},{"damage":0,"enemies":"Spheric Guardian","floor":18,"turns":1},{"damage":18,"enemies":"Shell Parasite","floor":19,"turns":4},{"damage":6,"enemies":"Snecko","floor":22,"turns":3},{"damage":44,"enemies":"Slavers","floor":23,"turns":6},{"damage":3,"enemies":"Snake Plant","floor":24,"turns":4},{"damage":0,"enemies":"Cultist and Chosen","floor":25,"turns":1},{"damage":0,"enemies":"Shelled Parasite and Fungi","floor":28,"turns":2},{"damage":5,"enemies":"Gremlin Leader","floor":29,"turns":6},{"damage":0,"enemies":"Slavers","floor":31,"turns":1},{"damage":8,"enemies":"Collector","floor":33,"turns":7},{"damage":0,"enemies":"3 Darklings","floor":35,"turns":2},{"damage":0,"enemies":"3 Shapes","floor":38,"turns":1},{"damage":16,"enemies":"Reptomancer","floor":41,"turns":2},{"damage":14,"enemies":"Sphere and 2 Shapes","floor":42,"turns":3},{"damage":0,"enemies":"Giant Head","floor":44,"turns":7},{"damage":43,"enemies":"Writhing Mass","floor":46,"turns":3},{"damage":13,"enemies":"Maw","floor":48,"turns":7},{"damage":87,"enemies":"Time Eater","floor":50,"turns":5}],"seed_played":"1966369025298368100","potions_obtained":[{"floor":1,"key":"Ancient Potion"},{"floor":5,"key":"Regen Potion"},{"floor":5,"key":"PowerPotion"},{"floor":10,"key":"Fire Potion"},{"floor":12,"key":"PowerPotion"},{"floor":14,"key":"LiquidBronze"},{"floor":16,"key":"Dexterity Potion"},{"floor":19,"key":"FocusPotion"},{"floor":22,"key":"Dexterity Potion"},{"floor":23,"key":"Fruit Juice"},{"floor":24,"key":"Poison Potion"},{"floor":25,"key":"PowerPotion"},{"floor":28,"key":"SpeedPotion"},{"floor":29,"key":"Dexterity Potion"},{"floor":31,"key":"Ancient Potion"},{"floor":33,"key":"FearPotion"},{"floor":34,"key":"FearPotion"},{"floor":35,"key":"Weak Potion"},{"floor":41,"key":"Explosive Potion"},{"floor":42,"key":"Strength Potion"},{"floor":44,"key":"Fire Potion"},{"floor":46,"key":"Block Potion"}],"is_trial":false,"path_per_floor":["M","M","M","?","?","E","R","E","T","M","R","M","E","M","R","B",null,"M","M","T","?","M","E","M","M","T","?","M","E","$","E","R","B",null,"M","$","?","M","?","R","E","M","T","E","T","M","?","M","R","B"],"character_chosen":"DEFECT","items_purchased":["Noxious Fumes","Bottled Flame","Tiny Chest","Bronze Scales","Noxious Fumes","Toy Ornithopter"],"campfire_rested":2,"item_purchase_floors":[30,30,36,36,36,36],"current_hp_per_floor":[62,62,53,53,53,67,67,56,56,42,42,42,42,29,29,29,89,89,71,71,71,65,26,23,23,23,23,23,18,18,18,46,38,99,99,99,87,87,87,87,83,69,69,84,84,46,46,38,82,0],"gold":178,"neow_bonus":"","is_prod":false,"is_daily":true,"chose_seed":false,"campfire_upgraded":4,"win_rate":0,"timestamp":1558315861,"path_taken":["M","M","?","?","?","E","R","E","T","M","R","M","E","M","R","BOSS","M","M","?","?","?","E","M","?","T","?","M","E","$","E","R","BOSS","M","?","?","M","?","R","E","?","T","E","?","?","?","M","R","BOSS"],"build_version":"2019-01-23","purchased_purges":1,"victory":false,"max_hp_per_floor":[75,75,75,75,75,89,89,89,89,89,89,89,89,89,89,89,89,89,89,89,89,89,94,94,94,94,94,94,94,94,94,94,94,99,99,99,99,99,99,99,99,99,99,99,99,99,99,99,99,99],"card_choices":[{"not_picked":["Riddle With Holes","Finisher","BootSequence"],"picked":"SKIP","floor":1},{"not_picked":["Blade Dance","Endless Agony","Dagger Throw"],"picked":"SKIP","floor":2},{"not_picked":["BootSequence","Hello World","Skim"],"picked":"SKIP","floor":3},{"not_picked":["Biased Cognition","Phantasmal Killer"],"picked":"Seek","floor":6},{"not_picked":["Machine Learning","Meteor Strike"],"picked":"Seek","floor":8},{"not_picked":["Go for the Eyes","Steam Power","Leap"],"picked":"SKIP","floor":10},{"not_picked":["Underhanded Strike","Blade Dance","Ball Lightning"],"picked":"SKIP","floor":12},{"not_picked":["Tools of the Trade","Corpse Explosion"],"picked":"Machine Learning","floor":13},{"not_picked":["Darkness","Dagger Spray","Crippling Poison"],"picked":"SKIP","floor":14},{"not_picked":["Night Terror","Core Surge"],"picked":"Buffer","floor":16},{"not_picked":["Bane","Beam Cell","Steam Power+1"],"picked":"SKIP","floor":18},{"not_picked":["All Out Attack+1","Melter+1","Streamline+1"],"picked":"SKIP","floor":19},{"not_picked":["Beam Cell","Doom and Gloom+1","Sucker Punch"],"picked":"SKIP","floor":22},{"not_picked":["Doppelganger","A Thousand Cuts"],"picked":"Adrenaline","floor":23},{"not_picked":["Dodge and Roll","Consume","Leap"],"picked":"SKIP","floor":24},{"not_picked":["Consume","Underhanded Strike","Endless Agony+1"],"picked":"SKIP","floor":25},{"not_picked":["Conserve Battery","Accuracy+1","Chill+1"],"picked":"SKIP","floor":28},{"not_picked":["Fission","Phantasmal Killer"],"picked":"Glass Knife+1","floor":29},{"not_picked":["Doppelganger","Biased Cognition"],"picked":"Hyperbeam+1","floor":31},{"not_picked":["Envenom","Biased Cognition"],"picked":"Adrenaline","floor":33},{"not_picked":["Deflect+1","Expertise+1","Dagger Spray+1"],"picked":"SKIP","floor":35},{"not_picked":["Redo+1","Slice+1","Poisoned Stab+1"],"picked":"SKIP","floor":35},{"not_picked":["Go for the Eyes+1","Streamline+1","Deflect+1"],"picked":"SKIP","floor":38},{"not_picked":["Cold Snap+1","Hologram+1","Sweeping Beam+1"],"picked":"SKIP","floor":38},{"not_picked":["Rainbow","Malaise"],"picked":"Buffer","floor":41},{"not_picked":["Accuracy+1","Deadly Poison","Flying Knee+1"],"picked":"SKIP","floor":42},{"not_picked":["Tactician","Cold Snap+1","Bane+1"],"picked":"SKIP","floor":42},{"not_picked":["Multi-Cast","Burst"],"picked":"A Thousand Cuts","floor":44},{"not_picked":["Outmaneuver","Underhanded Strike+1"],"picked":"Turbo+1","floor":46},{"not_picked":["Beam Cell+1","Coolheaded"],"picked":"Aggregate","floor":46},{"not_picked":["Purity","Trip"],"picked":"Dramatic Entrance+1","floor":47},{"not_picked":["Ball Lightning+1","Undo+1"],"picked":"Backstab+1","floor":48},{"not_picked":["Blade Dance+1","Backflip"],"picked":"Crippling Poison+1","floor":48}],"player_experience":193276,"relics_obtained":[{"floor":6,"key":"Mango"},{"floor":8,"key":"Lantern"},{"floor":9,"key":"Blue Candle"},{"floor":13,"key":"Bag of Marbles"},{"floor":20,"key":"Dodecahedron"},{"floor":23,"key":"Anchor"},{"floor":26,"key":"Molten Egg 2"},{"floor":29,"key":"Cables"},{"floor":31,"key":"Prayer Wheel"},{"floor":41,"key":"Orichalcum"},{"floor":43,"key":"War Paint"},{"floor":44,"key":"Ornamental Fan"},{"floor":45,"key":"Regal Pillow"}],"event_choices":[{"damage_healed":0,"gold_gain":175,"player_choice":"AGREE","damage_taken":0,"max_hp_gain":0,"max_hp_loss":0,"event_name":"Liars Game","floor":4,"gold_loss":0,"cards_obtained":["Doubt"]},{"damage_healed":0,"gold_gain":0,"player_choice":"Bought 2 Potions","damage_taken":0,"max_hp_gain":0,"max_hp_loss":0,"event_name":"The Woman in Blue","floor":5,"gold_loss":0},{"damage_healed":0,"gold_gain":0,"player_choice":"Copied","damage_taken":0,"max_hp_gain":0,"max_hp_loss":0,"event_name":"Duplicator","floor":21,"gold_loss":0,"cards_obtained":["Adrenaline"]},{"damage_healed":0,"gold_gain":100,"player_choice":"Pray","damage_taken":0,"max_hp_gain":0,"max_hp_loss":0,"event_name":"Golden Shrine","floor":27,"gold_loss":0},{"damage_healed":0,"gold_gain":0,"player_choice":"Embrace Madness","damage_taken":12,"max_hp_gain":0,"max_hp_loss":0,"event_name":"Winding Halls","floor":37,"gold_loss":0,"cards_obtained":["Madness","Madness"]},{"damage_healed":0,"gold_gain":0,"cards_transformed":["Grand Finale"],"player_choice":"Transformed","damage_taken":0,"max_hp_gain":0,"max_hp_loss":0,"event_name":"Transmorgrifier","floor":39,"gold_loss":0,"cards_obtained":["Prepared"]},{"damage_healed":0,"gold_gain":0,"player_choice":"Memory 1","damage_taken":0,"max_hp_gain":0,"max_hp_loss":0,"event_name":"SensoryStone","floor":47,"gold_loss":0}],"is_beta":false,"boss_relics":[{"not_picked":["Philosopher\u0027s Stone","Cursed Key"],"picked":"White Beast Statue"},{"not_picked":["Fusion Hammer","Nuclear Battery"],"picked":"Tiny House"}],"items_purged_floors":[30],"is_endless":false,"potions_floor_spawned":[1,10,12,14,16,18,19,22,23,24,25,28,29,31,33,35,38,41,42,44,46,48],"killed_by":"Time Eater","ascension_level":0}