{"gold_per_floor":[317,317,332,32,47,77,77,77,127,142,142,172,172,187,187,287,299,326,338],"floor_reached":19,"playtime":1352,"items_purged":[],"score":277,"play_id":"de9dbd99-7853-4c29-b005-80403ad3f3e1","local_time":"20190518232732","daily_mods":["SealedDeck","ControlledChaos","Lethality"],"is_ascension_mode":false,"campfire_choices":[{"data":"Slimebound:GoopSpray","floor":8,"key":"SMITH"},{"data":"construct:MetalShell","floor":11,"key":"SMITH"},{"floor":15,"key":"REST"}],"neow_cost":"","seed_source_timestamp":0,"circlet_count":0,"master_deck":["Slimebound:DivideAndConquer","Slimebound:ItLooksTasty","Slimebound:Recollect","Slimebound:Recollect+1","Slimebound:SamplingLick","Slimebound:Lick","Slimebound:PoisonLick+1","Slimebound:Recollect","Slimebound:GoopSpray+1","Slimebound:Gluttony+1","Slimebound:ItLooksTasty","Slimebound:Recollect","Slimebound:Recollect","construct:MetalShell+1","Slimebound:GoopSpray+1","Slimebound:StudyTheSpire","Slimebound:Overexert"],"special_seed":18035,"relics":["Slimebound:AbsorbEndCombat","Frozen Eye","Slimebound:PotencyRelic","hubris:DisguiseKit","Omamori","Oddly Smooth Stone","Mercury Hourglass","MawBank","Ancient Tea Set","Black Star"],"potions_floor_usage":[6,16,19,19],"damage_taken":[{"damage":10,"enemies":"Small Slimes","floor":1,"turns":3},{"damage":9,"enemies":"Jaw Worm","floor":3,"turns":2},{"damage":6,"enemies":"2 Louse","floor":5,"turns":2},{"damage":11,"enemies":"3 Sentries","floor":6,"turns":4},{"damage":35,"enemies":"Gremlin Gang","floor":10,"turns":4},{"damage":6,"enemies":"Lagavulin","floor":12,"turns":3},{"damage":16,"enemies":"Exordium Thugs","floor":14,"turns":2},{"damage":26,"enemies":"Slime Boss","floor":16,"turns":5},{"damage":32,"enemies":"2 Thieves","floor":18,"turns":3},{"damage":53,"enemies":"3 Byrds","floor":19,"turns":1}],"seed_played":"-6451152529473643589","potions_obtained":[{"floor":3,"key":"PowerPotion"},{"floor":5,"key":"Weak Potion"},{"floor":12,"key":"SkillPotion"},{"floor":18,"key":"construct:ShiftPotion"}],"is_trial":false,"path_per_floor":["M","?","M","$","M","E","?","R","T","M","R","E","?","M","R","B",null,"M","M"],"character_chosen":"SLIMEBOUND","items_purchased":["Slimebound:PotencyRelic"],"campfire_rested":1,"item_purchase_floors":[4],"current_hp_per_floor":[63,49,46,46,52,59,59,59,59,42,42,51,51,44,65,70,70,50,0],"gold":338,"neow_bonus":"","is_prod":false,"is_daily":true,"chose_seed":false,"campfire_upgraded":2,"win_rate":0,"timestamp":1558236452,"path_taken":["M","?","M","$","M","E","?","R","T","M","R","E","?","M","R","BOSS","M","M"],"build_version":"2019-01-23","purchased_purges":0,"victory":false,"max_hp_per_floor":[70,70,70,70,70,70,70,70,70,70,70,70,70,70,70,70,70,70,70],"card_choices":[{"not_picked":["Slimebound:LeechingTouch","Slimebound:RollThrough","Slimebound:SplitLeeching"],"picked":"SKIP","floor":1},{"not_picked":["Slimebound:Prepare","Slimebound:RollThrough"],"picked":"Slimebound:ItLooksTasty","floor":3},{"not_picked":["Slimebound:LeechLife","Slimebound:ViciousTackle"],"picked":"Slimebound:Recollect","floor":5},{"not_picked":["Slimebound:Prepare","Slimebound:LeechingTouch"],"picked":"Slimebound:Recollect","floor":6},{"not_picked":["Slimebound:SplitLeeching","Slimebound:PoisonLick","Slimebound:Recollect"],"picked":"construct:MetalShell","floor":10},{"not_picked":["Slimebound:SplitBruiser","Slimebound:PoisonLick","construct:LongRangeLance"],"picked":"Slimebound:GoopSpray","floor":12},{"not_picked":["Slimebound:FinishingTackle","Slimebound:ViciousTackle","construct:ModeShift"],"picked":"Slimebound:StudyTheSpire","floor":14},{"not_picked":["Slimebound:SuperSplit","Slimebound:MassFeed","construct:Bunker"],"picked":"Slimebound:Overexert","floor":16},{"not_picked":["Slimebound:SlimeSpikes","Slimebound:PoisonLick+1","Slimebound:SplitAcid","construct:UnbalancingBlast"],"picked":"SKIP","floor":18}],"player_experience":212116,"relics_obtained":[{"floor":6,"key":"hubris:DisguiseKit"},{"floor":9,"key":"Omamori"},{"floor":12,"key":"Oddly Smooth Stone"}],"event_choices":[{"damage_healed":0,"gold_gain":0,"player_choice":"Entered Light","damage_taken":14,"max_hp_gain":0,"max_hp_loss":0,"event_name":"Shining Light","floor":2,"gold_loss":0,"cards_upgraded":["Slimebound:Recollect","Slimebound:PoisonLick"]},{"damage_healed":0,"gold_gain":0,"player_choice":"Grow","damage_taken":0,"max_hp_gain":0,"max_hp_loss":0,"event_name":"Living Wall","floor":7,"gold_loss":0,"cards_upgraded":["Slimebound:Gluttony"]},{"damage_healed":0,"gold_gain":0,"player_choice":"Forge","damage_taken":0,"max_hp_gain":0,"max_hp_loss":0,"event_name":"Accursed Blacksmith","floor":13,"gold_loss":0,"cards_upgraded":["Slimebound:GoopSpray"]}],"is_beta":false,"boss_relics":[{"not_picked":["hubris:HollowSoul","Velvet Choker"],"picked":"Black Star"}],"items_purged_floors":[],"is_endless":false,"potions_floor_spawned":[3,5,12,18],"killed_by":"3 Byrds","ascension_level":0}