{"gold_per_floor":[118,118,293,368,386,386,418,418,418,418,443,443,443,460,460,556,556,481,571,587,606,54,54,54],"floor_reached":24,"playtime":1762,"items_purged":["Doubt"],"score":210,"play_id":"dd521ba2-9dcc-4a74-b827-4106041e29c7","local_time":"20190706024340","is_ascension_mode":true,"campfire_choices":[{"data":"Skewer","floor":6,"key":"SMITH"},{"floor":8,"key":"REST"},{"floor":10,"key":"REST"},{"floor":13,"key":"REST"},{"floor":15,"key":"REST"},{"data":"Backflip","floor":23,"key":"SMITH"}],"neow_cost":"NONE","seed_source_timestamp":9123287171366,"circlet_count":0,"master_deck":["Strike_G","Strike_G","Strike_G","Strike_G","Strike_G","Defend_G","Defend_G","Defend_G","Defend_G","Survivor","Neutralize","Dagger Spray","Night Terror","Skewer+1","Dodge and Roll","Backflip+1","Flying Knee","After Image","Backflip","Jack Of All Trades","Dagger Throw","Quick Slash"],"relics":["Black Star","Sundial","Smiling Mask","Darkstone Periapt","Incense Burner","Happy Flower","Oddly Smooth Stone","Cursed Key","Bottled Tornado","Lee\u0027s Waffle"],"potions_floor_usage":[16,24],"damage_taken":[{"damage":1,"enemies":"Cultist","floor":1,"turns":5},{"damage":3,"enemies":"Jaw Worm","floor":5,"turns":4},{"damage":35,"enemies":"Gremlin Nob","floor":7,"turns":5},{"damage":28,"enemies":"3 Sentries","floor":11,"turns":10},{"damage":0,"enemies":"2 Louse","floor":14,"turns":3},{"damage":26,"enemies":"The Guardian","floor":16,"turns":13},{"damage":2,"enemies":"2 Thieves","floor":18,"turns":5},{"damage":15,"enemies":"Shell Parasite","floor":20,"turns":7},{"damage":16,"enemies":"Shelled Parasite and Fungi","floor":21,"turns":11},{"damage":89,"enemies":"Gremlin Leader","floor":24,"turns":10}],"seed_played":"6710726676015728369","potions_obtained":[{"floor":1,"key":"GhostInAJar"},{"floor":14,"key":"PowerPotion"},{"floor":20,"key":"Strength Potion"}],"is_trial":false,"path_per_floor":["M","?","?","?","M","R","E","R","T","R","E","?","R","M","R","B",null,"M","?","M","M","$","R","E"],"character_chosen":"THE_SILENT","items_purchased":["Bottled Tornado","Lee\u0027s Waffle","Quick Slash"],"campfire_rested":4,"item_purchase_floors":[22,22,22],"current_hp_per_floor":[69,69,69,58,55,55,20,41,41,62,34,22,43,43,64,38,70,68,47,32,16,77,77,0],"gold":54,"neow_bonus":"BOSS_RELIC","is_prod":false,"is_daily":false,"chose_seed":false,"campfire_upgraded":2,"win_rate":0,"timestamp":1562373820,"path_taken":["M","?","?","?","?","R","E","R","T","R","E","?","R","M","R","BOSS","M","?","M","?","$","R","E"],"build_version":"2019-07-05","purchased_purges":1,"victory":false,"max_hp_per_floor":[70,70,70,70,70,70,70,70,70,70,70,70,70,70,70,70,70,70,70,70,70,77,77,77],"card_choices":[{"not_picked":["Calculated Gamble","Dodge and Roll"],"picked":"Dagger Spray","floor":1},{"not_picked":["Calculated Gamble","Poisoned Stab"],"picked":"Skewer","floor":5},{"not_picked":["Accuracy","Slice"],"picked":"Dodge and Roll","floor":7},{"not_picked":["Poisoned Stab","Deflect"],"picked":"Backflip","floor":11},{"not_picked":["Cloak And Dagger","Bullet Time"],"picked":"Flying Knee","floor":14},{"not_picked":["Burst","Adrenaline"],"picked":"After Image","floor":16},{"not_picked":["Slice","Tactician+1"],"picked":"Backflip","floor":18},{"not_picked":["Blade Dance","Leg Sweep"],"picked":"Dagger Throw","floor":20},{"not_picked":["All Out Attack","Poisoned Stab","Prepared"],"picked":"SKIP","floor":21}],"player_experience":53159,"relics_obtained":[{"floor":7,"key":"Sundial"},{"floor":7,"key":"Smiling Mask"},{"floor":9,"key":"Darkstone Periapt"},{"floor":11,"key":"Incense Burner"},{"floor":11,"key":"Happy Flower"}],"event_choices":[{"damage_healed":0,"gold_gain":0,"cards_transformed":["Defend_G"],"player_choice":"Change","damage_taken":0,"max_hp_gain":0,"max_hp_loss":0,"event_name":"Living Wall","floor":2,"gold_loss":0,"cards_obtained":["Night Terror"]},{"damage_healed":0,"gold_gain":175,"player_choice":"AGREE","damage_taken":0,"max_hp_gain":0,"max_hp_loss":0,"event_name":"Liars Game","floor":3,"gold_loss":0,"cards_obtained":["Doubt"]},{"damage_healed":0,"gold_gain":75,"player_choice":"Gather Gold","damage_taken":11,"max_hp_gain":0,"max_hp_loss":0,"event_name":"World of Goop","floor":4,"gold_loss":0},{"damage_healed":0,"gold_gain":0,"player_choice":"Success","damage_taken":12,"relics_obtained":["Oddly Smooth Stone"],"max_hp_gain":0,"max_hp_loss":0,"event_name":"Scrap Ooze","floor":12,"gold_loss":0},{"damage_healed":0,"gold_gain":90,"player_choice":"CARD GOLD ","damage_taken":21,"max_hp_gain":0,"max_hp_loss":0,"event_name":"Knowing Skull","floor":19,"potions_obtained":[],"gold_loss":0,"cards_obtained":["Jack Of All Trades"]}],"is_beta":false,"boss_relics":[{"not_picked":["Busted Crown","Snecko Eye"],"picked":"Cursed Key"}],"items_purged_floors":[22],"is_endless":false,"potions_floor_spawned":[1,14,20],"killed_by":"Gremlin Leader","ascension_level":1}