{"gold_per_floor":[114,114,114,129,144,144,174,174,199,214,214,54,69,84,84,184,184,199,214,229,279,294,294],"floor_reached":23,"playtime":1755,"items_purged":[],"score":195,"play_id":"6f3446e3-2758-4cd1-9e9b-e91214de95d2","local_time":"20190506203115","daily_mods":["Draft","Green Cards","Binary"],"is_ascension_mode":false,"campfire_choices":[{"data":"Eviscerate","floor":6,"key":"SMITH"},{"data":"Prepared","floor":8,"key":"SMITH"},{"data":"Genetic Algorithm","floor":11,"key":"SMITH"},{"floor":15,"key":"REST"}],"neow_cost":"","seed_source_timestamp":0,"circlet_count":0,"master_deck":["Predator","White Noise","Backflip","Sweeping Beam","Beam Cell","Dagger Spray","Rebound","Poisoned Stab","Caltrops","Backflip","Genetic Algorithm+1","Self Repair","Loop","Rebound","Masterful Stab+1","Lockon","Prepared+1","Flechettes","Dagger Spray","Creative AI","Static Discharge","A Thousand Cuts","Footwork+1","Prepared"],"special_seed":18023,"relics":["Cracked Core","Question Card","Blood Vial","Empty Cage"],"potions_floor_usage":[7,7,22,23,23],"damage_taken":[{"damage":0,"enemies":"Small Slimes","floor":1,"turns":2},{"damage":0,"enemies":"2 Louse","floor":4,"turns":1},{"damage":1,"enemies":"Cultist","floor":5,"turns":3},{"damage":33,"enemies":"3 Sentries","floor":7,"turns":5},{"damage":17,"enemies":"Lots of Slimes","floor":10,"turns":3},{"damage":2,"enemies":"3 Louse","floor":13,"turns":2},{"damage":23,"enemies":"Red Slaver","floor":14,"turns":5},{"damage":34,"enemies":"Hexaghost","floor":16,"turns":7},{"damage":27,"enemies":"Spheric Guardian","floor":18,"turns":4},{"damage":32,"enemies":"2 Thieves","floor":19,"turns":5},{"damage":3,"enemies":"Snecko","floor":20,"turns":4},{"damage":36,"enemies":"3 Cultists","floor":22,"turns":4},{"damage":31,"enemies":"Gremlin Leader","floor":23,"turns":2}],"seed_played":"-4448055644271088173","potions_obtained":[{"floor":1,"key":"Dexterity Potion"},{"floor":4,"key":"Explosive Potion"},{"floor":5,"key":"Swift Potion"},{"floor":14,"key":"SmokeBomb"},{"floor":20,"key":"Regen Potion"},{"floor":22,"key":"Weak Potion"}],"is_trial":false,"path_per_floor":["M","?","?","M","M","R","E","R","T","M","R","$","M","M","R","B",null,"M","M","M","?","M","E"],"character_chosen":"DEFECT","items_purchased":["Creative AI"],"campfire_rested":1,"item_purchase_floors":[12],"current_hp_per_floor":[75,75,75,75,75,75,49,49,49,34,34,34,34,20,42,17,75,55,32,38,38,23,0],"gold":294,"neow_bonus":"","is_prod":false,"is_daily":true,"chose_seed":false,"campfire_upgraded":3,"win_rate":0.0,"timestamp":1557189075,"path_taken":["M","?","?","M","?","R","E","R","T","M","R","?","M","M","R","BOSS","M","M","M","?","?","E"],"build_version":"2019-01-23","purchased_purges":0,"victory":false,"max_hp_per_floor":[75,75,75,75,75,75,75,75,75,75,75,75,75,75,75,75,75,75,75,75,75,75,75],"card_choices":[{"not_picked":["Endless Agony","Bane"],"picked":"Predator","floor":0},{"not_picked":["Rip and Tear","Leap"],"picked":"Eviscerate","floor":0},{"not_picked":["Self Repair","Infinite Blades"],"picked":"White Noise","floor":0},{"not_picked":["Deadly Poison","Underhanded Strike"],"picked":"Backflip","floor":0},{"not_picked":["Tempest","Conserve Battery"],"picked":"Sweeping Beam","floor":0},{"not_picked":["Deflect","Sucker Punch"],"picked":"Beam Cell","floor":0},{"not_picked":["Flying Knee","Hello World"],"picked":"Dagger Spray","floor":0},{"not_picked":["Underhanded Strike","Acrobatics"],"picked":"Rebound","floor":0},{"not_picked":["Skim","Beam Cell"],"picked":"Poisoned Stab","floor":0},{"not_picked":["Go for the Eyes","Cold Snap"],"picked":"Caltrops","floor":0},{"not_picked":["Bane","Stack"],"picked":"Backflip","floor":0},{"not_picked":["Coolheaded","Turbo"],"picked":"Genetic Algorithm","floor":0},{"not_picked":["Conserve Battery","Cold Snap"],"picked":"Self Repair","floor":0},{"not_picked":["Sweeping Beam","Poisoned Stab"],"picked":"Loop","floor":0},{"not_picked":["Conserve Battery","Redo"],"picked":"Rebound","floor":0},{"not_picked":["Turbo"],"picked":"Masterful Stab","floor":1},{"not_picked":["Outmaneuver"],"picked":"Lockon","floor":4},{"not_picked":["Doppelganger"],"picked":"Prepared","floor":5},{"not_picked":["Deadly Poison"],"picked":"Flechettes","floor":7},{"not_picked":["Turbo","Flechettes"],"picked":"Dagger Spray","floor":10},{"not_picked":["BootSequence","Conserve Battery"],"picked":"Setup","floor":13},{"not_picked":["Acrobatics","Coolheaded"],"picked":"Static Discharge","floor":14},{"not_picked":["Storm of Steel","Creative AI"],"picked":"A Thousand Cuts","floor":16},{"not_picked":["Blizzard","BootSequence"],"picked":"Footwork+1","floor":18},{"not_picked":["Steam","Calculated Gamble","Doom and Gloom"],"picked":"SKIP","floor":19},{"not_picked":["Genetic Algorithm","Melter"],"picked":"Prepared","floor":20},{"not_picked":["Bane+1","Expertise","Lockon"],"picked":"SKIP","floor":22}],"player_experience":53977,"relics_obtained":[{"floor":7,"key":"Question Card"},{"floor":9,"key":"Blood Vial"}],"event_choices":[{"damage_healed":0,"gold_gain":0,"player_choice":"Ignored","damage_taken":0,"max_hp_gain":0,"max_hp_loss":0,"event_name":"Liars Game","floor":2,"gold_loss":0},{"damage_healed":0,"gold_gain":0,"player_choice":"Upgraded","damage_taken":0,"max_hp_gain":0,"max_hp_loss":0,"event_name":"Upgrade Shrine","floor":3,"gold_loss":0,"cards_upgraded":["Masterful Stab"]},{"damage_healed":0,"gold_gain":100,"player_choice":"Bet on Murderer","damage_taken":0,"max_hp_gain":0,"max_hp_loss":0,"event_name":"The Joust","floor":21,"gold_loss":50}],"is_beta":false,"boss_relics":[{"not_picked":["Runic Dome","Ectoplasm"],"picked":"Empty Cage"}],"items_purged_floors":[],"is_endless":false,"potions_floor_spawned":[1,4,5,14,20,22],"killed_by":"Gremlin Leader","ascension_level":0}