{"gold_per_floor":[118,118,129,129,204,237,237,252,252,330,365,98,98,112,112,207,207,221,50,50,62,80,80,105,105,151,177,177,102,112,112,112,211,211,228,243,254,254,254,282,75,94,94,127,127,137,137,150,150,150,150,150,0,34,34],"floor_reached":55,"playtime":6978,"items_purged":["Strike_B","Strike_B","Strike_B","Defend_B"],"score":1118,"play_id":"35945b01-eda2-4dce-ab50-771176a7a35a","local_time":"20190626235330","is_ascension_mode":true,"campfire_choices":[{"floor":7.0,"key":"REST"},{"data":"Defragment","floor":13.0,"key":"SMITH"},{"data":"Streamline","floor":15.0,"key":"SMITH"},{"floor":23.0,"key":"REST"},{"floor":25.0,"key":"REST"},{"floor":32.0,"key":"REST"},{"data":"Defragment","floor":47.0,"key":"SMITH"},{"floor":49.0,"key":"RECALL"},{"data":"Creative AI","floor":52.0,"key":"SMITH"}],"neow_cost":"NONE","seed_source_timestamp":0,"circlet_count":0,"master_deck":["Defend_B","Defend_B","Zap+1","Dualcast","Streamline+1","Self Repair","Rebound","Seek","Coolheaded+1","Defragment+1","Echo Form","Genetic Algorithm","Glacier","Reboot","Conserve Battery","Creative AI+1","Hologram","Good Instincts","Secret Technique","Defragment+1","Leap+1","Go for the Eyes+1","Cold Snap"],"special_seed":0,"relics":["Cracked Core","Dead Branch","Ornamental Fan","Pocketwatch","Pear","Ancient Tea Set","Inserter","Orichalcum","Red Mask","MutagenicStrength","Philosopher\u0027s Stone","Anchor","Thread and Needle","Bottled Lightning","Bag of Preparation"],"potions_floor_usage":[55,55],"damage_taken":[{"damage":0.0,"enemies":"Small Slimes","floor":1.0,"turns":2.0},{"damage":0.0,"enemies":"2 Louse","floor":3.0,"turns":1.0},{"damage":26.0,"enemies":"Gremlin Nob","floor":6.0,"turns":4.0},{"damage":12.0,"enemies":"Jaw Worm","floor":8.0,"turns":2.0},{"damage":20.0,"enemies":"3 Sentries","floor":11.0,"turns":5.0},{"damage":2.0,"enemies":"3 Louse","floor":14.0,"turns":3.0},{"damage":0.0,"enemies":"Slime Boss","floor":16.0,"turns":4.0},{"damage":28.0,"enemies":"2 Thieves","floor":18.0,"turns":3.0},{"damage":44.0,"enemies":"Colosseum Slavers","floor":20.0,"turns":5.0},{"damage":12.0,"enemies":"3 Byrds","floor":21.0,"turns":5.0},{"damage":5.0,"enemies":"Snake Plant","floor":22.0,"turns":4.0},{"damage":21.0,"enemies":"Gremlin Leader","floor":24.0,"turns":11.0},{"damage":39.0,"enemies":"Masked Bandits","floor":27.0,"turns":5.0},{"damage":10.0,"enemies":"Centurion and Healer","floor":30.0,"turns":7.0},{"damage":20.0,"enemies":"Collector","floor":33.0,"turns":13.0},{"damage":4.0,"enemies":"Orb Walker","floor":35.0,"turns":5.0},{"damage":26.0,"enemies":"3 Darklings","floor":36.0,"turns":10.0},{"damage":0.0,"enemies":"Maw","floor":37.0,"turns":9.0},{"damage":0.0,"enemies":"Giant Head","floor":40.0,"turns":12.0},{"damage":24.0,"enemies":"Spire Growth","floor":42.0,"turns":7.0},{"damage":11.0,"enemies":"Nemesis","floor":44.0,"turns":13.0},{"damage":6.0,"enemies":"4 Shapes","floor":46.0,"turns":6.0},{"damage":0.0,"enemies":"Writhing Mass","floor":48.0,"turns":8.0},{"damage":0.0,"enemies":"Time Eater","floor":50.0,"turns":15.0},{"damage":14.0,"enemies":"Shield and Spear","floor":54.0,"turns":7.0},{"damage":69,"enemies":"The Heart","floor":55,"turns":6}],"seed_played":"-7752908403186266240","potions_obtained":[{"floor":1.0,"key":"Regen Potion"},{"floor":6.0,"key":"PowerPotion"},{"floor":8.0,"key":"Fire Potion"},{"floor":16.0,"key":"FocusPotion"},{"floor":18.0,"key":"SkillPotion"},{"floor":27.0,"key":"EssenceOfSteel"},{"floor":30.0,"key":"Swift Potion"},{"floor":36.0,"key":"LiquidBronze"},{"floor":44.0,"key":"SteroidPotion"}],"is_trial":false,"path_per_floor":["?","?","?","?","?","?","?","?","?","M","?","?","?","M"],"character_chosen":"DEFECT","items_purchased":["Defragment","Ancient Tea Set","Genetic Algorithm","Defragment"],"campfire_rested":4,"item_purchase_floors":[12,12,19,41],"current_hp_per_floor":[68,35,35,35,24,17,39,34,34,34,31,31,31,36,36,43,75,54,54,17,12,7,32,25,50,50,11,11,11,15,15,40,27,71,81,69,83,81,76,81,81,71,71,74,74,75,75,81,81,81,81,81,81,67,0],"gold":34,"neow_bonus":"TRANSFORM_CARD","is_prod":false,"is_daily":false,"chose_seed":false,"campfire_upgraded":4,"win_rate":0,"timestamp":1561582410,"path_taken":["M","?","M","?","?","E","R","M","T","?","E","$","R","M","R","BOSS","M","$","?","M","M","R","E","R","T","?","?","?","M","?","R","BOSS","M","M","?","?","?","E","$","M","T","E","?","?","R","M","R","BOSS","R","$","E","BOSS"],"build_version":"2019-01-23","purchased_purges":4,"victory":false,"max_hp_per_floor":[75,75,75,75,75,75,75,75,75,75,85,85,85,85,85,85,85,85,85,85,85,85,85,85,85,85,85,85,85,85,85,85,85,85,85,85,85,81,81,81,81,81,81,81,81,81,81,81,81,81,81,81,81,81,81],"card_choices":[{"not_picked":["Barrage","Auto Shields","Compile Driver"],"picked":"SKIP","floor":1.0},{"not_picked":["FTL","Heatsinks"],"picked":"Self Repair","floor":3.0},{"not_picked":["Leap","Barrage"],"picked":"Rebound","floor":6.0},{"not_picked":["Heatsinks","Compile Driver"],"picked":"Seek","floor":8.0},{"not_picked":["Redo","Melter"],"picked":"Coolheaded","floor":11.0},{"not_picked":["Steam","Stack","Redo"],"picked":"SKIP","floor":14.0},{"not_picked":["Buffer","Amplify"],"picked":"Echo Form","floor":16.0},{"not_picked":["Stack","Heatsinks","Tempest+1"],"picked":"SKIP","floor":18.0},{"not_picked":["Redo","Coolheaded"],"picked":"Glacier","floor":21.0},{"not_picked":["Coolheaded","Beam Cell","Skim"],"picked":"SKIP","floor":22.0},{"not_picked":["Compile Driver","Go for the Eyes"],"picked":"Reboot","floor":24.0},{"not_picked":["Glacier","Static Discharge"],"picked":"Conserve Battery","floor":27.0},{"not_picked":["Chaos","Barrage","Force Field"],"picked":"SKIP","floor":30.0},{"not_picked":["Buffer","Echo Form"],"picked":"Creative AI","floor":33.0},{"not_picked":["Sweeping Beam","Compile Driver+1"],"picked":"Hologram","floor":35.0},{"not_picked":["Rebound+1","Undo+1","Melter+1"],"picked":"SKIP","floor":36.0},{"not_picked":["Steam","Sweeping Beam+1","Stack+1"],"picked":"SKIP","floor":37.0},{"not_picked":["Forethought","The Bomb"],"picked":"Good Instincts","floor":39.0},{"not_picked":["Good Instincts","Transmutation"],"picked":"Secret Technique","floor":39.0},{"not_picked":["Sunder","Multi-Cast","Rebound+1"],"picked":"SKIP","floor":40.0},{"not_picked":["Stack","Static Discharge+1"],"picked":"Leap+1","floor":42.0},{"not_picked":["Amplify","Leap"],"picked":"Go for the Eyes+1","floor":44.0},{"not_picked":["Auto Shields+1","Recycle"],"picked":"Cold Snap","floor":46.0},{"not_picked":["Sweeping Beam+1","Go for the Eyes","Redo"],"picked":"SKIP","floor":48.0},{"not_picked":["All For One","Glacier","Turbo"],"picked":"SKIP","floor":54.0}],"player_experience":234103,"relics_obtained":[{"floor":6.0,"key":"Ornamental Fan"},{"floor":9.0,"key":"Pocketwatch"},{"floor":11.0,"key":"Pear"},{"floor":24.0,"key":"Orichalcum"},{"floor":27.0,"key":"Red Mask"},{"floor":40.0,"key":"Anchor"},{"floor":43.0,"key":"Thread and Needle"},{"floor":44.0,"key":"Bottled Lightning"},{"floor":54.0,"key":"Bag of Preparation"}],"event_choices":[{"damage_healed":0.0,"max_hp_gain":0.0,"max_hp_loss":0.0,"gold_gain":0.0,"event_name":"Scrap Ooze","player_choice":"Success","floor":2.0,"gold_loss":0.0,"damage_taken":33.0,"relics_obtained":["Dead Branch"]},{"damage_healed":0.0,"max_hp_gain":0.0,"max_hp_loss":0.0,"gold_gain":0.0,"event_name":"Living Wall","player_choice":"Grow","floor":4.0,"gold_loss":0.0,"damage_taken":0.0,"cards_upgraded":["Zap"]},{"damage_healed":0.0,"max_hp_gain":0.0,"max_hp_loss":0.0,"gold_gain":75.0,"event_name":"World of Goop","player_choice":"Gather Gold","floor":5.0,"gold_loss":0.0,"damage_taken":11.0},{"damage_healed":0.0,"max_hp_gain":0.0,"max_hp_loss":0.0,"gold_gain":78.0,"event_name":"Golden Wing","player_choice":"Gained Gold","floor":10.0,"gold_loss":0.0,"damage_taken":0.0},{"damage_healed":0.0,"max_hp_gain":0.0,"max_hp_loss":0.0,"gold_gain":0.0,"event_name":"Colosseum","player_choice":"Fight","floor":20.0,"gold_loss":0.0,"damage_taken":0.0},{"damage_healed":0.0,"max_hp_gain":0.0,"max_hp_loss":0.0,"gold_gain":0.0,"event_name":"Colosseum","player_choice":"Fled From Nobs","floor":20.0,"gold_loss":0.0,"damage_taken":0.0},{"damage_healed":0.0,"max_hp_gain":0.0,"max_hp_loss":0.0,"gold_gain":0.0,"event_name":"Masked Bandits","player_choice":"Fought Bandits","floor":27.0,"gold_loss":0.0,"damage_taken":0.0},{"damage_healed":0.0,"max_hp_gain":0.0,"max_hp_loss":0.0,"gold_gain":0.0,"event_name":"Drug Dealer","player_choice":"Inject Mutagens","floor":28.0,"gold_loss":0.0,"damage_taken":0.0,"relics_obtained":["MutagenicStrength"]},{"cards_removed":["Defend_B"],"damage_healed":0.0,"max_hp_gain":0.0,"max_hp_loss":0.0,"gold_gain":0.0,"event_name":"Beggar","player_choice":"Gave Gold","floor":29.0,"gold_loss":75.0,"damage_taken":0.0},{"damage_healed":0.0,"max_hp_gain":0.0,"max_hp_loss":0.0,"gold_gain":0.0,"event_name":"Upgrade Shrine","player_choice":"Upgraded","floor":31.0,"gold_loss":0.0,"damage_taken":0.0,"cards_upgraded":["Coolheaded"]},{"damage_healed":0.0,"max_hp_gain":0.0,"max_hp_loss":4.0,"gold_gain":0.0,"event_name":"Winding Halls","player_choice":"Max HP","floor":38.0,"gold_loss":0.0,"damage_taken":0.0},{"damage_healed":0.0,"max_hp_gain":0.0,"max_hp_loss":0.0,"gold_gain":0.0,"event_name":"SensoryStone","player_choice":"Memory 2","floor":39.0,"gold_loss":0.0,"damage_taken":5.0},{"damage_healed":0.0,"max_hp_gain":0.0,"max_hp_loss":0.0,"gold_gain":0.0,"event_name":"SecretPortal","player_choice":"Ignored","floor":45.0,"gold_loss":0.0,"damage_taken":0.0}],"is_beta":false,"boss_relics":[{"not_picked":["Eternal Feather","Ectoplasm"],"picked":"Inserter"},{"not_picked":["Astrolabe","Sozu"],"picked":"Philosopher\u0027s Stone"}],"items_purged_floors":[12,19,41,53],"is_endless":false,"potions_floor_spawned":[1,6,8,16,18,20,27,30,36,44],"killed_by":"The Heart","ascension_level":7}