{"gold_per_floor":[144,189,165,210,210,210,308,320,357,418,430,442,454,466,478,817,829,890,951,1062,524,573,573,624,624,624,675,726,726],"floor_reached":29,"playtime":3034,"items_purged":[],"score":250,"play_id":"ca0f52e2-f1cd-42e4-8d48-30720d65f6e0","local_time":"20190706203751","daily_mods":["Draft","ControlledChaos","Midas"],"is_ascension_mode":false,"campfire_choices":[{"floor":6,"key":"REST"},{"floor":8,"key":"REST"},{"floor":15,"key":"REST"},{"floor":23,"key":"REST"}],"neow_cost":"","seed_source_timestamp":0,"circlet_count":0,"master_deck":["animator:Emonzaemon+1","animator:Darkness","animator:DolaRiku","animator:Shalltear","animator:Rena","animator:Mikaela","animator:Yuuichirou","animator:Cocytus","animator:DolaRiku","animator:Konayuki","animator:Scar","animator:Shinoa","animator:ChlammyZell","animator:Kazuma","animator:Emonzaemon","animator:Shalltear","animator:Benimaru","animator:Kaijin+1","Injury","animator:Shalltear","animator:Evileye","animator:Rimuru","animator:Hakurou+1","animator:Hakurou","animator:GuildGirl","animator:Layla","Slimebound:SplitMire","animator:Jibril+1","animator:Shichika"],"special_seed":18083,"relics":["animator:LivingPicture","animator:PurgingStone_Cards","animator:TheMissingPiece","Frozen Eye","Golden Idol","MawBank","Bag of Marbles","Dodecahedron","animator:CursedBlade","Bottled Tornado","Pear","Vajra"],"potions_floor_usage":[7,16,22,24,29],"damage_taken":[{"damage":7,"enemies":"Cultist","floor":1,"turns":4},{"damage":7,"enemies":"Jaw Worm","floor":2,"turns":2},{"damage":10,"enemies":"Small Slimes","floor":4,"turns":2},{"damage":30,"enemies":"Lagavulin","floor":7,"turns":7},{"damage":14,"enemies":"Looter","floor":10,"turns":3},{"damage":63,"enemies":"The Guardian","floor":16,"turns":9},{"damage":25,"enemies":"Shell Parasite","floor":18,"turns":5},{"damage":32,"enemies":"2 Thieves","floor":19,"turns":5},{"damage":7,"enemies":"Centurion and Healer","floor":22,"turns":5},{"damage":56,"enemies":"Snake Plant","floor":24,"turns":5},{"damage":17,"enemies":"Snecko","floor":27,"turns":4},{"damage":51,"enemies":"Shelled Parasite and Fungi","floor":28,"turns":6},{"damage":55,"enemies":"Slavers","floor":29,"turns":3}],"seed_played":"1011076517650017041","potions_obtained":[{"floor":1,"key":"SpeedPotion"},{"floor":4,"key":"Block Potion"},{"floor":7,"key":"Ancient Potion"},{"floor":19,"key":"Poison Potion"},{"floor":27,"key":"Fruit Juice"}],"is_trial":false,"path_per_floor":["M","M","$","M","?","R","E","R","T","M","?","?","T","?","R","B",null,"M","M","?","$","M","R","M","?","T","M","M","E"],"character_chosen":"THE_ANIMATOR","items_purchased":["animator:Kaijin","Bottled Tornado","Pear","AttackPotion"],"campfire_rested":4,"item_purchase_floors":[3,21,21,21],"current_hp_per_floor":[64,60,60,53,53,71,41,62,62,48,48,48,48,48,69,6,36,36,34,34,39,41,41,17,17,17,41,39,0],"gold":726,"neow_bonus":"","is_prod":false,"is_daily":true,"chose_seed":false,"campfire_upgraded":0,"win_rate":0.0,"timestamp":1562459871,"path_taken":["M","M","$","M","?","R","E","R","T","M","?","?","?","?","R","BOSS","M","M","?","$","M","R","M","?","T","M","M","E"],"build_version":"2019-07-05","purchased_purges":0,"victory":false,"max_hp_per_floor":[71,71,71,71,71,71,71,71,71,71,71,71,71,71,71,71,36,36,36,36,41,41,41,41,41,41,41,41,43],"card_choices":[{"not_picked":["animator:TukaLunaMarceau","animator:AcuraTooru"],"picked":"animator:Emonzaemon","floor":0},{"not_picked":["animator:DolaCouronne","animator:ElricEdward"],"picked":"animator:Darkness","floor":0},{"not_picked":["animator:Evileye","animator:Viivi"],"picked":"animator:DolaRiku","floor":0},{"not_picked":["animator:MetalKnight","animator:Viivi"],"picked":"animator:Shalltear","floor":0},{"not_picked":["animator:Guy","animator:Add"],"picked":"animator:Rena","floor":0},{"not_picked":["animator:Genos","animator:PandorasActor"],"picked":"animator:Mikaela","floor":0},{"not_picked":["animator:Aisha","animator:Vesta"],"picked":"animator:Yuuichirou","floor":0},{"not_picked":["animator:Mitsuba","animator:Berserker"],"picked":"animator:Cocytus","floor":0},{"not_picked":["animator:ChaikaBohdan","animator:Raven"],"picked":"animator:DolaRiku","floor":0},{"not_picked":["animator:Priestess","animator:Geryuganshoop"],"picked":"animator:Konayuki","floor":0},{"not_picked":["animator:LizardPriest","animator:GazelDwargon"],"picked":"animator:Scar","floor":0},{"not_picked":["animator:Sloth","animator:ElricEdward"],"picked":"animator:Shinoa","floor":0},{"not_picked":["animator:Illya","animator:MaesHughes"],"picked":"animator:ChlammyZell","floor":0},{"not_picked":["animator:Chung","animator:Vesta"],"picked":"animator:Kazuma","floor":0},{"not_picked":["animator:Sebas","animator:Caster"],"picked":"animator:Emonzaemon","floor":0},{"not_picked":["animator:Vanir","animator:Illya"],"picked":"animator:Shalltear","floor":1},{"not_picked":["animator:Scar","animator:TukaLunaMarceau"],"picked":"animator:Benimaru","floor":2},{"not_picked":["animator:Raven","animator:PandorasActor","animator:Konayuki"],"picked":"SKIP","floor":4},{"not_picked":["animator:Sebas","animator:NarberalGamma"],"picked":"animator:Shalltear","floor":7},{"not_picked":["animator:IzunaHatsuse","animator:LeleiLaLalena"],"picked":"animator:Evileye","floor":10},{"not_picked":["animator:ChaikaTrabant","animator:Sora"],"picked":"animator:Rimuru","floor":16},{"not_picked":["animator:MaesHughes","animator:IzunaHatsuse"],"picked":"animator:Hakurou+1","floor":18},{"not_picked":["animator:Rimuru","animator:Shuna"],"picked":"animator:Hakurou","floor":19},{"not_picked":["animator:Darkness+1","animator:Raven"],"picked":"animator:GuildGirl","floor":22},{"not_picked":["animator:YaoHaDucy+1","animator:Scar+1"],"picked":"animator:Layla","floor":24},{"not_picked":["animator:AcuraTooru","animator:Benimaru"],"picked":"animator:Jibril+1","floor":27},{"not_picked":["animator:Azekura+1","animator:Togame+1"],"picked":"animator:Shichika","floor":28}],"player_experience":444550,"relics_obtained":[{"floor":7,"key":"MawBank"},{"floor":9,"key":"Bag of Marbles"},{"floor":13,"key":"Dodecahedron"},{"floor":26,"key":"Vajra"}],"event_choices":[{"damage_healed":0,"gold_gain":0,"player_choice":"Take Wound","damage_taken":0,"relics_obtained":["Golden Idol"],"max_hp_gain":0,"max_hp_loss":0,"event_name":"Golden Idol","floor":5,"gold_loss":0,"cards_obtained":["Injury"]},{"damage_healed":0,"gold_gain":0,"player_choice":"Ignored","damage_taken":0,"max_hp_gain":0,"max_hp_loss":0,"event_name":"Shining Light","floor":11,"gold_loss":0},{"damage_healed":0,"gold_gain":0,"player_choice":"Upgraded","damage_taken":0,"max_hp_gain":0,"max_hp_loss":0,"event_name":"Upgrade Shrine","floor":14,"gold_loss":0,"cards_upgraded":["animator:Emonzaemon"]},{"damage_healed":0,"gold_gain":99,"player_choice":"Stole From Cult","damage_taken":0,"max_hp_gain":0,"max_hp_loss":0,"event_name":"Nest","floor":20,"gold_loss":0},{"damage_healed":0,"gold_gain":0,"player_choice":"Read","damage_taken":0,"max_hp_gain":0,"max_hp_loss":0,"event_name":"The Library","floor":25,"gold_loss":0,"cards_obtained":["Slimebound:SplitMire"]}],"is_beta":false,"boss_relics":[{"not_picked":["Calling Bell","Runic Dome"],"picked":"animator:CursedBlade"}],"items_purged_floors":[],"is_endless":false,"potions_floor_spawned":[1,4,7,19,27],"killed_by":"Slavers","ascension_level":0}