{"gold_per_floor":[214,164,176,176,187,187,215,231,231,297,310,335,113,131,131,226,226,242,317,22,72,85,85,135,164,189,43,93,68,68,82,82,180,180,190,240,290,340,356,386,436,446,473,473,499,518,518,532,532,532],"floor_reached":51,"playtime":3263,"items_purged":["Strike_B","Strike_B"],"score":1226,"play_id":"0e547f7c-9a99-447d-b7f7-527e223da015","local_time":"20190711141936","is_ascension_mode":true,"campfire_choices":[{"data":"Zap","floor":6.0,"key":"SMITH"},{"floor":15.0,"key":"REST"},{"data":"Consume","floor":23.0,"key":"SMITH"},{"floor":30.0,"key":"REST"},{"data":"Biased Cognition","floor":32.0,"key":"SMITH"},{"data":"Coolheaded","floor":44,"key":"SMITH"},{"data":"Fission","floor":47,"key":"SMITH"},{"data":"Hologram","floor":49,"key":"SMITH"}],"neow_cost":"NONE","seed_source_timestamp":0,"circlet_count":0,"master_deck":["AscendersBane","Strike_B","Defend_B","Defend_B","Defend_B","Zap+1","Dualcast","Consume+1","Self Repair","Biased Cognition+1","Conserve Battery","Coolheaded+1","Ball Lightning","Reboot","Sweeping Beam","Self Repair+1","Double Energy+1","Creative AI","Lockon+1","Master of Strategy","Hologram+1","Fission+1"],"special_seed":0,"relics":["FrozenCore","SsserpentHead","Dodecahedron","Blue Candle","Letter Opener","Regal Pillow","Runic Pyramid","Strawberry","Runic Capacitor","Matryoshka","Art of War","DataDisk","Juzu Bracelet","Lantern","PreservedInsect","Smiling Mask","Centennial Puzzle","Bronze Scales","Happy Flower"],"potions_floor_usage":[50],"damage_taken":[{"damage":0.0,"enemies":"2 Louse","floor":1.0,"turns":2.0},{"damage":7.0,"enemies":"Jaw Worm","floor":3.0,"turns":3.0},{"damage":0.0,"enemies":"Cultist","floor":5.0,"turns":4.0},{"damage":41.0,"enemies":"Lagavulin","floor":7.0,"turns":8.0},{"damage":14.0,"enemies":"Red Slaver","floor":8.0,"turns":3.0},{"damage":7.0,"enemies":"3 Louse","floor":10.0,"turns":3.0},{"damage":4.0,"enemies":"2 Fungi Beasts","floor":11.0,"turns":5.0},{"damage":19.0,"enemies":"Gremlin Nob","floor":12.0,"turns":5.0},{"damage":0.0,"enemies":"Large Slime","floor":14.0,"turns":5.0},{"damage":8.0,"enemies":"The Guardian","floor":16.0,"turns":13.0},{"damage":10.0,"enemies":"Chosen","floor":18.0,"turns":5.0},{"damage":5.0,"enemies":"Shell Parasite","floor":22.0,"turns":5.0},{"damage":44.0,"enemies":"Book of Stabbing","floor":25.0,"turns":6.0},{"damage":20.0,"enemies":"Colosseum Slavers","floor":28.0,"turns":4.0},{"damage":23.0,"enemies":"3 Cultists","floor":31.0,"turns":6.0},{"damage":34.0,"enemies":"Collector","floor":33.0,"turns":11.0},{"damage":0.0,"enemies":"Orb Walker","floor":35.0,"turns":5.0},{"damage":7.0,"enemies":"3 Darklings","floor":39.0,"turns":5.0},{"damage":0.0,"enemies":"Giant Head","floor":40.0,"turns":7.0},{"damage":12,"enemies":"4 Shapes","floor":42,"turns":4},{"damage":0,"enemies":"Nemesis","floor":45,"turns":5},{"damage":4,"enemies":"Jaw Worm Horde","floor":46,"turns":4},{"damage":0,"enemies":"3 Darklings","floor":48,"turns":4},{"damage":18,"enemies":"Donu and Deca","floor":50,"turns":7}],"seed_played":"5323984913520150579","potions_obtained":[{"floor":1.0,"key":"EssenceOfSteel"},{"floor":3.0,"key":"SpeedPotion"},{"floor":11.0,"key":"Weak Potion"},{"floor":12.0,"key":"LiquidBronze"},{"floor":40.0,"key":"EssenceOfSteel"},{"floor":45,"key":"Dexterity Potion"}],"is_trial":false,"path_per_floor":["?","?","M","T","?","?","?","?","?","?","?","?"],"character_chosen":"DEFECT","items_purchased":["Regal Pillow","Runic Capacitor","Lantern"],"campfire_rested":2,"item_purchase_floors":[13,20,27],"current_hp_per_floor":[68,68,61,61,68,68,34,27,27,27,30,18,18,25,62,61,72,69,76,76,76,78,78,62,25,25,25,22,22,63,57,57,40,75,87,87,82,82,87,87,83,83,83,83,83,83,83,83,83,82],"gold":532,"neow_bonus":"HUNDRED_GOLD","is_prod":false,"is_daily":false,"chose_seed":false,"campfire_upgraded":6,"win_rate":0,"timestamp":1562843976,"path_taken":["M","?","M","?","M","R","E","M","T","?","M","E","$","M","R","BOSS","M","?","$","?","M","R","?","E","T","$","?","?","R","M","R","BOSS","M","?","?","?","M","E","?","M","T","R","E","M","R","M","R","BOSS"],"build_version":"2019-01-23","purchased_purges":2,"victory":true,"max_hp_per_floor":[75,75,75,75,75,75,75,75,75,75,75,75,75,75,75,75,75,75,82,82,82,82,82,87,87,87,87,87,87,87,87,87,87,87,87,87,87,87,87,87,83,83,83,83,83,83,83,83,83,83],"card_choices":[{"not_picked":["Gash","Rebound"],"picked":"Consume","floor":1.0},{"not_picked":["Conserve Battery","Hello World"],"picked":"Self Repair","floor":3.0},{"not_picked":["Aggregate","Hologram","Turbo"],"picked":"SKIP","floor":5.0},{"not_picked":["Stack","Hologram"],"picked":"Biased Cognition","floor":7.0},{"not_picked":["Consume","Beam Cell"],"picked":"Conserve Battery","floor":8.0},{"not_picked":["Barrage","Reinforced Body"],"picked":"Cold Snap","floor":10.0},{"not_picked":["Coolheaded","Melter","Stack"],"picked":"SKIP","floor":11.0},{"not_picked":["Beam Cell","Hyperbeam"],"picked":"Coolheaded","floor":12.0},{"not_picked":["Coolheaded","Cold Snap"],"picked":"Ball Lightning","floor":14.0},{"not_picked":["Amplify","Buffer"],"picked":"Reboot","floor":16.0},{"not_picked":["Chill","Stack","Gash"],"picked":"SKIP","floor":18.0},{"not_picked":["Barrage","Machine Learning"],"picked":"Sweeping Beam","floor":22.0},{"not_picked":["Beam Cell","Conserve Battery"],"picked":"Self Repair+1","floor":25.0},{"not_picked":["Beam Cell","Rebound"],"picked":"Double Energy+1","floor":31.0},{"not_picked":["Thunder Strike","Meteor Strike"],"picked":"Creative AI","floor":33.0},{"not_picked":["Beam Cell","Storm"],"picked":"Lockon+1","floor":35.0},{"not_picked":["Transmutation","Madness"],"picked":"Master of Strategy","floor":37.0},{"not_picked":["Go for the Eyes","Lockon"],"picked":"Hologram","floor":39.0},{"not_picked":["FTL","Steam","Sweeping Beam"],"picked":"SKIP","floor":40.0},{"not_picked":["Steam","Creative AI","Compile Driver"],"picked":"SKIP","floor":42},{"not_picked":["Recycle+1","Melter+1"],"picked":"Fission","floor":45},{"not_picked":["Leap+1","Conserve Battery","Rebound+1"],"picked":"SKIP","floor":46},{"not_picked":["Rebound","Gash","Go for the Eyes"],"picked":"SKIP","floor":48}],"player_experience":365388,"relics_obtained":[{"floor":7.0,"key":"Dodecahedron"},{"floor":9.0,"key":"Blue Candle"},{"floor":12.0,"key":"Letter Opener"},{"floor":19.0,"key":"Strawberry"},{"floor":25.0,"key":"Art of War"},{"floor":26.0,"key":"DataDisk"},{"floor":26.0,"key":"Juzu Bracelet"},{"floor":40.0,"key":"Smiling Mask"},{"floor":43,"key":"Centennial Puzzle"},{"floor":43,"key":"Bronze Scales"},{"floor":45,"key":"Happy Flower"}],"event_choices":[{"cards_removed":["Strike_B"],"damage_healed":0.0,"max_hp_gain":0.0,"max_hp_loss":0.0,"gold_gain":0.0,"event_name":"The Cleric","player_choice":"Card Removal","floor":2.0,"gold_loss":50.0,"damage_taken":0.0},{"damage_healed":0.0,"max_hp_gain":0.0,"max_hp_loss":0.0,"gold_gain":0.0,"event_name":"FaceTrader","player_choice":"Trade","floor":4.0,"gold_loss":0.0,"damage_taken":0.0,"relics_obtained":["SsserpentHead"]},{"damage_healed":0.0,"max_hp_gain":0.0,"max_hp_loss":0.0,"gold_gain":0.0,"event_name":"The Mausoleum","player_choice":"Opened","floor":21.0,"gold_loss":0.0,"damage_taken":0.0,"relics_obtained":["Matryoshka"]},{"damage_healed":0.0,"max_hp_gain":5.0,"max_hp_loss":0.0,"gold_gain":0.0,"event_name":"Forgotten Altar","player_choice":"Shed Blood","floor":24.0,"gold_loss":0.0,"damage_taken":21.0},{"damage_healed":0.0,"max_hp_gain":0.0,"max_hp_loss":0.0,"gold_gain":0.0,"event_name":"Colosseum","player_choice":"Fight","floor":28.0,"gold_loss":0.0,"damage_taken":0.0},{"damage_healed":0.0,"max_hp_gain":0.0,"max_hp_loss":0.0,"gold_gain":0.0,"event_name":"Colosseum","player_choice":"Fled From Nobs","floor":28.0,"gold_loss":0.0,"damage_taken":0.0},{"cards_removed":["Defend_B"],"damage_healed":0.0,"max_hp_gain":0.0,"max_hp_loss":0.0,"gold_gain":0.0,"event_name":"Beggar","player_choice":"Gave Gold","floor":29.0,"gold_loss":75.0,"damage_taken":0.0},{"cards_removed":["Cold Snap"],"damage_healed":0.0,"max_hp_gain":0.0,"max_hp_loss":0.0,"gold_gain":0.0,"event_name":"Falling","player_choice":"Removed Attack","floor":36.0,"gold_loss":0.0,"damage_taken":0.0},{"damage_healed":0.0,"max_hp_gain":0.0,"max_hp_loss":0.0,"gold_gain":0.0,"event_name":"SensoryStone","player_choice":"Memory 2","floor":37.0,"gold_loss":0.0,"damage_taken":5.0},{"damage_healed":0.0,"max_hp_gain":0.0,"max_hp_loss":0.0,"gold_gain":0.0,"event_name":"WeMeetAgain","player_choice":"Gave Potion","floor":38.0,"gold_loss":0.0,"damage_taken":0.0,"relics_obtained":["PreservedInsect"]},{"damage_healed":0.0,"max_hp_gain":0.0,"max_hp_loss":4.0,"gold_gain":0.0,"event_name":"Winding Halls","player_choice":"Max HP","floor":41.0,"gold_loss":0.0,"damage_taken":0.0}],"is_beta":false,"boss_relics":[{"not_picked":["Orrery","Busted Crown"],"picked":"Runic Pyramid"},{"not_picked":["Empty Cage","Runic Dome"],"picked":"FrozenCore"}],"items_purged_floors":[13,20],"is_endless":false,"potions_floor_spawned":[1,3,8,11,12,14,28,33,40,45,48],"ascension_level":12}