{"gold_per_floor":[114,129,144,144,159,159,159,174,174,189,204,174],"floor_reached":12,"playtime":481,"items_purged":[],"score":99,"play_id":"6b9b3faa-0848-43c2-8313-32f6aad358e1","local_time":"20190527225526","daily_mods":["Specialized","Green Cards","Binary"],"is_ascension_mode":false,"campfire_choices":[{"data":"construct:AttackMode","floor":6,"key":"SMITH"}],"neow_cost":"","seed_source_timestamp":0,"circlet_count":0,"master_deck":["construct:Strike_Gold","construct:Strike_Gold","construct:Strike_Gold","construct:Strike_Gold","construct:Strike_Gold","construct:Defend_Gold","construct:Defend_Gold","construct:Defend_Gold","construct:Defend_Gold","construct:Defend_Gold","construct:AttackMode+1","construct:DefenseMode","construct:SweepLaser","construct:SweepLaser","construct:SweepLaser","construct:SweepLaser","construct:SweepLaser","construct:Analyze","construct:OneWayMirror","construct:SweepLaser","construct:Anticipate"],"special_seed":18044,"relics":["construct:ClockworkPhoenix","Counterbalance","Iron Hammer"],"potions_floor_usage":[],"damage_taken":[{"damage":15,"enemies":"2 Louse","floor":1,"turns":3},{"damage":13,"enemies":"infinitespire:Voidling","floor":2,"turns":3},{"damage":11,"enemies":"Jaw Worm","floor":3,"turns":2},{"damage":19,"enemies":"Blue Slaver","floor":5,"turns":4},{"damage":5,"enemies":"Looter","floor":8,"turns":3},{"damage":0,"enemies":"Exordium Thugs","floor":10,"turns":3},{"damage":12,"enemies":"Blue Slaver","floor":11,"turns":2},{"damage":10,"enemies":"Looter","floor":12,"turns":2}],"seed_played":"3335311382363075353","potions_obtained":[{"floor":5,"key":"Energy Potion"},{"floor":10,"key":"Venom Potion"}],"is_trial":false,"path_per_floor":["M","M","M","$","M","R","?","M","T","M","M","M"],"character_chosen":"THE_CONSTRUCT_MOD","items_purchased":[],"campfire_rested":0,"item_purchase_floors":[],"current_hp_per_floor":[70,57,46,46,27,27,27,22,22,22,10,0],"gold":174,"neow_bonus":"","is_prod":false,"is_daily":true,"chose_seed":false,"campfire_upgraded":1,"win_rate":0.0,"timestamp":1559012126,"path_taken":["M","M","M","$","M","R","?","M","T","?","M","M"],"build_version":"2019-01-23","purchased_purges":0,"victory":false,"max_hp_per_floor":[85,85,85,85,85,85,85,85,85,85,85,85],"card_choices":[{"not_picked":["construct:Reinforce"],"picked":"construct:Analyze","floor":1},{"not_picked":["construct:SaveState"],"picked":"construct:OneWayMirror","floor":2},{"not_picked":["construct:FlameCore"],"picked":"construct:SweepLaser","floor":3},{"not_picked":["construct:PhosphorStorm","construct:VentSteam"],"picked":"SKIP","floor":5},{"not_picked":["construct:FlammableFog","construct:Autoturret"],"picked":"SKIP","floor":8},{"not_picked":["construct:FocusedBeam","construct:Versatility"],"picked":"SKIP","floor":10},{"not_picked":["construct:Backfire"],"picked":"construct:Anticipate","floor":11}],"player_experience":327127,"relics_obtained":[{"floor":9,"key":"Iron Hammer"}],"event_choices":[{"damage_healed":0,"gold_gain":0,"player_choice":"Gave Potion","damage_taken":0,"relics_obtained":["Counterbalance"],"max_hp_gain":0,"max_hp_loss":0,"event_name":"WeMeetAgain","floor":7,"gold_loss":0}],"is_beta":false,"boss_relics":[],"items_purged_floors":[],"is_endless":false,"potions_floor_spawned":[5,10],"killed_by":"Looter","ascension_level":0}