{"gold_per_floor":[118,118,118,132,57,96,96,117,143,143,159,190,290,313,313,436,436,457,216,141,16,16,57,57,101,125,125,145,60,81,97,97,97],"floor_reached":33,"playtime":2308,"items_purged":["Regret","Strike_R","Strike_R"],"score":382,"play_id":"d3f8640b-8a55-412f-a87e-9f70cf2dd327","local_time":"20190714163914","is_ascension_mode":true,"campfire_choices":[{"data":"Carnage","floor":7.0,"key":"SMITH"},{"floor":10.0,"key":"REST"},{"data":"True Grit","floor":15.0,"key":"SMITH"},{"floor":27,"key":"REST"},{"floor":32,"key":"REST"}],"neow_cost":"NONE","seed_source_timestamp":166749909092770,"circlet_count":0,"master_deck":["Strike_R","Strike_R","Defend_R","Defend_R+1","Defend_R","Defend_R","Bash","Carnage+1","Reckless Charge","Sentinel","Shrug It Off","True Grit+1","Flame Barrier","Offering+1","Reckless Charge","Shockwave","Clothesline+1","Dark Embrace","Havoc+1","Second Wind+1","Battle Trance","Armaments+1","Sentinel","True Grit+1"],"special_seed":0,"relics":["Burning Blood","Regal Pillow","PreservedInsect","Golden Idol","Kunai","Dream Catcher","Bronze Scales","Orrery","Nilry\u0027s Codex","Pear","War Paint","Singing Bowl"],"potions_floor_usage":[25,25,33],"damage_taken":[{"damage":6.0,"enemies":"2 Louse","floor":1.0,"turns":3.0},{"damage":13.0,"enemies":"Small Slimes","floor":4.0,"turns":4.0},{"damage":30.0,"enemies":"Lagavulin","floor":6.0,"turns":4.0},{"damage":0.0,"enemies":"Cultist","floor":8.0,"turns":2.0},{"damage":10.0,"enemies":"Large Slime","floor":11.0,"turns":5.0},{"damage":0.0,"enemies":"Gremlin Nob","floor":12.0,"turns":2.0},{"damage":1.0,"enemies":"2 Fungi Beasts","floor":14.0,"turns":3.0},{"damage":56.0,"enemies":"Hexaghost","floor":16.0,"turns":9.0},{"damage":26.0,"enemies":"2 Thieves","floor":18.0,"turns":4.0},{"damage":37.0,"enemies":"Slavers","floor":23.0,"turns":6.0},{"damage":11,"enemies":"Book of Stabbing","floor":25,"turns":4},{"damage":13,"enemies":"Spheric Guardian","floor":28,"turns":5},{"damage":23,"enemies":"Centurion and Healer","floor":30,"turns":5},{"damage":6,"enemies":"Snake Plant","floor":31,"turns":4},{"damage":152,"enemies":"Automaton","floor":33,"turns":14}],"seed_played":"-8382930719294268259","potions_obtained":[{"floor":4.0,"key":"LiquidBronze"},{"floor":6.0,"key":"Poison Potion"},{"floor":8.0,"key":"BloodPotion"},{"floor":14.0,"key":"Dexterity Potion"},{"floor":25,"key":"Ancient Potion"},{"floor":28,"key":"Ancient Potion"},{"floor":30,"key":"FairyPotion"},{"floor":31,"key":"EssenceOfSteel"}],"is_trial":false,"path_per_floor":["?","?","?","?","?","?","?"],"character_chosen":"IRONCLAD","items_purchased":["Dark Embrace"],"campfire_rested":3,"item_purchase_floors":[19],"current_hp_per_floor":[80,80,60,53,53,29,29,35,35,74,70,76,76,80,80,30,80,60,60,60,60,60,29,13,18,18,60,53,53,38,38,80,0],"gold":97,"neow_bonus":"RANDOM_COMMON_RELIC","is_prod":false,"is_daily":false,"chose_seed":false,"campfire_upgraded":2,"win_rate":0,"timestamp":1563111554,"path_taken":["M","?","?","M","$","E","R","M","T","R","M","E","?","M","R","BOSS","M","$","?","$","?","E","?","E","T","R","M","?","M","M","R","BOSS"],"build_version":"2019-01-23","purchased_purges":3,"victory":false,"max_hp_per_floor":[80,80,80,80,80,80,80,80,80,80,80,80,80,80,80,80,80,80,80,80,80,80,80,80,90,90,90,90,90,92,92,92,92],"card_choices":[{"not_picked":["Twin Strike","Armaments"],"picked":"Carnage","floor":1.0},{"not_picked":["Headbutt","Pummel"],"picked":"Reckless Charge","floor":4.0},{"not_picked":["Searing Blow","Shrug It Off"],"picked":"Sentinel","floor":6.0},{"not_picked":["Headbutt","Clash","Perfected Strike"],"picked":"SKIP","floor":8.0},{"not_picked":["Searing Blow","Rampage"],"picked":"Shrug It Off","floor":10.0},{"not_picked":["Pommel Strike","Intimidate","Burning Pact"],"picked":"SKIP","floor":11.0},{"not_picked":["Thunderclap","Clothesline"],"picked":"True Grit","floor":12.0},{"not_picked":["Iron Wave","Uppercut"],"picked":"Flame Barrier","floor":14.0},{"not_picked":["Limit Break","Brutality"],"picked":"Offering","floor":16.0},{"not_picked":["Intimidate","Uppercut"],"picked":"Reckless Charge","floor":17.0},{"not_picked":["Searing Blow","Clash"],"picked":"Shockwave","floor":17.0},{"not_picked":["Rupture+1","Carnage"],"picked":"Clothesline+1","floor":18.0},{"not_picked":["Warcry","Hemokinesis"],"picked":"Havoc+1","floor":23.0},{"not_picked":["Fire Breathing+1","Entrench"],"picked":"Second Wind+1","floor":25},{"not_picked":["Ghostly Armor","Heavy Blade"],"picked":"Battle Trance","floor":27},{"not_picked":["Perfected Strike","Havoc"],"picked":"Armaments+1","floor":28},{"not_picked":["Thunderclap","Blood for Blood","Clash"],"picked":"Singing Bowl","floor":30},{"not_picked":["Shockwave","Juggernaut"],"picked":"Sentinel","floor":31},{"not_picked":["Thunderclap+1","Evolve"],"picked":"True Grit+1","floor":32}],"player_experience":416952,"relics_obtained":[{"floor":6.0,"key":"Kunai"},{"floor":9.0,"key":"Dream Catcher"},{"floor":12.0,"key":"Bronze Scales"},{"floor":24.0,"key":"Nilry\u0027s Codex"},{"floor":25,"key":"Pear"},{"floor":26,"key":"War Paint"}],"event_choices":[{"damage_healed":0.0,"max_hp_gain":0.0,"max_hp_loss":0.0,"gold_gain":0.0,"event_name":"Big Fish","player_choice":"Box","floor":2.0,"gold_loss":0.0,"damage_taken":0.0,"relics_obtained":["PreservedInsect"],"cards_obtained":["Regret"]},{"damage_healed":0.0,"max_hp_gain":0.0,"max_hp_loss":0.0,"gold_gain":0.0,"event_name":"Golden Idol","player_choice":"Take Damage","floor":3.0,"gold_loss":0.0,"damage_taken":20.0,"relics_obtained":["Golden Idol"]},{"damage_healed":0.0,"max_hp_gain":0.0,"max_hp_loss":0.0,"gold_gain":100.0,"event_name":"Wheel of Change","player_choice":"Gold","floor":13.0,"gold_loss":0.0,"damage_taken":0.0},{"cards_removed":["Strike_R"],"damage_healed":0.0,"max_hp_gain":0.0,"max_hp_loss":0.0,"gold_gain":0.0,"event_name":"Beggar","player_choice":"Gave Gold","floor":20.0,"gold_loss":75.0,"damage_taken":0.0},{"damage_healed":0.0,"max_hp_gain":0.0,"max_hp_loss":0.0,"gold_gain":0.0,"event_name":"Ghosts","player_choice":"Ignored","floor":22.0,"gold_loss":0.0,"damage_taken":0.0},{"damage_healed":0.0,"max_hp_gain":0.0,"max_hp_loss":0.0,"gold_gain":0.0,"event_name":"Cursed Tome","player_choice":"Obtained Book","floor":24.0,"gold_loss":0.0,"damage_taken":16.0},{"damage_healed":0,"gold_gain":0,"player_choice":"Obtained Relic","damage_taken":0,"relics_obtained":["Singing Bowl"],"max_hp_gain":0,"max_hp_loss":0,"event_name":"Addict","floor":29,"gold_loss":85}],"is_beta":false,"boss_relics":[{"not_picked":["Black Blood","Calling Bell"],"picked":"Orrery"}],"items_purged_floors":[5,19,21],"is_endless":false,"potions_floor_spawned":[4,6,8,14,25,28,30,31],"killed_by":"Automaton","ascension_level":4}