{"gold_per_floor":[144,189,39,84,84,84,174,174,199,244,244,289,379,424,424,724,874,919,964,198,198,198,198,243,243,243,288,333,423,23,23,23,323,323,368,1367,216,261,37,37],"floor_reached":40,"playtime":6606,"items_purged":[],"score":491,"play_id":"3ab42d6c-555f-42c8-8d06-6bb1c491ec8d","local_time":"20190706161047","daily_mods":["Draft","Diverse","Midas"],"is_ascension_mode":false,"campfire_choices":[{"floor":6.0,"key":"REST"},{"floor":8.0,"key":"REST"},{"floor":15.0,"key":"REST"},{"floor":25.0,"key":"REST"},{"floor":32.0,"key":"REST"}],"neow_cost":"","seed_source_timestamp":0,"circlet_count":0,"master_deck":["Outmaneuver+1","Dagger Spray","Intimidate","Thunderclap","BootSequence","Warcry","Rampage","Rip and Tear","Cleave","Clothesline","Defragment","Footwork","Ball Lightning","Ball Lightning","Caltrops","Ghostly Armor","Redo+1","Inflame","Dodge and Roll+1","Rage","Cloak And Dagger","Bouncing Flask","Double Tap","Berserk","Armaments","Static Discharge","Streamline+1","Heavy Blade","Cloak And Dagger","Metallicize","Static Discharge","Rage","After Image","Limit Break","Iron Wave+1","Heavy Blade","Inflame","Secret Technique+1","Capacitor","Dodge and Roll+1"],"special_seed":18083,"relics":["Cracked Core","Pen Nib","Blue Candle","War Paint","Art of War","Vajra","Tiny House","Symbiotic Virus","Toy Ornithopter","Tiny Chest","Ornamental Fan","Omamori","Matryoshka","Velvet Choker","WingedGreaves","Toxic Egg 2","HandDrill","Lee\u0027s Waffle"],"potions_floor_usage":[40,40],"damage_taken":[{"damage":0.0,"enemies":"Jaw Worm","floor":1.0,"turns":2.0},{"damage":0.0,"enemies":"Small Slimes","floor":2.0,"turns":2.0},{"damage":0.0,"enemies":"2 Louse","floor":4.0,"turns":2.0},{"damage":6.0,"enemies":"Gremlin Nob","floor":7.0,"turns":3.0},{"damage":0.0,"enemies":"2 Fungi Beasts","floor":10.0,"turns":3.0},{"damage":1.0,"enemies":"Red Slaver","floor":12.0,"turns":3.0},{"damage":2.0,"enemies":"Lagavulin","floor":13.0,"turns":4.0},{"damage":16.0,"enemies":"Large Slime","floor":14.0,"turns":3.0},{"damage":2.0,"enemies":"Slime Boss","floor":16.0,"turns":6.0},{"damage":5.0,"enemies":"2 Thieves","floor":18.0,"turns":3.0},{"damage":14.0,"enemies":"Shell Parasite","floor":19.0,"turns":3.0},{"damage":4.0,"enemies":"Snecko","floor":24.0,"turns":4.0},{"damage":10.0,"enemies":"Snake Plant","floor":27.0,"turns":3.0},{"damage":12.0,"enemies":"Shelled Parasite and Fungi","floor":28.0,"turns":4.0},{"damage":36.0,"enemies":"Book of Stabbing","floor":29.0,"turns":5.0},{"damage":59.0,"enemies":"Collector","floor":33.0,"turns":8.0},{"damage":2,"enemies":"Orb Walker","floor":35,"turns":3},{"damage":23,"enemies":"3 Shapes","floor":38,"turns":3},{"damage":106,"enemies":"Giant Head","floor":40,"turns":8}],"seed_played":"1011076517650017041","potions_obtained":[{"floor":1.0,"key":"Weak Potion"},{"floor":10.0,"key":"Energy Potion"},{"floor":13.0,"key":"Dexterity Potion"},{"floor":17.0,"key":"Fire Potion"},{"floor":18.0,"key":"Strength Potion"},{"floor":33.0,"key":"SkillPotion"}],"is_trial":false,"path_per_floor":["M","M","$","M","?","R","E","R","T","M","?","M","E","M","R","B",null,"M","M","$","?","?","?","M","R","T","M","M","E","$","?","R","B",null,"M","?","$","M","$","E"],"character_chosen":"DEFECT","items_purchased":["Pen Nib","Symbiotic Virus","Toy Ornithopter","Tiny Chest","Heavy Blade","Cloak And Dagger","Metallicize","Block Potion","Matryoshka","SkillPotion","AttackPotion","FearPotion","WingedGreaves","Toxic Egg 2","HandDrill","Heavy Blade","Inflame","Secret Technique+1","FocusPotion","Ancient Potion","Lee\u0027s Waffle","Dodge and Roll+1"],"campfire_rested":5,"item_purchase_floors":[3,20,20,20,20,20,20,20,30,30,30,30,37,37,37,37,37,37,37,37,39,39],"current_hp_per_floor":[75,75,75,75,75,75,69,75,75,75,57,56,54,38,60,58,80,75,61,61,61,61,61,62,80,80,70,58,27,27,27,51,7,80,78,78,78,55,87,0],"gold":37,"neow_bonus":"","is_prod":false,"is_daily":true,"chose_seed":false,"campfire_upgraded":0,"win_rate":1,"timestamp":1562422247,"path_taken":["M","M","$","M","?","R","E","R","T","M","?","M","E","M","R","BOSS","M","M","$","?","?","?","?","R","T","M","M","E","$","?","R","BOSS","M","?","$","M","$","E"],"build_version":"2019-07-05","purchased_purges":0,"victory":false,"max_hp_per_floor":[75,75,75,75,75,75,75,75,75,75,75,75,75,75,75,75,80,80,80,80,80,80,80,80,80,80,80,80,80,80,80,80,80,80,80,80,80,80,87,87],"card_choices":[{"not_picked":["Heatsinks","Acrobatics"],"picked":"Outmaneuver","floor":0.0},{"not_picked":["Reckless Charge","Perfected Strike"],"picked":"Dagger Spray","floor":0.0},{"not_picked":["Reckless Charge","Dual Wield"],"picked":"Intimidate","floor":0.0},{"not_picked":["Compile Driver","Finisher"],"picked":"Thunderclap","floor":0.0},{"not_picked":["Gash","Eviscerate"],"picked":"BootSequence","floor":0.0},{"not_picked":["Masterful Stab","Disarm"],"picked":"Warcry","floor":0.0},{"not_picked":["Dagger Spray","PiercingWail"],"picked":"Rampage","floor":0.0},{"not_picked":["Body Slam","Blade Dance"],"picked":"Rip and Tear","floor":0.0},{"not_picked":["Quick Slash","Feel No Pain"],"picked":"Cleave","floor":0.0},{"not_picked":["Steam","Turbo"],"picked":"Clothesline","floor":0.0},{"not_picked":["Flex","Anger"],"picked":"Defragment","floor":0.0},{"not_picked":["Heavy Blade","Clothesline"],"picked":"Footwork","floor":0.0},{"not_picked":["Disarm","Prepared"],"picked":"Ball Lightning","floor":0.0},{"not_picked":["Sweeping Beam","Cloak And Dagger"],"picked":"Ball Lightning","floor":0.0},{"not_picked":["Prepared","Pummel"],"picked":"Caltrops","floor":0.0},{"not_picked":["Havoc","Hologram"],"picked":"Ghostly Armor","floor":1.0},{"not_picked":["Hologram","Steam Power"],"picked":"Redo","floor":2.0},{"not_picked":["Turbo","Bloodletting"],"picked":"Inflame","floor":4.0},{"not_picked":["Acrobatics","Heatsinks"],"picked":"Dodge and Roll","floor":7.0},{"not_picked":["Caltrops","Expertise"],"picked":"Rage","floor":10.0},{"not_picked":["Blizzard","Heatsinks"],"picked":"Cloak And Dagger","floor":12.0},{"not_picked":["Underhanded Strike","Seeing Red"],"picked":"Bouncing Flask","floor":13.0},{"not_picked":["Quick Slash","Distraction"],"picked":"Double Tap","floor":14.0},{"not_picked":["All For One","Malaise"],"picked":"Berserk","floor":16.0},{"not_picked":["Bane","Gash"],"picked":"Armaments","floor":17.0},{"not_picked":["Rebound","Disarm"],"picked":"Static Discharge","floor":18.0},{"not_picked":["Blood for Blood","Flex+1"],"picked":"Streamline+1","floor":19.0},{"not_picked":["Infernal Blade","Dagger Spray","Intimidate"],"picked":"SKIP","floor":24.0},{"not_picked":["Dodge and Roll","Wild Strike"],"picked":"Rage","floor":27.0},{"not_picked":["Steam","Cleave"],"picked":"Sunder","floor":28.0},{"not_picked":["Streamline","Chill"],"picked":"After Image","floor":29.0},{"not_picked":["Multi-Cast","Corpse Explosion"],"picked":"Limit Break","floor":33.0},{"not_picked":["Blade Dance+1","Skim+1"],"picked":"Iron Wave+1","floor":35},{"not_picked":["Rebound+1","Hologram+1"],"picked":"Capacitor","floor":38}],"player_experience":31602,"relics_obtained":[{"floor":7.0,"key":"Blue Candle"},{"floor":9.0,"key":"War Paint"},{"floor":13.0,"key":"Vajra"},{"floor":26.0,"key":"Ornamental Fan"},{"floor":29.0,"key":"Omamori"}],"event_choices":[{"damage_healed":0.0,"max_hp_gain":0.0,"max_hp_loss":0.0,"gold_gain":0.0,"event_name":"Liars Game","player_choice":"Ignored","floor":5.0,"gold_loss":0.0,"damage_taken":0.0},{"damage_healed":0.0,"max_hp_gain":0.0,"max_hp_loss":0.0,"gold_gain":0.0,"event_name":"Scrap Ooze","player_choice":"Success","floor":11.0,"gold_loss":0.0,"damage_taken":18.0,"relics_obtained":["Art of War"]},{"damage_healed":0.0,"max_hp_gain":0.0,"max_hp_loss":0.0,"gold_gain":0.0,"event_name":"The Library","player_choice":"Read","floor":21.0,"gold_loss":0.0,"damage_taken":0.0,"cards_obtained":["Static Discharge"]},{"damage_healed":0.0,"max_hp_gain":0.0,"max_hp_loss":0.0,"gold_gain":0.0,"event_name":"Beggar","player_choice":"Ignored","floor":22.0,"gold_loss":0.0,"damage_taken":0.0},{"damage_healed":0.0,"max_hp_gain":0.0,"max_hp_loss":0.0,"gold_gain":0.0,"event_name":"Purifier","player_choice":"Ignored","floor":23.0,"gold_loss":0.0,"damage_taken":0.0},{"cards_removed":["Sunder"],"damage_healed":0.0,"max_hp_gain":0.0,"max_hp_loss":0.0,"gold_gain":0.0,"event_name":"Back to Basics","player_choice":"Elegance","floor":31.0,"gold_loss":0.0,"damage_taken":0.0},{"damage_healed":0,"gold_gain":999,"player_choice":"Gold","damage_taken":0,"max_hp_gain":0,"max_hp_loss":0,"event_name":"MindBloom","floor":36,"gold_loss":0,"cards_obtained":["Normality","Normality"]}],"is_beta":false,"boss_relics":[{"not_picked":["Astrolabe","Coffee Dripper"],"picked":"Tiny House"},{"not_picked":["Runic Dome","Black Star"],"picked":"Velvet Choker"}],"items_purged_floors":[],"is_endless":false,"potions_floor_spawned":[1,10,13,18,33],"killed_by":"Giant Head","ascension_level":0}