{"gold_per_floor":[116,116,137,312,327,327,367,367,394,394,412,427,468,482,482,612,612,633,672,597,512,281,281,281,305,374,374,374,397,397,409,409,504,504,520,137,157,379,428,428,458,458,458,458,0,14,49,65,65,65],"floor_reached":50,"playtime":3827,"items_purged":["Shame","Decay"],"score":558,"play_id":"8258ca87-4954-490b-9283-6e8a28c86149","local_time":"20190630034756","is_ascension_mode":false,"campfire_choices":[{"data":"Survivor","floor":6,"key":"SMITH"},{"floor":8,"key":"REST"},{"data":"Noxious Fumes","floor":10,"key":"SMITH"},{"floor":15,"key":"REST"},{"data":"Envenom","floor":23,"key":"SMITH"},{"data":"Bouncing Flask","floor":27,"key":"SMITH"},{"data":"Backflip","floor":32,"key":"SMITH"},{"floor":40,"key":"REST"},{"data":"Burst","floor":42,"key":"SMITH"},{"floor":44,"key":"REST"},{"floor":49,"key":"REST"}],"neow_cost":"NONE","seed_source_timestamp":46635135151764,"circlet_count":0,"master_deck":["Defend_G+1","Defend_G+1","Defend_G+1","Defend_G+1","Defend_G+1","Strike_G+1","Strike_G+1","Strike_G+1","Strike_G+1","Strike_G+1","Survivor+1","Neutralize+1","PiercingWail","Dagger Throw","Noxious Fumes+1","Leg Sweep","Flying Knee","Footwork","Escape Plan","Infinite Blades","Backflip+1","Envenom+1","Deadly Poison+1","Dagger Spray+1","Bouncing Flask+1","Poisoned Stab","Burst+1","Bouncing Flask+1","Backstab+1","Parasite","Infinite Blades+1","PiercingWail+1"],"relics":["Ring of the Snake","Bloody Idol","Bronze Scales","Dream Catcher","Potion Belt","Cursed Key","Red Mask","Blue Candle","Lee\u0027s Waffle","MutagenicStrength","Meat on the Bone","Busted Crown","Calipers","Tough Bandages","Ancient Tea Set","Paper Crane","Toolbox","Whetstone","Torii"],"potions_floor_usage":[12,16,19,19,29,33,39,50,50,50],"damage_taken":[{"damage":0,"enemies":"Small Slimes","floor":1,"turns":4},{"damage":0,"enemies":"Jaw Worm","floor":3,"turns":6},{"damage":0,"enemies":"2 Louse","floor":5,"turns":2},{"damage":27,"enemies":"3 Sentries","floor":7,"turns":9},{"damage":0,"enemies":"Blue Slaver","floor":11,"turns":4},{"damage":3,"enemies":"2 Fungi Beasts","floor":12,"turns":5},{"damage":15,"enemies":"Gremlin Nob","floor":13,"turns":5},{"damage":6,"enemies":"Exordium Wildlife","floor":14,"turns":5},{"damage":26,"enemies":"Slime Boss","floor":16,"turns":11},{"damage":20,"enemies":"Chosen","floor":18,"turns":6},{"damage":33,"enemies":"Masked Bandits","floor":19,"turns":6},{"damage":3,"enemies":"Shell Parasite","floor":25,"turns":5},{"damage":13,"enemies":"Centurion and Healer","floor":29,"turns":5},{"damage":0,"enemies":"3 Cultists","floor":31,"turns":5},{"damage":18,"enemies":"Champ","floor":33,"turns":11},{"damage":4,"enemies":"Orb Walker","floor":35,"turns":4},{"damage":23,"enemies":"3 Shapes","floor":37,"turns":5},{"damage":36,"enemies":"2 Orb Walkers","floor":39,"turns":5},{"damage":31,"enemies":"Giant Head","floor":41,"turns":8},{"damage":3,"enemies":"Writhing Mass","floor":46,"turns":5},{"damage":40,"enemies":"Reptomancer","floor":47,"turns":8},{"damage":22,"enemies":"Jaw Worm Horde","floor":48,"turns":4},{"damage":72,"enemies":"Time Eater","floor":50,"turns":12}],"seed_played":"-1803078978789772711","potions_obtained":[{"floor":5,"key":"Weak Potion"},{"floor":11,"key":"Fruit Juice"},{"floor":12,"key":"SpeedPotion"},{"floor":14,"key":"Swift Potion"},{"floor":16,"key":"Strength Potion"},{"floor":19,"key":"PowerPotion"},{"floor":33,"key":"Strength Potion"},{"floor":35,"key":"SkillPotion"},{"floor":37,"key":"Fire Potion"},{"floor":46,"key":"SteroidPotion"}],"is_trial":false,"path_per_floor":["M","?","M","?","M","R","E","R","T","R","M","M","E","M","R","B",null,"M","?","?","?","$","R","?","M","T","R","?","M","?","M","R","B",null,"M","$","M","?","?","R","E","R","T","R","$","M","E","M","R","B"],"character_chosen":"THE_SILENT","items_purchased":["Lee\u0027s Waffle","Bouncing Flask","Calipers","Toolbox","Whetstone"],"campfire_rested":5,"item_purchase_floors":[22,22,36,45,45],"current_hp_per_floor":[77,58,58,58,58,58,31,54,54,54,54,56,41,35,59,33,82,62,29,29,29,89,89,89,86,86,86,86,73,73,78,78,65,89,89,89,71,76,57,83,57,57,57,83,83,85,50,45,71,0],"gold":65,"neow_bonus":"TEN_PERCENT_HP_BONUS","is_prod":false,"is_daily":false,"chose_seed":false,"campfire_upgraded":6,"win_rate":0.0,"timestamp":1561859276,"path_taken":["M","?","M","?","M","R","E","R","T","R","M","M","E","M","R","BOSS","M","?","?","?","?","R","?","?","T","R","?","M","?","M","R","BOSS","M","$","M","?","?","R","E","R","T","R","$","M","E","M","R","BOSS"],"build_version":"2019-01-23","purchased_purges":2,"victory":false,"max_hp_per_floor":[77,77,77,77,77,77,77,77,77,77,77,82,82,82,82,82,82,82,82,82,82,89,89,89,89,89,89,89,89,89,89,89,89,89,89,89,89,89,89,89,89,89,89,89,89,89,89,89,89,89],"card_choices":[{"not_picked":["Riddle With Holes","Reflex"],"picked":"PiercingWail","floor":1},{"not_picked":["PiercingWail","Prepared"],"picked":"Dagger Throw","floor":3},{"not_picked":["Slice","Dodge and Roll"],"picked":"Noxious Fumes","floor":5},{"not_picked":["Outmaneuver","Phantasmal Killer"],"picked":"Leg Sweep","floor":7},{"not_picked":["Deadly Poison","Dagger Throw"],"picked":"Flying Knee","floor":11},{"not_picked":["Crippling Poison","Expertise"],"picked":"Footwork","floor":12},{"not_picked":["Underhanded Strike","Blade Dance"],"picked":"Escape Plan","floor":13},{"not_picked":["Calculated Gamble","Underhanded Strike"],"picked":"Infinite Blades","floor":14},{"not_picked":["Blade Dance","Expertise"],"picked":"Backflip","floor":15},{"not_picked":["Malaise","Doppelganger"],"picked":"Envenom","floor":16},{"not_picked":["Blade Dance+1","Sucker Punch"],"picked":"Deadly Poison+1","floor":18},{"not_picked":["Footwork","Acrobatics+1"],"picked":"Dagger Spray+1","floor":19},{"not_picked":["Outmaneuver","Escape Plan"],"picked":"Poisoned Stab","floor":25},{"not_picked":["Sucker Punch","Noxious Fumes","Blur"],"picked":"SKIP","floor":29},{"not_picked":["Wraith Form v2","Outmaneuver","Well Laid Plans"],"picked":"SKIP","floor":31},{"not_picked":["Tools of the Trade","Bullet Time"],"picked":"Burst","floor":33},{"not_picked":["Sucker Punch"],"picked":"SKIP","floor":35},{"not_picked":["Dodge and Roll"],"picked":"SKIP","floor":37},{"not_picked":[],"picked":"Bouncing Flask+1","floor":41},{"not_picked":[],"picked":"Backstab","floor":44},{"not_picked":["Blur"],"picked":"SKIP","floor":46},{"not_picked":[],"picked":"Infinite Blades+1","floor":47},{"not_picked":[],"picked":"PiercingWail+1","floor":48}],"player_experience":38974,"relics_obtained":[{"floor":7,"key":"Bronze Scales"},{"floor":9,"key":"Dream Catcher"},{"floor":13,"key":"Potion Belt"},{"floor":19,"key":"Red Mask"},{"floor":26,"key":"Meat on the Bone"},{"floor":39,"key":"Tough Bandages"},{"floor":41,"key":"Ancient Tea Set"},{"floor":43,"key":"Paper Crane"},{"floor":47,"key":"Torii"}],"event_choices":[{"damage_healed":0,"gold_gain":0,"player_choice":"Take Damage","damage_taken":19,"relics_obtained":["Golden Idol"],"max_hp_gain":0,"max_hp_loss":0,"event_name":"Golden Idol","floor":2,"gold_loss":0},{"damage_healed":0,"gold_gain":175,"player_choice":"AGREE","damage_taken":0,"max_hp_gain":0,"max_hp_loss":0,"event_name":"Liars Game","floor":4,"gold_loss":0,"cards_obtained":["Doubt"]},{"damage_healed":0,"gold_gain":0,"player_choice":"Fought Bandits","damage_taken":0,"max_hp_gain":0,"max_hp_loss":0,"event_name":"Masked Bandits","floor":19,"gold_loss":0},{"cards_removed":["Doubt"],"damage_healed":0,"gold_gain":0,"player_choice":"Gave Gold","damage_taken":0,"max_hp_gain":0,"max_hp_loss":0,"event_name":"Beggar","floor":20,"gold_loss":75},{"damage_healed":0,"gold_gain":0,"player_choice":"Obtained Relic","damage_taken":0,"relics_obtained":["Blue Candle"],"max_hp_gain":0,"max_hp_loss":0,"event_name":"Addict","floor":21,"gold_loss":85},{"damage_healed":0,"gold_gain":0,"player_choice":"Inject Mutagens","damage_taken":0,"relics_obtained":["MutagenicStrength"],"max_hp_gain":0,"max_hp_loss":0,"event_name":"Drug Dealer","floor":24,"gold_loss":0},{"damage_healed":0,"gold_gain":0,"player_choice":"Simplicity","damage_taken":0,"max_hp_gain":0,"max_hp_loss":0,"event_name":"Back to Basics","floor":28,"gold_loss":0,"cards_upgraded":["Defend_G","Defend_G","Defend_G","Defend_G","Defend_G","Strike_G","Strike_G","Strike_G","Strike_G","Strike_G"]},{"damage_healed":0,"gold_gain":0,"player_choice":"Gave Idol","damage_taken":0,"relics_obtained":["Bloody Idol"],"max_hp_gain":0,"max_hp_loss":0,"event_name":"Forgotten Altar","floor":30,"relics_lost":["Golden Idol"],"gold_loss":0},{"damage_healed":0,"gold_gain":222,"player_choice":"Wore Mask","damage_taken":0,"max_hp_gain":0,"max_hp_loss":0,"event_name":"Tomb of Lord Red Mask","floor":38,"gold_loss":0},{"damage_healed":0,"gold_gain":0,"player_choice":"Fight","damage_taken":0,"max_hp_gain":0,"max_hp_loss":0,"event_name":"Mysterious Sphere","floor":39,"gold_loss":0}],"is_beta":false,"boss_relics":[{"not_picked":["Astrolabe","White Beast Statue"],"picked":"Cursed Key"},{"not_picked":["Eternal Feather","Snecko Eye"],"picked":"Busted Crown"}],"items_purged_floors":[36,45],"is_endless":false,"potions_floor_spawned":[5,11,12,14,16,19,33,35,37,46],"killed_by":"Time Eater","ascension_level":0}