{"gold_per_floor":[114,129,144,159,76,106,106,136,186,216,391,391,391,491,491,591,641,656,636,651,31,46,76,76,106,181,181,211,226,241,48,48,148,148,163,178,193,93,0,0,30,30,80,110,110,125,140,170,170,170],"floor_reached":51,"playtime":3105,"items_purged":["Perfected Strike","Dual Wield"],"score":1088,"play_id":"a462d071-99c2-4350-89e7-9981d7dcf933","local_time":"20190507222942","daily_mods":["Insanity","Uncertain Future","Elite Swarm"],"is_ascension_mode":false,"campfire_choices":[{"data":"Exhume","floor":7,"key":"SMITH"},{"data":"Seeing Red","floor":12,"key":"SMITH"},{"data":"Armaments","floor":15,"key":"SMITH"},{"data":"Mind Blast","floor":24,"key":"SMITH"},{"data":"Mind Blast","floor":27,"key":"SMITH"},{"data":"Apotheosis","floor":32,"key":"SMITH"},{"floor":40,"key":"DIG"},{"floor":42,"key":"DIG"},{"floor":49,"key":"DIG"}],"neow_cost":"","seed_source_timestamp":0,"circlet_count":0,"master_deck":["Cleave","Evolve","Pommel Strike","Ghostly Armor","Warcry+1","Seeing Red+1","Wild Strike+1","Blood for Blood+1","Flex","Armaments+1","Iron Wave","Shockwave","Anger","Clash","Armaments+1","Sword Boomerang","Blood for Blood","Body Slam","Iron Wave","Body Slam","Twin Strike","Inflame","True Grit","Havoc","Flex","Flame Barrier","Rupture","Sword Boomerang","Cleave","Warcry","Whirlwind","Iron Wave","Searing Blow","Bloodletting","Headbutt","Reckless Charge","Battle Trance","Body Slam","Rage","Battle Trance","Inflame","Hemokinesis","Second Wind","Iron Wave","Armaments","Armaments+1","Sword Boomerang","Armaments","Thunderclap","Offering","Mind Blast+1","Exhume+1","Limit Break","Demon Form+1","Doubt","Juggernaut+1","Burning Pact","Warcry","Warcry","Mind Blast+1","Fire Breathing+1","Brutality+1","Reaper","Feed","Armaments+1","Apotheosis+1","Reaper","Exhume","Armaments+1","Barricade+1","Bloodletting+1","Berserk+1"],"special_seed":18024,"relics":["Burning Blood","War Paint","Frozen Egg 2","Vajra","Orichalcum","Tiny House","ClockworkSouvenir","Ornamental Fan","Anchor","Darkstone Periapt","Self Forming Clay","Shovel","Eternal Feather","Red Mask","Strawberry","Charon\u0027s Ashes","Calipers","Whetstone","Centennial Puzzle","Bottled Flame","Happy Flower"],"potions_floor_usage":[8,10,16,16,20,25,25,25,28,33,41,47,47,47,50],"damage_taken":[{"damage":14,"enemies":"Jaw Worm","floor":1,"turns":5},{"damage":0,"enemies":"Small Slimes","floor":2,"turns":2},{"damage":9,"enemies":"Cultist","floor":3,"turns":3},{"damage":7,"enemies":"Lots of Slimes","floor":4,"turns":4},{"damage":13,"enemies":"3 Sentries","floor":6,"turns":3},{"damage":0,"enemies":"Lagavulin","floor":8,"turns":2},{"damage":0,"enemies":"3 Sentries","floor":10,"turns":4},{"damage":17,"enemies":"Slime Boss","floor":16,"turns":5},{"damage":5,"enemies":"2 Thieves","floor":18,"turns":2},{"damage":0,"enemies":"3 Byrds","floor":20,"turns":3},{"damage":18,"enemies":"Centurion and Healer","floor":22,"turns":5},{"damage":33,"enemies":"Gremlin Leader","floor":23,"turns":2},{"damage":3,"enemies":"Slavers","floor":25,"turns":3},{"damage":20,"enemies":"Gremlin Leader","floor":28,"turns":2},{"damage":0,"enemies":"Snake Plant","floor":29,"turns":1},{"damage":8,"enemies":"Cultist and Chosen","floor":30,"turns":3},{"damage":39,"enemies":"Automaton","floor":33,"turns":5},{"damage":0,"enemies":"Orb Walker","floor":35,"turns":1},{"damage":12,"enemies":"3 Shapes","floor":36,"turns":3},{"damage":2,"enemies":"Spire Growth","floor":37,"turns":3},{"damage":7,"enemies":"Reptomancer","floor":41,"turns":2},{"damage":2,"enemies":"Nemesis","floor":44,"turns":3},{"damage":1,"enemies":"Sphere and 2 Shapes","floor":46,"turns":2},{"damage":22,"enemies":"Transient","floor":47,"turns":5},{"damage":1,"enemies":"Reptomancer","floor":48,"turns":2},{"damage":61,"enemies":"Awakened One","floor":50,"turns":7}],"seed_played":"-4311989270380069136","potions_obtained":[{"floor":2,"key":"BloodPotion"},{"floor":4,"key":"EssenceOfSteel"},{"floor":6,"key":"FearPotion"},{"floor":8,"key":"BloodPotion"},{"floor":10,"key":"FearPotion"},{"floor":17,"key":"Energy Potion"},{"floor":20,"key":"SteroidPotion"},{"floor":23,"key":"FearPotion"},{"floor":25,"key":"Energy Potion"},{"floor":28,"key":"Explosive Potion"},{"floor":36,"key":"Fire Potion"},{"floor":37,"key":"Swift Potion"},{"floor":41,"key":"FearPotion"},{"floor":46,"key":"GamblersBrew"},{"floor":48,"key":"Swift Potion"}],"is_trial":false,"path_per_floor":["M","M","M","M","$","E","R","E","T","E","?","R","?","?","R","B",null,"M","?","M","$","M","E","R","E","T","R","E","M","M","$","R","B",null,"M","M","M","$","?","R","E","R","T","E","?","M","M","E","R","B",null],"character_chosen":"IRONCLAD","items_purchased":["Mind Blast","Mind Blast","ClockworkSouvenir","Ornamental Fan","Apotheosis"],"campfire_rested":0,"item_purchase_floors":[5,21,21,21,31],"current_hp_per_floor":[72,78,75,74,74,67,67,73,73,79,79,79,79,79,79,76,85,85,85,85,85,73,46,46,57,57,57,43,49,47,47,47,31,85,85,85,85,85,85,92,91,92,92,92,83,88,92,92,92,58],"gold":170,"neow_bonus":"","is_prod":false,"is_daily":true,"chose_seed":false,"campfire_upgraded":6,"win_rate":0.0,"timestamp":1557282582,"path_taken":["M","M","M","M","$","E","R","E","T","E","?","R","?","?","R","BOSS","M","?","M","$","M","E","R","E","T","R","E","M","?","?","R","BOSS","M","M","M","$","?","R","E","R","T","E","?","M","?","E","R","BOSS"],"build_version":"2019-01-23","purchased_purges":2,"victory":true,"max_hp_per_floor":[80,80,80,80,80,80,80,80,80,80,80,80,80,80,80,80,85,85,85,85,85,85,85,85,85,85,85,85,85,85,85,85,85,85,85,85,85,85,85,92,92,92,92,92,92,92,92,92,92,96],"card_choices":[{"not_picked":["Clothesline","Perfected Strike"],"picked":"Armaments","floor":1},{"not_picked":["Warcry","Corruption","Shrug It Off"],"picked":"SKIP","floor":2},{"not_picked":["Whirlwind","Evolve"],"picked":"Thunderclap","floor":3},{"not_picked":["Cleave","Combust"],"picked":"Offering","floor":4},{"not_picked":["Fiend Fire","Offering"],"picked":"Exhume","floor":6},{"not_picked":["Bludgeon","Barricade"],"picked":"Limit Break","floor":8},{"not_picked":["Dark Embrace+1","Offering"],"picked":"Demon Form+1","floor":10},{"not_picked":["Barricade+1","Bludgeon"],"picked":"Juggernaut+1","floor":16},{"not_picked":["Spot Weakness","Dual Wield"],"picked":"Burning Pact","floor":17},{"not_picked":["Twin Strike+1","Thunderclap"],"picked":"Warcry","floor":18},{"not_picked":["Disarm","True Grit"],"picked":"Warcry","floor":20},{"not_picked":["Heavy Blade","Anger"],"picked":"Fire Breathing+1","floor":22},{"not_picked":["Double Tap","Dark Embrace+1"],"picked":"Brutality+1","floor":23},{"not_picked":["Bludgeon","Demon Form+1"],"picked":"Reaper","floor":25},{"not_picked":["Offering","Brutality+1"],"picked":"Feed","floor":28},{"not_picked":["Clothesline","Dropkick"],"picked":"Armaments+1","floor":29},{"not_picked":["Clash","Reckless Charge","Anger"],"picked":"SKIP","floor":30},{"not_picked":["Double Tap","Offering"],"picked":"Reaper","floor":33},{"not_picked":["Perfected Strike","Heavy Blade","Flex"],"picked":"SKIP","floor":35},{"not_picked":["Shrug It Off","Corruption+1"],"picked":"Exhume","floor":36},{"not_picked":["Anger+1","Disarm+1"],"picked":"Armaments+1","floor":37},{"not_picked":["Fiend Fire","Immolate","Offering"],"picked":"SKIP","floor":41},{"not_picked":["Impervious","Bludgeon"],"picked":"Barricade+1","floor":44},{"not_picked":["Clash+1","Wild Strike+1","Armaments"],"picked":"SKIP","floor":46},{"not_picked":["Carnage+1","True Grit+1"],"picked":"Bloodletting+1","floor":47},{"not_picked":["Reaper","Immolate"],"picked":"Berserk+1","floor":48}],"player_experience":69316,"relics_obtained":[{"floor":6,"key":"War Paint"},{"floor":8,"key":"Frozen Egg 2"},{"floor":9,"key":"Vajra"},{"floor":10,"key":"Orichalcum"},{"floor":23,"key":"Anchor"},{"floor":25,"key":"Darkstone Periapt"},{"floor":26,"key":"Self Forming Clay"},{"floor":28,"key":"Shovel"},{"floor":40,"key":"Strawberry"},{"floor":41,"key":"Charon\u0027s Ashes"},{"floor":42,"key":"Calipers"},{"floor":43,"key":"Whetstone"},{"floor":44,"key":"Centennial Puzzle"},{"floor":48,"key":"Bottled Flame"},{"floor":49,"key":"Happy Flower"}],"event_choices":[{"damage_healed":0,"gold_gain":175,"player_choice":"AGREE","damage_taken":0,"max_hp_gain":0,"max_hp_loss":0,"event_name":"Liars Game","floor":11,"gold_loss":0,"cards_obtained":["Doubt"]},{"cards_removed":["Perfected Strike"],"damage_healed":0,"gold_gain":0,"player_choice":"Forget","damage_taken":0,"max_hp_gain":0,"max_hp_loss":0,"event_name":"Living Wall","floor":13,"gold_loss":0},{"damage_healed":0,"gold_gain":100,"player_choice":"Pray","damage_taken":0,"max_hp_gain":0,"max_hp_loss":0,"event_name":"Golden Shrine","floor":14,"gold_loss":0},{"damage_healed":0,"gold_gain":0,"player_choice":"Bought 1 Potion","damage_taken":0,"max_hp_gain":0,"max_hp_loss":0,"event_name":"The Woman in Blue","floor":19,"gold_loss":0},{"damage_healed":0,"gold_gain":0,"player_choice":"Paid","damage_taken":0,"relics_obtained":["Red Mask"],"max_hp_gain":0,"max_hp_loss":0,"event_name":"Tomb of Lord Red Mask","floor":39,"gold_loss":93},{"damage_healed":0,"gold_gain":0,"player_choice":"Damaged","damage_taken":9,"max_hp_gain":0,"max_hp_loss":0,"event_name":"Wheel of Change","floor":45,"gold_loss":0}],"is_beta":false,"boss_relics":[{"not_picked":["Lizard Tail","Sozu"],"picked":"Tiny House"},{"not_picked":["Cursed Key","Snecko Eye"],"picked":"Eternal Feather"}],"items_purged_floors":[21,38],"is_endless":false,"potions_floor_spawned":[2,4,6,8,10,20,23,25,28,36,37,41,46,48],"ascension_level":0}