{"gold_per_floor":[114,114,129,247,247,277,309,324,349,349,364,364,364,379,379,379],"floor_reached":16,"playtime":862,"items_purged":[],"score":102,"play_id":"05514736-2406-4bd3-b32c-8fd312655ed6","local_time":"20190515184253","daily_mods":["Cursed Run","Blue Cards","Terminal"],"is_ascension_mode":false,"campfire_choices":[{"data":"construct:GuardCore","floor":12,"key":"SMITH"},{"data":"construct:FierceBash","floor":15,"key":"SMITH"}],"neow_cost":"","seed_source_timestamp":2996278159387974,"circlet_count":0,"master_deck":["construct:Strike_Gold","construct:Strike_Gold","construct:Strike_Gold","construct:Strike_Gold","construct:Strike_Gold","construct:Defend_Gold","construct:Defend_Gold","construct:Defend_Gold","construct:Defend_Gold","construct:Defend_Gold","construct:AttackMode","construct:DefenseMode","construct:FierceBash+1","construct:Analyze","construct:Boost","construct:GuardCore+1","Injury","construct:Enhance","infinitespire:Pacifist"],"special_seed":18031,"relics":["Cursed Key","Darkstone Periapt","Du-Vu Doll","Dream Catcher","hubris:ClockworkCow","hubris:TenFootPole","PreservedInsect"],"potions_floor_usage":[6,11,14],"damage_taken":[{"damage":2,"enemies":"Jaw Worm","floor":1,"turns":3},{"damage":2,"enemies":"Small Slimes","floor":3,"turns":2},{"damage":1,"enemies":"2 Louse","floor":4,"turns":2},{"damage":22,"enemies":"3 Sentries","floor":6,"turns":6},{"damage":0,"enemies":"Red Slaver","floor":7,"turns":4},{"damage":1,"enemies":"Red Slaver","floor":8,"turns":3},{"damage":0,"enemies":"2 Fungi Beasts","floor":11,"turns":3},{"damage":0,"enemies":"Gremlin Gang","floor":14,"turns":3},{"damage":69,"enemies":"Hexaghost","floor":16,"turns":11}],"seed_played":"-1876816699338199353","potions_obtained":[{"floor":3,"key":"Regen Potion"},{"floor":8,"key":"AttackPotion"},{"floor":11,"key":"AttackPotion"}],"is_trial":false,"path_per_floor":["M","?","M","M","?","E","MIM","M","T","$","M","R","$","M","R","B"],"character_chosen":"THE_CONSTRUCT_MOD","items_purchased":[],"campfire_rested":0,"item_purchase_floors":[],"current_hp_per_floor":[82,64,62,61,61,53,59,58,64,64,64,64,64,64,64,0],"gold":379,"neow_bonus":"","is_prod":false,"is_daily":true,"chose_seed":false,"campfire_upgraded":2,"win_rate":0.0,"timestamp":1557960173,"path_taken":["M","?","M","M","?","E","?","M","T","$","M","R","$","M","R","BOSS"],"build_version":"2019-01-23","purchased_purges":0,"victory":false,"max_hp_per_floor":[83,82,81,80,79,78,83,82,87,86,85,84,83,82,81,81],"card_choices":[{"not_picked":["construct:SweepLaser","construct:ModeShift"],"picked":"construct:FierceBash","floor":1},{"not_picked":["construct:HeavyBolt","construct:Forcefield"],"picked":"construct:Analyze","floor":3},{"not_picked":["construct:Autoturret","construct:ShiftGuard"],"picked":"construct:Boost","floor":4},{"not_picked":["construct:Analyze","construct:ShiftGuard"],"picked":"construct:GuardCore","floor":6},{"not_picked":["construct:Anticipate","construct:Backfire"],"picked":"construct:Enhance","floor":7},{"not_picked":["construct:Autoturret","construct:ShieldGenerator","construct:Disrupt"],"picked":"SKIP","floor":8},{"not_picked":["construct:Forcefield","construct:Chainstrike","construct:PowerUp"],"picked":"SKIP","floor":11},{"not_picked":["construct:Autoturret","construct:ModeShift","construct:ScrapCannon"],"picked":"SKIP","floor":14}],"player_experience":170481,"relics_obtained":[{"floor":6,"key":"hubris:ClockworkCow"},{"floor":7,"key":"hubris:TenFootPole"},{"floor":9,"key":"PreservedInsect"}],"event_choices":[{"damage_healed":0,"gold_gain":0,"player_choice":"Success","damage_taken":18,"relics_obtained":["Dream Catcher"],"max_hp_gain":0,"max_hp_loss":0,"event_name":"Scrap Ooze","floor":2,"gold_loss":0},{"damage_healed":0,"gold_gain":0,"player_choice":"Ignored","damage_taken":0,"max_hp_gain":0,"max_hp_loss":0,"event_name":"Liars Game","floor":5,"gold_loss":0}],"is_beta":false,"boss_relics":[],"items_purged_floors":[],"is_endless":false,"potions_floor_spawned":[3,8,11],"killed_by":"Hexaghost","ascension_level":0}