{"gold_per_floor":[117,117,55,55,69,69,101,120,120,130,140,140,159,173,173,274,274,294,204,217,233,302,302,155,171,171,171,196,250,260,272,272,375,375,392,119,119,219,219,219,236,236,236,255,303,314,341,53,53,53,53,53,30,56,56],"floor_reached":56,"playtime":4046,"items_purged":["Strike_G","Blade Dance"],"score":1581,"play_id":"c7e83b19-bd51-4358-84bc-515fb946bf2f","local_time":"20190712160916","is_ascension_mode":true,"campfire_choices":[{"data":"Neutralize","floor":6.0,"key":"SMITH"},{"data":"Corpse Explosion","floor":12.0,"key":"SMITH"},{"floor":15.0,"key":"REST"},{"floor":23.0,"key":"REST"},{"floor":27.0,"key":"REST"},{"floor":32.0,"key":"REST"},{"data":"Blur","floor":40.0,"key":"SMITH"},{"floor":42.0,"key":"RECALL"},{"floor":49.0,"key":"REST"},{"data":"Defend_G","floor":52.0,"key":"SMITH"}],"neow_cost":"NONE","seed_source_timestamp":1178791177422431,"circlet_count":0,"master_deck":["Defend_G+1","Defend_G","Defend_G","Defend_G","Defend_G+1","Survivor+1","Neutralize+1","Corpse Explosion+1","Catalyst","Catalyst+1","Catalyst","Backflip+1","Quick Slash","Blur+1","Noxious Fumes+1","Poisoned Stab","Calculated Gamble+1","Slice","Catalyst+1","PiercingWail+1","Tools of the Trade+1","Footwork+1","Deflect+1","Acrobatics+1","Deadly Poison+1","Backflip+1","Deflect+1","Dodge and Roll+1","Deflect+1","Tactician+1"],"special_seed":0,"relics":["Ring of the Snake","Pocketwatch","Boot","Frozen Egg 2","Runic Pyramid","Toxic Egg 2","Shuriken","Mercury Hourglass","War Paint","Empty Cage","Art of War","Gambling Chip","Girya","Ornamental Fan","Regal Pillow","Happy Flower","Bronze Scales"],"potions_floor_usage":[55,55],"damage_taken":[{"damage":1.0,"enemies":"Small Slimes","floor":1.0,"turns":4.0},{"damage":0.0,"enemies":"Cultist","floor":5.0,"turns":3.0},{"damage":16.0,"enemies":"3 Sentries","floor":7.0,"turns":6.0},{"damage":5.0,"enemies":"Jaw Worm","floor":8.0,"turns":3.0},{"damage":17.0,"enemies":"Gremlin Gang","floor":10.0,"turns":2.0},{"damage":7.0,"enemies":"Exordium Thugs","floor":11.0,"turns":5.0},{"damage":9.0,"enemies":"Exordium Wildlife","floor":13.0,"turns":4.0},{"damage":12.0,"enemies":"Gremlin Gang","floor":14.0,"turns":3.0},{"damage":13.0,"enemies":"Hexaghost","floor":16.0,"turns":5.0},{"damage":22.0,"enemies":"Spheric Guardian","floor":18.0,"turns":7.0},{"damage":23.0,"enemies":"2 Thieves","floor":20.0,"turns":4.0},{"damage":3.0,"enemies":"Shelled Parasite and Fungi","floor":21.0,"turns":5.0},{"damage":1.0,"enemies":"Chosen and Byrds","floor":25.0,"turns":4.0},{"damage":36.0,"enemies":"Gremlin Leader","floor":28.0,"turns":6.0},{"damage":8.0,"enemies":"Centurion and Healer","floor":30.0,"turns":4.0},{"damage":0.0,"enemies":"3 Cultists","floor":31.0,"turns":2.0},{"damage":5.0,"enemies":"Champ","floor":33.0,"turns":5.0},{"damage":3.0,"enemies":"3 Shapes","floor":35.0,"turns":3.0},{"damage":0.0,"enemies":"Mind Bloom Boss Battle","floor":38.0,"turns":5.0},{"damage":0.0,"enemies":"Orb Walker","floor":41.0,"turns":3.0},{"damage":0.0,"enemies":"Transient","floor":44.0,"turns":4.0},{"damage":21.0,"enemies":"2 Orb Walkers","floor":45.0,"turns":2.0},{"damage":0.0,"enemies":"3 Darklings","floor":46.0,"turns":2.0},{"damage":0.0,"enemies":"Giant Head","floor":47.0,"turns":5.0},{"damage":38.0,"enemies":"Awakened One","floor":50.0,"turns":14.0},{"damage":0.0,"enemies":"Shield and Spear","floor":54.0,"turns":3.0},{"damage":35,"enemies":"The Heart","floor":55,"turns":7}],"seed_played":"8356649594793956257","potions_obtained":[{"floor":5.0,"key":"Regen Potion"},{"floor":11.0,"key":"Ancient Potion"},{"floor":13.0,"key":"EntropicBrew"},{"floor":14.0,"key":"SneckoOil"},{"floor":18.0,"key":"Explosive Potion"},{"floor":21.0,"key":"EssenceOfSteel"},{"floor":33.0,"key":"FairyPotion"},{"floor":41.0,"key":"AttackPotion"},{"floor":46.0,"key":"PowerPotion"}],"is_trial":false,"path_per_floor":["?","?","M","?","M","T","$","T","M","?","?","?","M","?","$"],"character_chosen":"THE_SILENT","items_purchased":["Calculated Gamble+1","Deflect+1","Art of War","Regal Pillow","Happy Flower","Deflect+1"],"campfire_rested":5,"item_purchase_floors":[24,36,36,48,48,53],"current_hp_per_floor":[62,62,62,62,62,62,46,41,41,24,17,17,8,8,29,16,57,35,35,12,9,9,30,30,29,29,50,14,14,6,6,27,22,58,55,55,55,55,55,55,55,55,55,55,34,34,34,34,70,32,61,61,61,61,26],"gold":56,"neow_bonus":"TRANSFORM_CARD","is_prod":false,"is_daily":false,"chose_seed":false,"campfire_upgraded":4,"win_rate":0,"timestamp":1562936956,"path_taken":["M","?","?","$","M","R","E","M","T","?","M","R","M","M","R","BOSS","M","?","?","M","?","R","?","M","T","R","E","?","?","M","R","BOSS","M","$","?","?","?","R","M","R","T","?","?","M","E","?","R","BOSS","R","$","E","BOSS"],"build_version":"2019-01-23","purchased_purges":2,"victory":true,"max_hp_per_floor":[70,70,70,70,70,70,70,70,70,70,70,70,70,70,70,70,70,70,70,70,70,70,70,70,70,70,70,70,70,70,70,70,70,70,70,70,70,70,70,70,70,70,70,70,70,70,70,70,70,70,70,70,70,70,70],"card_choices":[{"not_picked":["Bane","All Out Attack"],"picked":"Catalyst","floor":1.0},{"not_picked":["Flechettes","Flying Knee"],"picked":"Catalyst","floor":5.0},{"not_picked":["Dagger Spray","Terror"],"picked":"Catalyst","floor":7.0},{"not_picked":["Acrobatics","Reflex","Dagger Spray"],"picked":"SKIP","floor":8.0},{"not_picked":["Heel Hook","Slice"],"picked":"Backflip","floor":10.0},{"not_picked":["Slice","Setup"],"picked":"Quick Slash","floor":11.0},{"not_picked":["Acrobatics","Bane"],"picked":"Caltrops+1","floor":13.0},{"not_picked":["Skewer","Setup","Tactician"],"picked":"SKIP","floor":14.0},{"not_picked":["Quick Slash","Bane"],"picked":"Blur","floor":18.0},{"not_picked":["Prepared","Expertise+1"],"picked":"Noxious Fumes+1","floor":20.0},{"not_picked":["Endless Agony","Blur"],"picked":"Poisoned Stab","floor":21.0},{"not_picked":["Blade Dance+1","Sucker Punch"],"picked":"Dagger Throw","floor":25.0},{"not_picked":["Terror+1","All Out Attack"],"picked":"Slice","floor":28.0},{"not_picked":["Cloak And Dagger+1","Endless Agony+1"],"picked":"Catalyst+1","floor":30.0},{"not_picked":["Night Terror+1","Prepared+1"],"picked":"PiercingWail+1","floor":31.0},{"not_picked":["Storm of Steel+1","Grand Finale"],"picked":"Tools of the Trade+1","floor":33.0},{"not_picked":["Flechettes","Sucker Punch"],"picked":"Footwork+1","floor":35.0},{"not_picked":["Flying Knee","Sucker Punch+1"],"picked":"Acrobatics+1","floor":38.0},{"not_picked":["Calculated Gamble+1","All Out Attack","Bouncing Flask+1"],"picked":"SKIP","floor":41.0},{"not_picked":["A Thousand Cuts+1","Sucker Punch+1"],"picked":"Deadly Poison+1","floor":44.0},{"not_picked":["Accuracy+1","Calculated Gamble+1"],"picked":"Backflip+1","floor":45.0},{"not_picked":["Dagger Spray+1","Infinite Blades+1"],"picked":"Deflect+1","floor":46.0},{"not_picked":["Caltrops+1","Escape Plan+1"],"picked":"Dodge and Roll+1","floor":47.0},{"not_picked":["Tools of the Trade+1","Skewer"],"picked":"Tactician+1","floor":54.0}],"player_experience":379514,"relics_obtained":[{"floor":7.0,"key":"Boot"},{"floor":9.0,"key":"Frozen Egg 2"},{"floor":22.0,"key":"Toxic Egg 2"},{"floor":26.0,"key":"Shuriken"},{"floor":28.0,"key":"Mercury Hourglass"},{"floor":29.0,"key":"War Paint"},{"floor":38.0,"key":"Gambling Chip"},{"floor":45.0,"key":"Girya"},{"floor":47.0,"key":"Ornamental Fan"},{"floor":54.0,"key":"Bronze Scales"}],"event_choices":[{"damage_healed":0.0,"max_hp_gain":0.0,"max_hp_loss":0.0,"gold_gain":0.0,"cards_transformed":["Strike_G"],"event_name":"Living Wall","player_choice":"Change","floor":2.0,"gold_loss":0.0,"damage_taken":0.0,"cards_obtained":["Blade Dance"]},{"damage_healed":0.0,"max_hp_gain":0.0,"max_hp_loss":0.0,"gold_gain":0.0,"event_name":"WeMeetAgain","player_choice":"Paid Gold","floor":3.0,"gold_loss":62.0,"damage_taken":0.0,"relics_obtained":["Pocketwatch"]},{"cards_removed":["Strike_G"],"damage_healed":0.0,"max_hp_gain":0.0,"max_hp_loss":0.0,"gold_gain":0.0,"event_name":"Designer","player_choice":"Upgrade and Remove","floor":19.0,"gold_loss":90.0,"damage_taken":0.0,"cards_upgraded":["Defend_G"]},{"cards_removed":["Dagger Throw"],"damage_healed":0.0,"max_hp_gain":0.0,"max_hp_loss":0.0,"gold_gain":0.0,"event_name":"Falling","player_choice":"Removed Attack","floor":37.0,"gold_loss":0.0,"damage_taken":0.0},{"damage_healed":0.0,"max_hp_gain":0.0,"max_hp_loss":0.0,"gold_gain":0.0,"event_name":"MindBloom","player_choice":"Fight","floor":38.0,"gold_loss":0.0,"damage_taken":0.0},{"damage_healed":0.0,"max_hp_gain":0.0,"max_hp_loss":0.0,"gold_gain":0.0,"event_name":"Upgrade Shrine","player_choice":"Upgraded","floor":39.0,"gold_loss":0.0,"damage_taken":0.0,"cards_upgraded":["Survivor"]},{"damage_healed":0.0,"max_hp_gain":0.0,"max_hp_loss":0.0,"gold_gain":0.0,"event_name":"Mysterious Sphere","player_choice":"Fight","floor":45.0,"gold_loss":0.0,"damage_taken":0.0}],"is_beta":false,"boss_relics":[{"not_picked":["Black Star","Coffee Dripper"],"picked":"Runic Pyramid"},{"not_picked":["Fusion Hammer","Velvet Choker"],"picked":"Empty Cage"}],"items_purged_floors":[24,36],"is_endless":false,"potions_floor_spawned":[5,11,13,14,18,21,33,41,46,47],"ascension_level":7}