{"gold_per_floor":[117,129,11,21,21,21,46,46,71,91,123,123,156,172,172,267,267,286,42,61,61,72,72,99,99,123,135,147,179,217,244,256,368,380,406,518,540,5,25,41,41,56,56,85,98,98,98,118,118,118],"floor_reached":51,"playtime":14525,"items_purged":["Strike_B"],"score":767,"play_id":"8a56c6d2-bedf-4f37-9856-80382d41994f","local_time":"20190706005915","is_ascension_mode":false,"campfire_choices":[{"floor":6.0,"key":"REST"},{"data":"Streamline","floor":8.0,"key":"SMITH"},{"floor":12.0,"key":"REST"},{"floor":15.0,"key":"REST"},{"data":"Capacitor","floor":23,"key":"SMITH"},{"data":"Electrodynamics","floor":25,"key":"SMITH"},{"floor":32,"key":"REST"},{"floor":41,"key":"REST"},{"floor":47,"key":"REST"},{"data":"Creative AI","floor":49,"key":"SMITH"}],"neow_cost":"NONE","seed_source_timestamp":0,"circlet_count":0,"master_deck":["Strike_B","Strike_B","Defend_B+1","Defend_B","Defend_B","Defend_B","Zap+1","Dualcast","Genetic Algorithm","Streamline+1","Coolheaded","Capacitor+1","Go for the Eyes","Aggregate+1","BootSequence+1","Barrage","Rainbow+1","Barrage","Redo+1","Go for the Eyes","Multi-Cast+1","Hologram+1","Melter","Cold Snap","Electrodynamics+1","Fusion+1","Redo+1","Redo+1","Biased Cognition","Stack+1","Chaos+1","Barrage+1","Blizzard+1","Darkness+1","Redo+1","Biased Cognition","Conserve Battery+1","Lockon+1","Writhe","Darkness+1","Creative AI+1"],"special_seed":0,"relics":["Cracked Core","War Paint","Toxic Egg 2","Ancient Tea Set","Odd Mushroom","Dream Catcher","Bag of Preparation","Runic Pyramid","Chemical X","Regal Pillow","MawBank","Pen Nib","Black Star","Mango","Frozen Eye","Pear","Oddly Smooth Stone","Gambling Chip","Potion Belt"],"potions_floor_usage":[22,24,36,40,42,44,44,50],"damage_taken":[{"damage":1.0,"enemies":"Jaw Worm","floor":1.0,"turns":3.0},{"damage":0.0,"enemies":"2 Louse","floor":2.0,"turns":3.0},{"damage":0.0,"enemies":"Small Slimes","floor":4.0,"turns":3.0},{"damage":13.0,"enemies":"Gremlin Nob","floor":7.0,"turns":4.0},{"damage":19.0,"enemies":"The Mushroom Lair","floor":10.0,"turns":5.0},{"damage":3.0,"enemies":"3 Sentries","floor":11.0,"turns":7.0},{"damage":17.0,"enemies":"Gremlin Nob","floor":13.0,"turns":4.0},{"damage":0.0,"enemies":"Looter","floor":14.0,"turns":2.0},{"damage":29.0,"enemies":"The Guardian","floor":16.0,"turns":9.0},{"damage":0.0,"enemies":"Spheric Guardian","floor":18.0,"turns":3.0},{"damage":5,"enemies":"3 Byrds","floor":20,"turns":4},{"damage":1,"enemies":"Centurion and Healer","floor":22,"turns":7},{"damage":13,"enemies":"Slavers","floor":24,"turns":5},{"damage":1,"enemies":"Snake Plant","floor":29,"turns":3},{"damage":0,"enemies":"3 Cultists","floor":31,"turns":2},{"damage":37,"enemies":"Collector","floor":33,"turns":8},{"damage":1,"enemies":"3 Shapes","floor":35,"turns":3},{"damage":0,"enemies":"Mind Bloom Boss Battle","floor":36,"turns":8},{"damage":2,"enemies":"Orb Walker","floor":37,"turns":4},{"damage":14,"enemies":"Spire Growth","floor":39,"turns":4},{"damage":1,"enemies":"Maw","floor":40,"turns":6},{"damage":14,"enemies":"4 Shapes","floor":42,"turns":4},{"damage":52,"enemies":"Giant Head","floor":44,"turns":9},{"damage":5,"enemies":"Writhing Mass","floor":45,"turns":4},{"damage":0,"enemies":"Spire Growth","floor":48,"turns":2},{"damage":46,"enemies":"Time Eater","floor":50,"turns":8}],"seed_played":"6956357331465785450","potions_obtained":[{"floor":2.0,"key":"Block Potion"},{"floor":10.0,"key":"Weak Potion"},{"floor":13.0,"key":"Energy Potion"},{"floor":14.0,"key":"Weak Potion"},{"floor":20,"key":"AttackPotion"},{"floor":24,"key":"GamblersBrew"},{"floor":33,"key":"Swift Potion"},{"floor":35,"key":"Strength Potion"},{"floor":39,"key":"Explosive Potion"},{"floor":40,"key":"FocusPotion"},{"floor":48,"key":"SkillPotion"}],"is_trial":false,"path_per_floor":["M","M","$","M","?","R","E","R","T","?","E","R","E","M","R","B",null,"M","$","M","?","M","R","E","R","T","$","?","M","T","M","R","B",null,"M","?","M","$","M","M","R","M","T","E","M","?","R","M","R","B",null],"character_chosen":"DEFECT","items_purchased":["Coolheaded","Capacitor","Melter","Chemical X","Frozen Eye","Pear"],"campfire_rested":6,"item_purchase_floors":[3,3,19,19,38,38],"current_hp_per_floor":[81,81,81,81,56,80,67,67,67,48,45,69,52,52,76,47,82,82,82,77,77,76,76,63,63,63,63,63,62,62,62,82,45,82,81,95,93,103,89,88,106,92,92,40,35,62,106,106,106,60],"gold":118,"neow_bonus":"TEN_PERCENT_HP_BONUS","is_prod":false,"is_daily":false,"chose_seed":false,"campfire_upgraded":4,"win_rate":0.0,"timestamp":1562367555,"path_taken":["M","M","$","M","?","R","E","R","T","?","E","R","E","M","R","BOSS","M","$","M","?","M","R","E","R","T","$","?","?","?","M","R","BOSS","M","?","M","$","M","M","R","M","T","E","M","?","R","M","R","BOSS"],"build_version":"2019-07-01","purchased_purges":1,"victory":true,"max_hp_per_floor":[82,82,82,82,82,82,82,82,82,82,82,82,82,82,82,82,82,82,82,82,82,82,82,82,82,82,82,82,82,82,82,82,82,82,82,96,96,106,106,106,106,106,106,106,106,106,106,106,106,106],"card_choices":[{"not_picked":["Leap","Storm"],"picked":"Genetic Algorithm","floor":1.0},{"not_picked":["Rip and Tear","Genetic Algorithm"],"picked":"Streamline","floor":2.0},{"not_picked":["Hologram","BootSequence"],"picked":"Go for the Eyes","floor":4.0},{"not_picked":["Tempest","Rip and Tear"],"picked":"Aggregate","floor":7.0},{"not_picked":["Go for the Eyes","Ball Lightning"],"picked":"BootSequence+1","floor":10.0},{"not_picked":["Streamline","Beam Cell"],"picked":"Barrage","floor":11.0},{"not_picked":["Blizzard","Stack+1"],"picked":"Rainbow+1","floor":12.0},{"not_picked":["Doom and Gloom","Coolheaded+1"],"picked":"Barrage","floor":13.0},{"not_picked":["Compile Driver","Steam+1"],"picked":"Redo+1","floor":14.0},{"not_picked":["Steam Power+1","Sweeping Beam"],"picked":"Go for the Eyes","floor":15.0},{"not_picked":["Fission+1","Machine Learning"],"picked":"Multi-Cast+1","floor":16.0},{"not_picked":["Streamline","Compile Driver"],"picked":"Hologram+1","floor":18},{"not_picked":["Gash","Skim+1"],"picked":"Cold Snap","floor":20},{"not_picked":["Steam Power+1","Scrape+1","Gash"],"picked":"SKIP","floor":22},{"not_picked":["Beam Cell","Leap+1"],"picked":"Electrodynamics","floor":24},{"not_picked":["Heatsinks+1","Darkness+1"],"picked":"Fusion+1","floor":29},{"not_picked":["Hologram+1","Self Repair"],"picked":"Redo+1","floor":31},{"not_picked":["Conserve Battery+1","Streamline"],"picked":"Redo+1","floor":32},{"not_picked":["Buffer","Machine Learning"],"picked":"Biased Cognition","floor":33},{"not_picked":["Hologram+1","Barrage"],"picked":"Stack+1","floor":35},{"not_picked":["Skim+1","Heatsinks+1"],"picked":"Chaos+1","floor":36},{"not_picked":["Gash+1","Melter"],"picked":"Barrage+1","floor":37},{"not_picked":["Melter+1","Leap+1"],"picked":"Blizzard+1","floor":39},{"not_picked":["Storm","Cold Snap"],"picked":"Darkness+1","floor":40},{"not_picked":["Reprogram+1","Gash+1"],"picked":"Redo+1","floor":41},{"not_picked":["Consume+1","Steam Power+1"],"picked":"Biased Cognition","floor":42},{"not_picked":["Steam+1","Tempest+1"],"picked":"Conserve Battery+1","floor":44},{"not_picked":["Conserve Battery+1","Cold Snap+1"],"picked":"Lockon+1","floor":45},{"not_picked":["Go for the Eyes+1","Barrage"],"picked":"Darkness+1","floor":47},{"not_picked":["Hologram+1","Rip and Tear+1"],"picked":"Creative AI","floor":48}],"player_experience":17077,"relics_obtained":[{"floor":7.0,"key":"Toxic Egg 2"},{"floor":9.0,"key":"Ancient Tea Set"},{"floor":10.0,"key":"Odd Mushroom"},{"floor":11.0,"key":"Dream Catcher"},{"floor":13.0,"key":"Bag of Preparation"},{"floor":24,"key":"Regal Pillow"},{"floor":26,"key":"MawBank"},{"floor":30,"key":"Pen Nib"},{"floor":36,"key":"Mango"},{"floor":43,"key":"Oddly Smooth Stone"},{"floor":44,"key":"Gambling Chip"},{"floor":44,"key":"Potion Belt"}],"event_choices":[{"damage_healed":0.0,"max_hp_gain":0.0,"max_hp_loss":0.0,"gold_gain":0.0,"event_name":"Scrap Ooze","player_choice":"Success","floor":5.0,"gold_loss":0.0,"damage_taken":25.0,"relics_obtained":["War Paint"]},{"damage_healed":0.0,"max_hp_gain":0.0,"max_hp_loss":0.0,"gold_gain":0.0,"event_name":"Mushrooms","player_choice":"Fought Mushrooms","floor":10.0,"gold_loss":0.0,"damage_taken":0.0},{"damage_healed":0,"gold_gain":0,"player_choice":"Ignored","damage_taken":0,"max_hp_gain":0,"max_hp_loss":0,"event_name":"Vampires","floor":21,"gold_loss":0},{"cards_removed":["Strike_B"],"damage_healed":0,"gold_gain":0,"player_choice":"Offered Basic","damage_taken":0,"max_hp_gain":0,"max_hp_loss":0,"event_name":"Bonfire Elementals","floor":28,"gold_loss":0},{"damage_healed":0,"gold_gain":0,"player_choice":"Fight","damage_taken":0,"max_hp_gain":0,"max_hp_loss":0,"event_name":"MindBloom","floor":36,"gold_loss":0},{"damage_healed":27,"gold_gain":0,"player_choice":"Writhe","damage_taken":0,"max_hp_gain":0,"max_hp_loss":0,"event_name":"Winding Halls","floor":46,"gold_loss":0,"cards_obtained":["Writhe"]}],"is_beta":false,"boss_relics":[{"not_picked":["Fusion Hammer","Calling Bell"],"picked":"Runic Pyramid"},{"not_picked":["Runic Dome","Eternal Feather"],"picked":"Black Star"}],"items_purged_floors":[38],"is_endless":false,"potions_floor_spawned":[2,10,13,14,20,24,33,35,39,40,48],"ascension_level":0}