{"gold_per_floor":[212,287,303,42,42,52,52,70,70,70,97,109,124,139,139,243,243,260,43,61,80,80,80,80,80,128,163,163,194,11,31,31,135,135,153,164,183,183,200,200,200,200,200,248,282,282,382,382,382,382],"floor_reached":50,"playtime":7184,"items_purged":[],"score":635,"play_id":"52c1910b-0930-4404-baea-4729ee70b89b","local_time":"20190513191338","is_ascension_mode":false,"campfire_choices":[{"floor":7.0,"key":"RECALL"},{"data":"Flex","floor":10.0,"key":"SMITH"},{"floor":15.0,"key":"REST"},{"data":"Barricade","floor":23.0,"key":"SMITH"},{"data":"Armaments","floor":25.0,"key":"SMITH"},{"data":"Juggernaut","floor":28.0,"key":"SMITH"},{"data":"Metallicize","floor":32.0,"key":"SMITH"},{"data":"Armaments","floor":40,"key":"SMITH"},{"floor":42,"key":"REST"},{"data":"1","floor":46,"key":"LIFT"},{"data":"2","floor":49,"key":"LIFT"}],"neow_cost":"NONE","seed_source_timestamp":0,"circlet_count":0,"master_deck":["Defend_R","Defend_R","Defend_R","Defend_R","Bash","Flame Barrier+1","Shrug It Off","Thunderclap","Flex+1","Barricade+1","Second Wind","Iron Wave","Wild Strike","Double Tap","Shrug It Off","Warcry","Shrug It Off","Ghostly Armor","Armaments+1","Bite","Bite","Bite","Bite","Bite","Juggernaut+1","Shrug It Off","Ghostly Armor","Evolve","Metallicize+1","Warcry","Pommel Strike+1","Armaments+1","Body Slam","Wild Strike+1","Seeing Red","Shrug It Off","Body Slam","Blind"],"special_seed":0,"relics":["Burning Blood","Sundial","Paper Frog","Bottled Flame","Sozu","Happy Flower","The Courier","Dodecahedron","Black Star","Girya","Anchor","Smiling Mask","Bottled Tornado","Du-Vu Doll"],"potions_floor_usage":[],"damage_taken":[{"damage":1.0,"enemies":"2 Louse","floor":1.0,"turns":3.0},{"damage":17.0,"enemies":"Jaw Worm","floor":3.0,"turns":6.0},{"damage":0.0,"enemies":"Small Slimes","floor":6.0,"turns":5.0},{"damage":6.0,"enemies":"Exordium Wildlife","floor":8.0,"turns":6.0},{"damage":23.0,"enemies":"Lagavulin","floor":11.0,"turns":10.0},{"damage":14.0,"enemies":"Blue Slaver","floor":12.0,"turns":5.0},{"damage":4.0,"enemies":"2 Fungi Beasts","floor":13.0,"turns":3.0},{"damage":4.0,"enemies":"Large Slime","floor":14.0,"turns":8.0},{"damage":47.0,"enemies":"Slime Boss","floor":16.0,"turns":13.0},{"damage":25.0,"enemies":"Spheric Guardian","floor":18.0,"turns":8.0},{"damage":10.0,"enemies":"Shell Parasite","floor":20.0,"turns":7.0},{"damage":2.0,"enemies":"Snecko","floor":21.0,"turns":6.0},{"damage":47.0,"enemies":"Gremlin Leader","floor":27.0,"turns":10.0},{"damage":17.0,"enemies":"Slavers","floor":29.0,"turns":8.0},{"damage":0.0,"enemies":"Sentry and Sphere","floor":31.0,"turns":6.0},{"damage":20.0,"enemies":"Automaton","floor":33.0,"turns":15.0},{"damage":49.0,"enemies":"3 Darklings","floor":35.0,"turns":20.0},{"damage":4.0,"enemies":"3 Shapes","floor":36.0,"turns":5.0},{"damage":17.0,"enemies":"Spire Growth","floor":37.0,"turns":5.0},{"damage":28,"enemies":"Sphere and 2 Shapes","floor":39,"turns":7},{"damage":0,"enemies":"Giant Head","floor":45,"turns":9},{"damage":0,"enemies":"Mind Bloom Boss Battle","floor":47,"turns":7},{"damage":63,"enemies":"Awakened One","floor":50,"turns":6}],"seed_played":"-3210954784805052137","potions_obtained":[{"floor":1.0,"key":"Fire Potion"},{"floor":3.0,"key":"Strength Potion"},{"floor":12.0,"key":"Poison Potion"},{"floor":16.0,"key":"Block Potion"}],"is_trial":false,"path_per_floor":["?","?","M","?","?","?","?","T","?","?"],"character_chosen":"IRONCLAD","items_purchased":["Sundial","Happy Flower","Warcry","Shrug It Off","Ghostly Armor","Evolve","Metallicize","Warcry"],"campfire_rested":2,"item_purchase_floors":[4,19,19,19,30,30,30,30],"current_hp_per_floor":[80,69,58,58,58,64,64,64,64,64,47,39,41,43,67,26,80,61,61,57,61,56,56,56,56,56,33,33,32,32,48,48,56,56,56,56,49,49,35,35,35,51,51,51,56,56,56,56,56,0],"gold":382,"neow_bonus":"HUNDRED_GOLD","is_prod":false,"is_daily":false,"chose_seed":false,"campfire_upgraded":6,"win_rate":0,"timestamp":1557764018,"path_taken":["M","?","M","$","?","M","R","M","T","R","E","M","?","M","R","BOSS","M","$","M","M","?","R","?","R","T","E","R","E","$","M","R","BOSS","M","M","M","?","M","R","?","R","T","?","E","R","?","?","R","BOSS"],"build_version":"2019-01-23","purchased_purges":0,"victory":false,"max_hp_per_floor":[80,80,80,80,80,80,80,80,80,80,80,80,80,80,80,80,80,80,80,80,80,56,56,56,56,56,56,56,56,56,56,56,56,56,56,56,56,56,56,56,56,56,56,56,56,56,56,56,56,56],"card_choices":[{"not_picked":["Whirlwind","Intimidate"],"picked":"Flame Barrier","floor":1.0},{"not_picked":["Thunderclap","Heavy Blade"],"picked":"Shrug It Off","floor":3.0},{"not_picked":["True Grit","Hemokinesis"],"picked":"Thunderclap","floor":6.0},{"not_picked":["Thunderclap","Corruption"],"picked":"Flex","floor":8.0},{"not_picked":["Twin Strike","Thunderclap"],"picked":"Barricade","floor":11.0},{"not_picked":["Twin Strike","Wild Strike"],"picked":"Second Wind","floor":12.0},{"not_picked":["Cleave","Pommel Strike"],"picked":"Iron Wave","floor":13.0},{"not_picked":["Clothesline","Evolve"],"picked":"Wild Strike","floor":14.0},{"not_picked":["Brutality","Berserk"],"picked":"Double Tap","floor":16.0},{"not_picked":["Twin Strike+1","Wild Strike"],"picked":"Shrug It Off","floor":18.0},{"not_picked":["Flex","Uppercut"],"picked":"Ghostly Armor","floor":20.0},{"not_picked":["Body Slam","Anger+1"],"picked":"Armaments","floor":21.0},{"not_picked":["Cleave","Twin Strike"],"picked":"Juggernaut","floor":27.0},{"not_picked":["Rupture+1","Pommel Strike"],"picked":"Shrug It Off","floor":29.0},{"not_picked":["Thunderclap+1","Heavy Blade"],"picked":"Pommel Strike+1","floor":31.0},{"not_picked":["Battle Trance","Perfected Strike"],"picked":"Armaments","floor":35.0},{"not_picked":["Warcry","Shrug It Off"],"picked":"Body Slam","floor":36.0},{"not_picked":["Carnage","Anger"],"picked":"Wild Strike+1","floor":37.0},{"not_picked":["Heavy Blade+1","Whirlwind+1"],"picked":"Seeing Red","floor":39},{"not_picked":["Rampage","Pommel Strike"],"picked":"Shrug It Off","floor":45},{"not_picked":["Clothesline+1","Rampage"],"picked":"Body Slam","floor":47},{"not_picked":["Forethought","Jack Of All Trades"],"picked":"Blind","floor":48}],"player_experience":93482,"relics_obtained":[{"floor":9.0,"key":"Paper Frog"},{"floor":11.0,"key":"Bottled Flame"},{"floor":27.0,"key":"The Courier"},{"floor":29.0,"key":"Dodecahedron"},{"floor":43,"key":"Girya"},{"floor":44,"key":"Anchor"},{"floor":45,"key":"Smiling Mask"},{"floor":45,"key":"Bottled Tornado"},{"floor":47,"key":"Du-Vu Doll"}],"event_choices":[{"damage_healed":0.0,"max_hp_gain":0.0,"max_hp_loss":0.0,"gold_gain":75.0,"event_name":"World of Goop","player_choice":"Gather Gold","floor":2.0,"gold_loss":0.0,"damage_taken":11.0},{"damage_healed":0.0,"max_hp_gain":0.0,"max_hp_loss":0.0,"gold_gain":0.0,"event_name":"Living Wall","player_choice":"Grow","floor":5.0,"gold_loss":0.0,"damage_taken":0.0,"cards_upgraded":["Flame Barrier"]},{"damage_healed":0.0,"max_hp_gain":0.0,"max_hp_loss":24.0,"gold_gain":0.0,"event_name":"Vampires","player_choice":"Became a vampire","floor":22.0,"gold_loss":0.0,"damage_taken":0.0,"cards_obtained":["Bite","Bite","Bite","Bite","Bite"]},{"damage_healed":0.0,"max_hp_gain":0.0,"max_hp_loss":0.0,"gold_gain":0.0,"event_name":"Beggar","player_choice":"Ignored","floor":24.0,"gold_loss":0.0,"damage_taken":0.0},{"damage_healed":0,"gold_gain":0,"player_choice":"Ignored","damage_taken":0,"max_hp_gain":0,"max_hp_loss":0,"event_name":"Mysterious Sphere","floor":38,"gold_loss":0},{"damage_healed":0,"gold_gain":0,"player_choice":"Ignored","damage_taken":0,"max_hp_gain":0,"max_hp_loss":0,"event_name":"Tomb of Lord Red Mask","floor":41,"gold_loss":0},{"damage_healed":0,"gold_gain":0,"player_choice":"Fight","damage_taken":0,"max_hp_gain":0,"max_hp_loss":0,"event_name":"MindBloom","floor":47,"gold_loss":0},{"damage_healed":0,"gold_gain":0,"player_choice":"Memory 1","damage_taken":0,"max_hp_gain":0,"max_hp_loss":0,"event_name":"SensoryStone","floor":48,"gold_loss":0}],"is_beta":false,"boss_relics":[{"not_picked":["Ectoplasm","Runic Dome"],"picked":"Sozu"},{"not_picked":["Runic Pyramid","White Beast Statue"],"picked":"Black Star"}],"items_purged_floors":[],"is_endless":false,"potions_floor_spawned":[1,3,12,16,21,33,39,47],"killed_by":"Awakened One","ascension_level":0}