{"gold_per_floor":[114,129,144,319,279,309,309,339,339,354,354,369,119,134,134,234,234,249,264,264,264,279,309,324,339,339,439,454,454],"floor_reached":29,"playtime":1258,"items_purged":[],"score":359,"play_id":"74182652-a59b-48cd-8a3e-fb8a7b64d0c9","local_time":"20190519202619","daily_mods":["Shiny","Green Cards","Elite Swarm"],"is_ascension_mode":false,"campfire_choices":[{"floor":7,"key":"REST"},{"floor":11,"key":"REST"},{"data":"Storm","floor":15,"key":"SMITH"}],"neow_cost":"","seed_source_timestamp":202353350357797,"circlet_count":0,"master_deck":["Venomology","Corpse Explosion","Malaise","Phantasmal Killer","Die Die Die","Adrenaline","Envenom","Doppelganger","Burst","Wraith Form v2","Tools of the Trade","Night Terror","Unload","After Image","Bullet Time","Storm of Steel","Glass Knife","A Thousand Cuts","Grand Finale","Multi-Cast","Hyperbeam","Thunder Strike","Biased Cognition","Machine Learning","Electrodynamics","Buffer","Rainbow","Seek","Meteor Strike","Echo Form","All For One","Reboot","Amplify","Creative AI","Fission","Core Surge","Doubt","Seek","Seek","Storm+1","Amplify","Storm+1","Adrenaline"],"special_seed":18036,"relics":["Cracked Core","Mango","Lantern","Blue Candle","Bottled Flame","White Beast Statue","Dodecahedron","Bag of Marbles","Molten Egg 2"],"potions_floor_usage":[6,6,6,8,8,10,14,16,22,23,23,23,24,25,25,25,29,29],"damage_taken":[{"damage":13,"enemies":"Cultist","floor":1,"turns":4},{"damage":0,"enemies":"Small Slimes","floor":2,"turns":2},{"damage":11,"enemies":"Jaw Worm","floor":3,"turns":2},{"damage":47,"enemies":"Gremlin Nob","floor":6,"turns":5},{"damage":22,"enemies":"3 Sentries","floor":8,"turns":3},{"damage":21,"enemies":"Red Slaver","floor":10,"turns":3},{"damage":0,"enemies":"Blue Slaver","floor":12,"turns":1},{"damage":5,"enemies":"Exordium Thugs","floor":14,"turns":3},{"damage":0,"enemies":"Slime Boss","floor":16,"turns":4},{"damage":2,"enemies":"Spheric Guardian","floor":18,"turns":3},{"damage":10,"enemies":"Shell Parasite","floor":19,"turns":3},{"damage":15,"enemies":"Snecko","floor":22,"turns":3},{"damage":27,"enemies":"Slavers","floor":23,"turns":2},{"damage":6,"enemies":"Snake Plant","floor":24,"turns":2},{"damage":0,"enemies":"Cultist and Chosen","floor":25,"turns":3},{"damage":18,"enemies":"Shelled Parasite and Fungi","floor":28,"turns":2},{"damage":19,"enemies":"Gremlin Leader","floor":29,"turns":2}],"seed_played":"1966369025298368100","potions_obtained":[{"floor":1,"key":"Ancient Potion"},{"floor":5,"key":"Regen Potion"},{"floor":5,"key":"PowerPotion"},{"floor":5,"key":"LiquidBronze"},{"floor":6,"key":"Swift Potion"},{"floor":14,"key":"PowerPotion"},{"floor":18,"key":"LiquidBronze"},{"floor":19,"key":"Fire Potion"},{"floor":22,"key":"FearPotion"},{"floor":23,"key":"Swift Potion"},{"floor":24,"key":"Dexterity Potion"},{"floor":25,"key":"Fruit Juice"},{"floor":28,"key":"PowerPotion"}],"is_trial":false,"path_per_floor":["M","M","M","?","?","E","R","E","T","M","R","M","$","M","R","B",null,"M","M","T","?","M","E","M","M","T","?","M","E"],"character_chosen":"DEFECT","items_purchased":["Bottled Flame"],"campfire_rested":2,"item_purchase_floors":[13],"current_hp_per_floor":[62,62,51,51,51,27,53,31,31,10,36,36,36,31,31,31,89,87,77,77,77,62,35,29,34,34,34,16,0],"gold":454,"neow_bonus":"","is_prod":false,"is_daily":true,"chose_seed":false,"campfire_upgraded":1,"win_rate":0,"timestamp":1558311979,"path_taken":["M","M","?","?","?","E","R","E","T","M","R","M","$","M","R","BOSS","M","M","?","?","?","E","M","?","T","?","M","E"],"build_version":"2019-01-23","purchased_purges":0,"victory":false,"max_hp_per_floor":[75,75,75,75,75,89,89,89,89,89,89,89,89,89,89,89,89,89,89,89,89,89,89,89,94,94,94,94,94],"card_choices":[{"not_picked":["Riddle With Holes","Finisher","BootSequence"],"picked":"SKIP","floor":1},{"not_picked":["Blade Dance","Endless Agony","Dagger Throw"],"picked":"SKIP","floor":2},{"not_picked":["BootSequence","Hello World","Skim"],"picked":"SKIP","floor":3},{"not_picked":["Biased Cognition","Phantasmal Killer"],"picked":"Seek","floor":6},{"not_picked":["Machine Learning","Meteor Strike"],"picked":"Seek","floor":8},{"not_picked":["Go for the Eyes","Steam Power","Leap"],"picked":"SKIP","floor":10},{"not_picked":["Underhanded Strike","Blade Dance","Ball Lightning"],"picked":"SKIP","floor":12},{"not_picked":["Leap","Tools of the Trade"],"picked":"Storm","floor":14},{"not_picked":["Creative AI","Bullet Time"],"picked":"Amplify","floor":16},{"not_picked":["Bane","Beam Cell","Steam Power+1"],"picked":"SKIP","floor":18},{"not_picked":["All Out Attack+1","Melter+1","Streamline+1"],"picked":"SKIP","floor":19},{"not_picked":["Beam Cell","Doom and Gloom+1","Sucker Punch"],"picked":"SKIP","floor":22},{"not_picked":["Doppelganger","A Thousand Cuts"],"picked":"Adrenaline","floor":23},{"not_picked":["Dodge and Roll","Consume","Leap"],"picked":"SKIP","floor":24},{"not_picked":["Consume","Underhanded Strike","Endless Agony+1"],"picked":"SKIP","floor":25},{"not_picked":["Conserve Battery","Accuracy+1","Chill+1"],"picked":"SKIP","floor":28}],"player_experience":192018,"relics_obtained":[{"floor":6,"key":"Mango"},{"floor":8,"key":"Lantern"},{"floor":9,"key":"Blue Candle"},{"floor":20,"key":"Dodecahedron"},{"floor":23,"key":"Bag of Marbles"},{"floor":26,"key":"Molten Egg 2"}],"event_choices":[{"damage_healed":0,"gold_gain":175,"player_choice":"AGREE","damage_taken":0,"max_hp_gain":0,"max_hp_loss":0,"event_name":"Liars Game","floor":4,"gold_loss":0,"cards_obtained":["Doubt"]},{"damage_healed":0,"gold_gain":0,"player_choice":"Bought 3 Potions","damage_taken":0,"max_hp_gain":0,"max_hp_loss":0,"event_name":"The Woman in Blue","floor":5,"gold_loss":0},{"damage_healed":0,"gold_gain":0,"player_choice":"Copied","damage_taken":0,"max_hp_gain":0,"max_hp_loss":0,"event_name":"Duplicator","floor":21,"gold_loss":0,"cards_obtained":["Storm"]},{"damage_healed":0,"gold_gain":100,"player_choice":"Pray","damage_taken":0,"max_hp_gain":0,"max_hp_loss":0,"event_name":"Golden Shrine","floor":27,"gold_loss":0}],"is_beta":false,"boss_relics":[{"not_picked":["Philosopher\u0027s Stone","Cursed Key"],"picked":"White Beast Statue"}],"items_purged_floors":[],"is_endless":false,"potions_floor_spawned":[1,6,14,18,19,22,23,24,25,28],"killed_by":"Gremlin Leader","ascension_level":0}