{"gold_per_floor":[114,114,114,139,151,163,190,232,294,321,33,33,48,63,63,163,163,178,178,193,193,208,208,223,253,278,203,203,218,233,233,233,333,333,348,28,28,43,43,73,0,0,50,50,65,80,80,95,95,95],"floor_reached":51,"playtime":2092,"items_purged":["Normality"],"score":872,"play_id":"6526fdb8-5377-4196-93f1-268836efd0f5","local_time":"20190514203628","daily_mods":["Cursed Run","Vintage","Terminal"],"is_ascension_mode":false,"campfire_choices":[{"data":"Neutralize","floor":6,"key":"SMITH"},{"data":"Survivor","floor":15,"key":"SMITH"},{"floor":23,"key":"REST"},{"floor":28,"key":"REST"},{"floor":32,"key":"REST"},{"floor":42,"key":"REST"},{"floor":44,"key":"REST"},{"floor":49,"key":"REST"}],"neow_cost":"","seed_source_timestamp":0,"circlet_count":0,"master_deck":["Neutralize+1","Noxious Fumes+1","Pain","Injury","Dark Shackles","Enlightenment","Dagger Spray","Bite","Bite","Bite","Bite","Bite","After Image+1","Bane+1","Injury","Flash of Steel","Shame"],"special_seed":18031,"relics":["Cursed Key","Darkstone Periapt","Du-Vu Doll","Bag of Marbles","MawBank","Frozen Egg 2","Anchor","Centennial Puzzle","The Courier","Blue Candle","WarpedTongs","Ornamental Fan","Vajra","Fusion Hammer","Shuriken","Sundial","Omamori","Orichalcum","Ninja Scroll","Bag of Preparation","Gremlin Horn","Mercury Hourglass","Empty Cage","Bronze Scales","Bottled Flame","Lantern","Dodecahedron","Smiling Mask","Red Mask","PreservedInsect","Happy Flower","Paper Crane","Molten Egg 2"],"potions_floor_usage":[8,14,16,16,22,22,24,33,33,50,50],"damage_taken":[{"damage":0,"enemies":"Jaw Worm","floor":1,"turns":5},{"damage":0,"enemies":"Small Slimes","floor":7,"turns":4},{"damage":0,"enemies":"3 Sentries","floor":8,"turns":10},{"damage":0,"enemies":"2 Louse","floor":10,"turns":2},{"damage":1,"enemies":"Red Slaver","floor":13,"turns":1},{"damage":1,"enemies":"2 Fungi Beasts","floor":14,"turns":1},{"damage":16,"enemies":"The Guardian","floor":16,"turns":8},{"damage":2,"enemies":"Chosen","floor":18,"turns":4},{"damage":5,"enemies":"Spheric Guardian","floor":20,"turns":4},{"damage":2,"enemies":"Shelled Parasite and Fungi","floor":22,"turns":3},{"damage":2,"enemies":"Centurion and Healer","floor":24,"turns":6},{"damage":21,"enemies":"Slavers","floor":25,"turns":6},{"damage":2,"enemies":"3 Cultists","floor":29,"turns":3},{"damage":3,"enemies":"Chosen and Byrds","floor":30,"turns":3},{"damage":3,"enemies":"Champ","floor":33,"turns":8},{"damage":0,"enemies":"Orb Walker","floor":35,"turns":1},{"damage":2,"enemies":"3 Shapes","floor":38,"turns":1},{"damage":14,"enemies":"Giant Head","floor":40,"turns":7},{"damage":7,"enemies":"Maw","floor":45,"turns":5},{"damage":2,"enemies":"Transient","floor":46,"turns":5},{"damage":1,"enemies":"4 Shapes","floor":48,"turns":1},{"damage":21,"enemies":"Awakened One","floor":50,"turns":7}],"seed_played":"-1876816699338199353","potions_obtained":[{"floor":7,"key":"LiquidBronze"},{"floor":8,"key":"SkillPotion"},{"floor":13,"key":"Dexterity Potion"},{"floor":22,"key":"LiquidBronze"},{"floor":29,"key":"SteroidPotion"},{"floor":30,"key":"GhostInAJar"},{"floor":40,"key":"SpeedPotion"},{"floor":46,"key":"Energy Potion"},{"floor":48,"key":"Dexterity Potion"}],"is_trial":false,"path_per_floor":["M","?","?","T","?","R","M","E","T","M","$","?","M","M","R","B",null,"M","?","M","?","M","R","M","E","T","?","R","M","M","?","R","B",null,"M","$","?","M","$","E","?","R","T","R","M","M","?","M","R","B",null],"character_chosen":"THE_SILENT","items_purchased":["Blue Candle","AttackPotion","Bottled Flame","Lantern"],"campfire_rested":6,"item_purchase_floors":[11,11,36,36],"current_hp_per_floor":[68,61,61,67,67,67,67,67,72,71,70,75,74,73,72,62,76,74,74,69,34,32,53,51,30,30,30,49,47,44,43,42,41,40,39,38,37,36,35,31,31,32,37,36,35,34,33,32,31,31],"gold":95,"neow_bonus":"","is_prod":false,"is_daily":true,"chose_seed":false,"campfire_upgraded":2,"win_rate":0,"timestamp":1557880588,"path_taken":["M","?","?","?","?","R","M","E","T","?","$","?","?","M","R","BOSS","M","?","?","?","M","R","?","E","T","?","R","M","M","?","R","BOSS","M","$","?","M","$","E","?","R","T","R","M","M","?","M","R","BOSS"],"build_version":"2019-01-23","purchased_purges":1,"victory":true,"max_hp_per_floor":[68,67,66,71,70,69,68,67,72,71,70,75,74,73,72,77,76,75,74,73,72,71,70,69,68,67,66,65,64,63,43,42,41,40,39,38,37,36,35,34,33,32,37,36,35,34,33,32,31,36],"card_choices":[{"not_picked":["Skewer","Accuracy+1"],"picked":"Noxious Fumes+1","floor":8},{"not_picked":["Blade Dance","Outmaneuver"],"picked":"Dagger Spray","floor":25},{"not_picked":["Die Die Die","A Thousand Cuts+1"],"picked":"After Image+1","floor":33},{"not_picked":["All Out Attack+1","Dodge and Roll+1"],"picked":"Bane+1","floor":40},{"not_picked":["Panacea","Metamorphosis"],"picked":"Flash of Steel","floor":47}],"player_experience":153157,"relics_obtained":[{"floor":1,"key":"Bag of Marbles"},{"floor":4,"key":"MawBank"},{"floor":7,"key":"Frozen Egg 2"},{"floor":8,"key":"Anchor"},{"floor":9,"key":"Centennial Puzzle"},{"floor":10,"key":"The Courier"},{"floor":13,"key":"Ornamental Fan"},{"floor":14,"key":"Vajra"},{"floor":18,"key":"Shuriken"},{"floor":20,"key":"Sundial"},{"floor":22,"key":"Omamori"},{"floor":24,"key":"Orichalcum"},{"floor":25,"key":"Ninja Scroll"},{"floor":26,"key":"Bag of Preparation"},{"floor":29,"key":"Gremlin Horn"},{"floor":30,"key":"Mercury Hourglass"},{"floor":35,"key":"Bronze Scales"},{"floor":38,"key":"Dodecahedron"},{"floor":40,"key":"Smiling Mask"},{"floor":43,"key":"PreservedInsect"},{"floor":45,"key":"Happy Flower"},{"floor":46,"key":"Paper Crane"},{"floor":48,"key":"Molten Egg 2"}],"event_choices":[{"cards_removed":["Defend_G"],"damage_healed":0,"gold_gain":0,"player_choice":"Card Removal","damage_taken":7,"max_hp_gain":0,"max_hp_loss":0,"event_name":"Golden Wing","floor":2,"gold_loss":0},{"cards_removed":["Strike_G"],"damage_healed":0,"gold_gain":0,"player_choice":"Forget","damage_taken":0,"max_hp_gain":0,"max_hp_loss":0,"event_name":"Living Wall","floor":3,"gold_loss":0},{"cards_removed":["Normality"],"damage_healed":0,"gold_gain":0,"player_choice":"Removed Curses","damage_taken":0,"max_hp_gain":0,"max_hp_loss":0,"event_name":"Fountain of Cleansing","floor":5,"gold_loss":0},{"damage_healed":0,"gold_gain":0,"player_choice":"Rummage","damage_taken":0,"relics_obtained":["WarpedTongs"],"max_hp_gain":0,"max_hp_loss":0,"event_name":"Accursed Blacksmith","floor":12,"gold_loss":0,"cards_obtained":["Pain"]},{"cards_removed":["Survivor"],"damage_healed":0,"gold_gain":0,"player_choice":"Offered Basic","damage_taken":0,"max_hp_gain":0,"max_hp_loss":0,"event_name":"Bonfire Elementals","floor":19,"gold_loss":0},{"damage_healed":0,"gold_gain":0,"player_choice":"CARD POTION POTION CARD ","damage_taken":35,"max_hp_gain":0,"max_hp_loss":0,"event_name":"Knowing Skull","floor":21,"potions_obtained":["AttackPotion","Swift Potion"],"gold_loss":0,"cards_obtained":["Dark Shackles","Enlightenment"]},{"cards_removed":["Defend_G"],"damage_healed":0,"gold_gain":0,"player_choice":"Gave Gold","damage_taken":0,"max_hp_gain":0,"max_hp_loss":0,"event_name":"Beggar","floor":27,"gold_loss":75},{"damage_healed":0,"gold_gain":0,"player_choice":"Became a vampire","damage_taken":0,"max_hp_gain":0,"max_hp_loss":19,"event_name":"Vampires","floor":31,"gold_loss":0,"cards_obtained":["Bite","Bite","Bite","Bite","Bite"]},{"cards_removed":["Defend_G"],"damage_healed":0,"gold_gain":0,"player_choice":"Removed Skill","damage_taken":0,"max_hp_gain":0,"max_hp_loss":0,"event_name":"Falling","floor":37,"gold_loss":0},{"damage_healed":0,"gold_gain":0,"player_choice":"Paid","damage_taken":0,"relics_obtained":["Red Mask"],"max_hp_gain":0,"max_hp_loss":0,"event_name":"Tomb of Lord Red Mask","floor":41,"gold_loss":73},{"damage_healed":0,"gold_gain":0,"player_choice":"Memory 1","damage_taken":0,"max_hp_gain":0,"max_hp_loss":0,"event_name":"SensoryStone","floor":47,"gold_loss":0}],"is_beta":false,"boss_relics":[{"not_picked":["Busted Crown","Philosopher\u0027s Stone"],"picked":"Fusion Hammer"},{"not_picked":["Orrery","Snecko Eye"],"picked":"Empty Cage"}],"items_purged_floors":[11],"is_endless":false,"potions_floor_spawned":[7,8,13,22,29,30,40,46,48],"ascension_level":0}