{"gold_per_floor":[115,145,145,145,157,188,188,205,254,254,219,68,97,107,107,204,204,217,217,236,236,250,250,276,286,310,4,24,299,319,319,319,319],"floor_reached":33,"playtime":1713,"items_purged":["Strike_B","Rip and Tear"],"score":465,"play_id":"226ff0e2-ebd7-47d1-a0af-e942dc15721a","local_time":"20190708235624","is_ascension_mode":true,"campfire_choices":[{"data":"Zap","floor":7.0,"key":"SMITH"},{"data":"Dualcast","floor":10.0,"key":"SMITH"},{"data":"Defragment","floor":15.0,"key":"SMITH"},{"data":"Electrodynamics","floor":23.0,"key":"SMITH"},{"floor":32.0,"key":"REST"}],"neow_cost":"NONE","seed_source_timestamp":0,"circlet_count":0,"master_deck":["AscendersBane","Defend_B","Defend_B","Defend_B","Defend_B","Zap+1","Dualcast+1","Ball Lightning","Capacitor","Conserve Battery","Self Repair","Defragment+1","White Noise","Echo Form","Bite","Bite","Bite","Bite","Bite","Coolheaded+1","Electrodynamics+1","Skim+1","Biased Cognition"],"special_seed":0,"relics":["Cracked Core","Tiny Chest","Du-Vu Doll","Potion Belt","Anchor","Velvet Choker","Cables","Girya","Omamori","ClockworkSouvenir","Enchiridion"],"potions_floor_usage":[33],"damage_taken":[{"damage":4.0,"enemies":"Jaw Worm","floor":1.0,"turns":4.0},{"damage":0.0,"enemies":"2 Louse","floor":5.0,"turns":2.0},{"damage":38.0,"enemies":"Gremlin Nob","floor":6.0,"turns":4.0},{"damage":1.0,"enemies":"Cultist","floor":8.0,"turns":3.0},{"damage":16.0,"enemies":"3 Sentries","floor":13.0,"turns":8.0},{"damage":1.0,"enemies":"Looter","floor":14.0,"turns":3.0},{"damage":33.0,"enemies":"Slime Boss","floor":16.0,"turns":7.0},{"damage":9.0,"enemies":"3 Byrds","floor":18.0,"turns":5.0},{"damage":6.0,"enemies":"Spheric Guardian","floor":20.0,"turns":3.0},{"damage":37.0,"enemies":"Snake Plant","floor":22.0,"turns":5.0},{"damage":19.0,"enemies":"Slavers","floor":24.0,"turns":4.0},{"damage":23.0,"enemies":"Snecko","floor":25.0,"turns":5.0},{"damage":13.0,"enemies":"3 Cultists","floor":28.0,"turns":3.0},{"damage":15.0,"enemies":"Centurion and Healer","floor":30.0,"turns":4.0},{"damage":39,"enemies":"Automaton","floor":33,"turns":6}],"seed_played":"7115124841832032711","potions_obtained":[{"floor":1.0,"key":"FearPotion"},{"floor":6.0,"key":"EssenceOfSteel"},{"floor":14.0,"key":"Explosive Potion"},{"floor":20.0,"key":"SkillPotion"},{"floor":25.0,"key":"SteroidPotion"}],"is_trial":false,"path_per_floor":["?","?","?","M","?","?","T","M","?","M","?"],"character_chosen":"DEFECT","items_purchased":["Self Repair","ClockworkSouvenir"],"campfire_rested":1,"item_purchase_floors":[12,27],"current_hp_per_floor":[71,59,59,59,59,21,21,20,20,20,40,40,31,37,37,11,64,62,57,57,57,40,40,30,24,24,24,22,22,20,4,21,0],"gold":319,"neow_bonus":"TEN_PERCENT_HP_BONUS","is_prod":false,"is_daily":false,"chose_seed":false,"campfire_upgraded":4,"win_rate":0,"timestamp":1562619384,"path_taken":["M","?","?","?","?","E","R","M","T","R","?","$","E","M","R","BOSS","M","?","M","?","?","R","E","M","T","$","M","?","?","?","R","BOSS"],"build_version":"2019-01-23","purchased_purges":2,"victory":false,"max_hp_per_floor":[82,82,82,82,82,82,82,82,82,82,82,82,82,82,82,82,82,82,57,57,57,57,57,57,57,57,57,57,57,57,57,57,57],"card_choices":[{"not_picked":["Steam Power","Compile Driver"],"picked":"Ball Lightning","floor":1.0},{"not_picked":["Cold Snap","Hello World"],"picked":"Capacitor","floor":5.0},{"not_picked":["Hologram","Barrage","Sunder"],"picked":"SKIP","floor":6.0},{"not_picked":["Capacitor","Blizzard"],"picked":"Conserve Battery","floor":8.0},{"not_picked":["Rainbow","Force Field"],"picked":"Defragment","floor":13.0},{"not_picked":["Force Field","Stack"],"picked":"White Noise","floor":14.0},{"not_picked":["Rainbow","Fission"],"picked":"Echo Form","floor":16.0},{"not_picked":["Stack","Streamline+1"],"picked":"Rip and Tear","floor":18.0},{"not_picked":["Turbo+1","Rebound"],"picked":"Coolheaded+1","floor":20.0},{"not_picked":["Turbo","Rebound"],"picked":"Electrodynamics","floor":22.0},{"not_picked":["Stack","Aggregate","Cold Snap"],"picked":"SKIP","floor":24.0},{"not_picked":["Rebound","Beam Cell","Redo"],"picked":"SKIP","floor":25.0},{"not_picked":["Scrape","Go for the Eyes"],"picked":"Skim+1","floor":28.0},{"not_picked":["Scrape+1","Blizzard"],"picked":"Biased Cognition","floor":30.0}],"player_experience":335202,"relics_obtained":[{"floor":6.0,"key":"Du-Vu Doll"},{"floor":9.0,"key":"Potion Belt"},{"floor":13.0,"key":"Anchor"},{"floor":21.0,"key":"Cables"},{"floor":24.0,"key":"Girya"},{"floor":26.0,"key":"Omamori"},{"floor":31.0,"key":"Enchiridion"}],"event_choices":[{"damage_healed":0.0,"max_hp_gain":0.0,"max_hp_loss":0.0,"gold_gain":0.0,"event_name":"Scrap Ooze","player_choice":"Success","floor":2.0,"gold_loss":0.0,"damage_taken":12.0,"relics_obtained":["Tiny Chest"]},{"cards_removed":["Strike_B"],"damage_healed":0.0,"max_hp_gain":0.0,"max_hp_loss":0.0,"gold_gain":0.0,"event_name":"Living Wall","player_choice":"Forget","floor":3.0,"gold_loss":0.0,"damage_taken":0.0},{"cards_removed":["Strike_B"],"damage_healed":0.0,"max_hp_gain":0.0,"max_hp_loss":0.0,"gold_gain":0.0,"event_name":"Bonfire Elementals","player_choice":"Offered Basic","floor":4.0,"gold_loss":0.0,"damage_taken":0.0},{"damage_healed":20.0,"max_hp_gain":0.0,"max_hp_loss":0.0,"gold_gain":0.0,"event_name":"The Cleric","player_choice":"Healed","floor":11.0,"gold_loss":35.0,"damage_taken":0.0},{"damage_healed":0.0,"max_hp_gain":0.0,"max_hp_loss":25.0,"gold_gain":0.0,"event_name":"Vampires","player_choice":"Became a vampire","floor":19.0,"gold_loss":0.0,"damage_taken":0.0,"cards_obtained":["Bite","Bite","Bite","Bite","Bite"]},{"damage_healed":0.0,"max_hp_gain":0.0,"max_hp_loss":0.0,"gold_gain":275.0,"event_name":"Golden Shrine","player_choice":"Desecrate","floor":29.0,"gold_loss":0.0,"damage_taken":0.0,"cards_obtained":["Regret"]},{"damage_healed":0.0,"max_hp_gain":0.0,"max_hp_loss":0.0,"gold_gain":0.0,"event_name":"Cursed Tome","player_choice":"Obtained Book","floor":31.0,"gold_loss":0.0,"damage_taken":16.0}],"is_beta":false,"boss_relics":[{"not_picked":["Ectoplasm","Eternal Feather"],"picked":"Velvet Choker"}],"items_purged_floors":[12,27],"is_endless":false,"potions_floor_spawned":[1,6,14,20,25],"killed_by":"Automaton","ascension_level":12}