{"gold_per_floor":[110,60,34,34,50,50,67,67,94,125,144,163,163,163,163,283,283,307,307,307,307,11,11,11,49,49,49,49,70,94,27,27,157,157,175,194,214,227,242,242,276,276,276,276,295,344,356,382,394,406],"floor_reached":51,"playtime":3341,"items_purged":[],"score":695,"play_id":"6d2fab05-700b-4759-9e06-c0529c8f7eed","local_time":"20190709010630","is_ascension_mode":false,"campfire_choices":[{"data":"Conserve Battery","floor":6,"key":"SMITH"},{"floor":15,"key":"REST"},{"data":"Rainbow","floor":23,"key":"SMITH"},{"floor":28,"key":"REST"},{"data":"Capacitor","floor":32,"key":"SMITH"},{"floor":40,"key":"REST"},{"floor":49,"key":"REST"}],"neow_cost":"NONE","seed_source_timestamp":127189487686031,"circlet_count":0,"master_deck":["Strike_B","Strike_B+1","Strike_B","Defend_B","Defend_B","Defend_B","Zap","Dualcast","Cold Snap+1","Leap","Conserve Battery+1","Capacitor+1","Compile Driver","Doom and Gloom","Coolheaded","Rainbow+1","Streamline","FTL","Leap","Heatsinks+1","Reboot","Auto Shields+1","Sweeping Beam+1","Biased Cognition+1","Hello World+1","Conserve Battery+1","FTL+1","Writhe","Glacier","Pain","Dramatic Entrance","Aggregate+1"],"relics":["Cracked Core","Pocketwatch","Anchor","Whetstone","Omamori","Golden Idol","Nuclear Battery","Mummified Hand","Bottled Flame","NlothsMask","Frozen Egg 2","Nloth\u0027s Gift","Ancient Tea Set","Cursed Key","Ice Cream","Meat on the Bone","MawBank"],"potions_floor_usage":[16,33,33,38,50,50,50],"damage_taken":[{"damage":1,"enemies":"Jaw Worm","floor":1,"turns":4},{"damage":0,"enemies":"2 Louse","floor":5,"turns":3},{"damage":0,"enemies":"Small Slimes","floor":7,"turns":3},{"damage":15,"enemies":"3 Sentries","floor":10,"turns":9},{"damage":1,"enemies":"3 Louse","floor":11,"turns":3},{"damage":0,"enemies":"Large Slime","floor":12,"turns":4},{"damage":34,"enemies":"The Guardian","floor":16,"turns":9},{"damage":10,"enemies":"Spheric Guardian","floor":18,"turns":4},{"damage":14,"enemies":"Book of Stabbing","floor":25,"turns":6},{"damage":0,"enemies":"Chosen","floor":29,"turns":4},{"damage":2,"enemies":"Snecko","floor":30,"turns":4},{"damage":36,"enemies":"Automaton","floor":33,"turns":12},{"damage":19,"enemies":"3 Darklings","floor":35,"turns":9},{"damage":4,"enemies":"Orb Walker","floor":36,"turns":4},{"damage":9,"enemies":"4 Shapes","floor":37,"turns":5},{"damage":18,"enemies":"Writhing Mass","floor":38,"turns":5},{"damage":0,"enemies":"3 Darklings","floor":39,"turns":5},{"damage":8,"enemies":"Nemesis","floor":41,"turns":9},{"damage":0,"enemies":"4 Shapes","floor":45,"turns":4},{"damage":6,"enemies":"Sphere and 2 Shapes","floor":48,"turns":3},{"damage":31,"enemies":"Donu and Deca","floor":50,"turns":10}],"seed_played":"7566615623834250277","potions_obtained":[{"floor":1,"key":"Swift Potion"},{"floor":7,"key":"FocusPotion"},{"floor":18,"key":"Block Potion"},{"floor":29,"key":"Block Potion"},{"floor":33,"key":"SteroidPotion"},{"floor":36,"key":"Poison Potion"},{"floor":37,"key":"Explosive Potion"},{"floor":41,"key":"FocusPotion"},{"floor":48,"key":"SkillPotion"}],"is_trial":false,"path_per_floor":["M","?","$","?","M","R","M","T","T","E","M","M","?","?","R","B",null,"M","?","?","?","$","R","?","E","T","?","R","M","M","?","R","B",null,"M","M","M","M","M","R","E","?","T","?","M","T","?","M","R","B",null],"character_chosen":"DEFECT","items_purchased":["Leap","FTL","Bottled Flame"],"campfire_rested":4,"item_purchase_floors":[3,22,22],"current_hp_per_floor":[81,81,81,74,74,74,74,74,74,59,58,58,58,58,82,48,82,72,72,72,72,72,72,72,58,58,58,82,82,80,80,80,44,82,63,59,50,32,32,56,48,48,48,69,69,69,69,63,82,51],"gold":418,"neow_bonus":"TEN_PERCENT_HP_BONUS","is_prod":false,"is_daily":false,"chose_seed":false,"campfire_upgraded":3,"win_rate":0.0,"timestamp":1562627190,"path_taken":["M","?","$","?","M","R","M","?","T","E","M","M","?","?","R","BOSS","M","?","?","?","$","R","?","E","T","?","R","?","M","?","R","BOSS","M","M","?","M","?","R","E","?","T","?","M","?","?","M","R","BOSS"],"build_version":"2019-07-05","purchased_purges":0,"victory":true,"max_hp_per_floor":[82,82,82,82,82,82,82,82,82,82,82,82,82,82,82,82,82,82,82,82,82,82,82,82,82,82,82,82,82,82,82,82,82,82,82,82,82,82,82,82,82,82,82,82,82,82,82,82,82,82],"card_choices":[{"not_picked":["Tempest","Fusion"],"picked":"Cold Snap","floor":1},{"not_picked":["Leap","Sweeping Beam"],"picked":"Conserve Battery","floor":5},{"not_picked":["Leap","Lockon"],"picked":"Capacitor","floor":7},{"not_picked":["Barrage","Force Field"],"picked":"Compile Driver","floor":10},{"not_picked":["Genetic Algorithm","Lockon"],"picked":"Doom and Gloom","floor":11},{"not_picked":["Aggregate","Compile Driver"],"picked":"Coolheaded","floor":12},{"not_picked":["Creative AI","Seek"],"picked":"Rainbow","floor":16},{"not_picked":["Coolheaded+1","Barrage"],"picked":"Streamline","floor":18},{"not_picked":["Compile Driver","Static Discharge","Steam"],"picked":"SKIP","floor":25},{"not_picked":["Go for the Eyes","Reprogram"],"picked":"Leap","floor":29},{"not_picked":["Hologram","Storm+1"],"picked":"Heatsinks+1","floor":30},{"not_picked":["All For One","Thunder Strike"],"picked":"Reboot","floor":33},{"not_picked":["Compile Driver","Tempest"],"picked":"Auto Shields+1","floor":35},{"not_picked":["White Noise","Go for the Eyes+1"],"picked":"Sweeping Beam+1","floor":36},{"not_picked":["Coolheaded+1","Stack"],"picked":"Biased Cognition+1","floor":37},{"not_picked":["Beam Cell","Leap+1"],"picked":"Hello World+1","floor":38},{"not_picked":["Melter","Go for the Eyes"],"picked":"Conserve Battery+1","floor":39},{"not_picked":["Hologram","Hello World+1"],"picked":"FTL+1","floor":41},{"not_picked":["Compile Driver","Hologram"],"picked":"Glacier","floor":45},{"not_picked":["Trip","Forethought"],"picked":"Dramatic Entrance","floor":47},{"not_picked":["Seek","Blizzard+1"],"picked":"Aggregate+1","floor":48}],"player_experience":73207,"relics_obtained":[{"floor":8,"key":"Pocketwatch"},{"floor":9,"key":"Anchor"},{"floor":10,"key":"Whetstone"},{"floor":25,"key":"Frozen Egg 2"},{"floor":41,"key":"Ice Cream"},{"floor":43,"key":"Meat on the Bone"},{"floor":46,"key":"MawBank"}],"event_choices":[{"cards_removed":["Strike_B"],"damage_healed":0,"gold_gain":0,"player_choice":"Card Removal","damage_taken":0,"max_hp_gain":0,"max_hp_loss":0,"event_name":"The Cleric","floor":2,"gold_loss":50},{"damage_healed":0,"gold_gain":0,"player_choice":"Success","damage_taken":7,"relics_obtained":["Juzu Bracelet"],"max_hp_gain":0,"max_hp_loss":0,"event_name":"Scrap Ooze","floor":4,"gold_loss":0},{"damage_healed":0,"gold_gain":0,"player_choice":"Box","damage_taken":0,"relics_obtained":["Omamori"],"max_hp_gain":0,"max_hp_loss":0,"event_name":"Big Fish","floor":13,"gold_loss":0,"cards_obtained":["Regret"]},{"damage_healed":0,"gold_gain":0,"player_choice":"Take Wound","damage_taken":0,"relics_obtained":["Golden Idol"],"max_hp_gain":0,"max_hp_loss":0,"event_name":"Golden Idol","floor":14,"gold_loss":0,"cards_obtained":["Injury"]},{"cards_removed":["Regret"],"damage_healed":0,"gold_gain":0,"player_choice":"Removed Curses","damage_taken":0,"max_hp_gain":0,"max_hp_loss":0,"event_name":"Fountain of Cleansing","floor":19,"gold_loss":0},{"cards_removed":["Defend_B"],"damage_healed":0,"gold_gain":0,"player_choice":"Elegance","damage_taken":0,"max_hp_gain":0,"max_hp_loss":0,"event_name":"Back to Basics","floor":20,"gold_loss":0},{"damage_healed":0,"gold_gain":0,"player_choice":"Opened","damage_taken":0,"relics_obtained":["Mummified Hand"],"max_hp_gain":0,"max_hp_loss":0,"event_name":"The Mausoleum","floor":21,"gold_loss":0},{"damage_healed":0,"gold_gain":0,"player_choice":"Trade","damage_taken":0,"relics_obtained":["NlothsMask"],"max_hp_gain":0,"max_hp_loss":0,"event_name":"FaceTrader","floor":24,"gold_loss":0},{"damage_healed":0,"gold_gain":0,"player_choice":"Traded Relic","damage_taken":0,"relics_obtained":["Nloth\u0027s Gift"],"max_hp_gain":0,"max_hp_loss":0,"event_name":"N\u0027loth","floor":27,"relics_lost":["Juzu Bracelet"],"gold_loss":0},{"damage_healed":0,"gold_gain":0,"player_choice":"Paid Gold","damage_taken":0,"relics_obtained":["Ancient Tea Set"],"max_hp_gain":0,"max_hp_loss":0,"event_name":"WeMeetAgain","floor":31,"gold_loss":67},{"damage_healed":0,"gold_gain":0,"player_choice":"Ignored","damage_taken":0,"max_hp_gain":0,"max_hp_loss":0,"event_name":"Mysterious Sphere","floor":42,"gold_loss":0},{"damage_healed":21,"gold_gain":0,"player_choice":"Writhe","damage_taken":0,"max_hp_gain":0,"max_hp_loss":0,"event_name":"Winding Halls","floor":44,"gold_loss":0,"cards_obtained":["Writhe"]},{"damage_healed":0,"gold_gain":0,"player_choice":"Memory 1","damage_taken":0,"max_hp_gain":0,"max_hp_loss":0,"event_name":"SensoryStone","floor":47,"gold_loss":0}],"is_beta":false,"boss_relics":[{"not_picked":["Busted Crown","Black Star"],"picked":"Nuclear Battery"},{"not_picked":["Empty Cage","Orrery"],"picked":"Cursed Key"}],"items_purged_floors":[],"is_endless":false,"potions_floor_spawned":[1,7,18,29,30,33,36,37,41,48],"ascension_level":0}