{"gold_per_floor":[112,122,141,141,153,185,201,376,453,453,453,46,46,65,65,168,168,182,182,182,211,10,28,62,62,133,133,33,367,89,99,99,198,198,208,220,74,374,394,419,419,450,522,622,622,642,642,653,653,653,653,653,26,53,53],"floor_reached":55,"playtime":7263,"items_purged":["Doubt","Shame","Strike_B","Defend_B"],"score":1085,"play_id":"00bf0011-c210-453b-b865-ab7fdceeba9b","local_time":"20190624072420","is_ascension_mode":true,"campfire_choices":[{"data":"Zap","floor":13.0,"key":"SMITH"},{"data":"Fission","floor":15.0,"key":"SMITH"},{"data":"Self Repair","floor":27.0,"key":"SMITH"},{"data":"Creative AI","floor":32.0,"key":"SMITH"},{"data":"Seek","floor":41.0,"key":"SMITH"},{"floor":45.0,"key":"RECALL"},{"data":"Biased Cognition","floor":49.0,"key":"SMITH"},{"data":"Chill","floor":52.0,"key":"SMITH"}],"neow_cost":"NONE","seed_source_timestamp":179347824444609,"circlet_count":0,"master_deck":["Defend_B+1","Zap+1","Dualcast+1","Purity","Ball Lightning","Cold Snap","Self Repair+1","Echo Form","White Noise","Fission+1","Conserve Battery","Core Surge","Conserve Battery","Biased Cognition+1","Chill+1","White Noise","Creative AI+1","Seek+1","Hologram+1","Redo","White Noise+1","Master of Strategy","Leap"],"special_seed":0,"relics":["Cracked Core","Pantograph","Pear","Question Card","Empty Cage","FossilizedHelix","Red Mask","Runic Capacitor","War Paint","Potion Belt","Singing Bowl","Old Coin","Lantern","Busted Crown","Bag of Preparation","Incense Burner","Juzu Bracelet","Pocketwatch","Symbiotic Virus","Bottled Lightning"],"potions_floor_usage":[54,55],"damage_taken":[{"damage":4.0,"enemies":"Small Slimes","floor":1.0,"turns":3.0},{"damage":1.0,"enemies":"Cultist","floor":2.0,"turns":4.0},{"damage":4.0,"enemies":"Jaw Worm","floor":3.0,"turns":3.0},{"damage":4.0,"enemies":"Looter","floor":5.0,"turns":3.0},{"damage":28.0,"enemies":"Gremlin Nob","floor":6.0,"turns":4.0},{"damage":11.0,"enemies":"Blue Slaver","floor":7.0,"turns":3.0},{"damage":12.0,"enemies":"Large Slime","floor":14.0,"turns":6.0},{"damage":32.0,"enemies":"The Guardian","floor":16.0,"turns":13.0},{"damage":11.0,"enemies":"Spheric Guardian","floor":18.0,"turns":4.0},{"damage":25.0,"enemies":"Masked Bandits","floor":21.0,"turns":4.0},{"damage":12.0,"enemies":"Shell Parasite","floor":23.0,"turns":6.0},{"damage":22.0,"enemies":"Slavers","floor":24.0,"turns":8.0},{"damage":29.0,"enemies":"Book of Stabbing","floor":29.0,"turns":7.0},{"damage":0.0,"enemies":"Snecko","floor":31.0,"turns":5.0},{"damage":0.0,"enemies":"Automaton","floor":33.0,"turns":12.0},{"damage":12.0,"enemies":"Orb Walker","floor":35.0,"turns":5.0},{"damage":3.0,"enemies":"3 Shapes","floor":36.0,"turns":5.0},{"damage":1.0,"enemies":"Transient","floor":39.0,"turns":5.0},{"damage":71.0,"enemies":"Nemesis","floor":40.0,"turns":7.0},{"damage":0.0,"enemies":"Giant Head","floor":42.0,"turns":10.0},{"damage":0.0,"enemies":"Mind Bloom Boss Battle","floor":44.0,"turns":7.0},{"damage":0.0,"enemies":"3 Darklings","floor":46.0,"turns":7.0},{"damage":0.0,"enemies":"Sphere and 2 Shapes","floor":48.0,"turns":2.0},{"damage":24.0,"enemies":"Donu and Deca","floor":50.0,"turns":9.0},{"damage":45,"enemies":"Shield and Spear","floor":54,"turns":6},{"damage":103,"enemies":"The Heart","floor":55,"turns":6}],"seed_played":"-6842803435871351179","potions_obtained":[{"floor":1.0,"key":"Energy Potion"},{"floor":5.0,"key":"SmokeBomb"},{"floor":6.0,"key":"Explosive Potion"},{"floor":16.0,"key":"Swift Potion"},{"floor":21.0,"key":"FearPotion"},{"floor":24.0,"key":"SkillPotion"},{"floor":31.0,"key":"FocusPotion"},{"floor":36.0,"key":"SpeedPotion"},{"floor":39.0,"key":"SpeedPotion"},{"floor":46.0,"key":"Swift Potion"},{"floor":54,"key":"Fire Potion"}],"is_trial":false,"path_per_floor":["?","M","M","?","?","T","?","?","?","?","$","?","M","?","?"],"character_chosen":"DEFECT","items_purchased":["Fission","Question Card","Runic Capacitor","Lantern","Bag of Preparation","Symbiotic Virus","Master of Strategy","Leap"],"campfire_rested":0,"item_purchase_floors":[12,12,22,30,37,53,53,53],"current_hp_per_floor":[71,70,66,66,62,41,37,37,47,52,52,52,52,47,47,47,79,82,82,82,64,64,66,58,58,58,58,58,39,39,61,61,92,92,82,96,96,96,98,39,39,61,61,96,96,104,104,104,104,90,101,101,101,78,0],"gold":53,"neow_bonus":"RANDOM_COLORLESS","is_prod":false,"is_daily":false,"chose_seed":false,"campfire_upgraded":7,"win_rate":0,"timestamp":1561350260,"path_taken":["M","M","M","?","?","E","?","?","T","?","?","$","R","M","R","BOSS","M","?","?","?","$","M","E","?","T","R","?","E","$","M","R","BOSS","M","M","$","?","?","E","R","E","T","?","R","M","?","M","R","BOSS","R","$","E","BOSS"],"build_version":"2019-01-23","purchased_purges":4,"victory":false,"max_hp_per_floor":[75,75,75,75,75,75,75,75,85,90,90,90,90,90,90,90,90,90,90,90,90,90,90,90,90,90,90,90,90,90,92,92,92,92,94,96,96,96,98,100,100,102,102,102,102,104,104,104,104,104,104,104,104,106,106],"card_choices":[{"not_picked":["Hello World","Beam Cell","Stack"],"picked":"SKIP","floor":1.0},{"not_picked":["Gash","Hologram"],"picked":"Ball Lightning","floor":2.0},{"not_picked":["Coolheaded","Leap"],"picked":"Cold Snap","floor":3.0},{"not_picked":["Steam","Undo"],"picked":"Self Repair","floor":5.0},{"not_picked":["Amplify","Cold Snap"],"picked":"Echo Form","floor":6.0},{"not_picked":["Glacier","Beam Cell"],"picked":"White Noise","floor":7.0},{"not_picked":["Lockon","Capacitor","Ball Lightning"],"picked":"Conserve Battery","floor":14.0},{"not_picked":["Buffer","Amplify","Machine Learning"],"picked":"Core Surge","floor":16.0},{"not_picked":["Steam","Darkness","Gash"],"picked":"Conserve Battery","floor":18.0},{"not_picked":["Beam Cell","Steam+1","Reinforced Body"],"picked":"Biased Cognition","floor":21.0},{"not_picked":["Conserve Battery+1","Blizzard+1","Ball Lightning"],"picked":"Chill","floor":23.0},{"not_picked":["Beam Cell","Coolheaded","Lockon"],"picked":"White Noise","floor":24.0},{"not_picked":["Go for the Eyes","Double Energy","Stack+1"],"picked":"Creative AI","floor":29.0},{"not_picked":["Streamline","Darkness","Gash","Compile Driver"],"picked":"Singing Bowl","floor":31.0},{"not_picked":["Core Surge","Creative AI","Multi-Cast"],"picked":"Seek","floor":33.0},{"not_picked":["Beam Cell","Redo+1"],"picked":"Singing Bowl","floor":35.0},{"not_picked":["Leap","Melter"],"picked":"Singing Bowl","floor":36.0},{"not_picked":["Beam Cell+1","Conserve Battery+1"],"picked":"Singing Bowl","floor":39.0},{"not_picked":["Leap","Conserve Battery"],"picked":"Singing Bowl","floor":40.0},{"not_picked":["Recycle+1","Undo+1"],"picked":"Singing Bowl","floor":42.0},{"not_picked":["Skim+1"],"picked":"Hologram+1","floor":44.0},{"not_picked":["Turbo","Capacitor+1"],"picked":"Singing Bowl","floor":46.0},{"not_picked":["Turbo"],"picked":"White Noise+1","floor":48.0},{"not_picked":["Multi-Cast","Compile Driver+1"],"picked":"Singing Bowl","floor":54}],"player_experience":211739,"relics_obtained":[{"floor":6.0,"key":"Pantograph"},{"floor":9.0,"key":"Pear"},{"floor":21.0,"key":"Red Mask"},{"floor":24.0,"key":"War Paint"},{"floor":26.0,"key":"Singing Bowl"},{"floor":29.0,"key":"Old Coin"},{"floor":40.0,"key":"Incense Burner"},{"floor":42.0,"key":"Juzu Bracelet"},{"floor":44.0,"key":"Pocketwatch"},{"floor":54,"key":"Bottled Lightning"}],"event_choices":[{"cards_removed":["Strike_B"],"damage_healed":0.0,"max_hp_gain":0.0,"max_hp_loss":0.0,"gold_gain":0.0,"event_name":"Purifier","player_choice":"Purged","floor":4.0,"gold_loss":0.0,"damage_taken":0.0},{"damage_healed":0.0,"max_hp_gain":0.0,"max_hp_loss":0.0,"gold_gain":175.0,"event_name":"Liars Game","player_choice":"AGREE","floor":8.0,"gold_loss":0.0,"damage_taken":0.0,"cards_obtained":["Doubt"]},{"damage_healed":0.0,"max_hp_gain":5.0,"max_hp_loss":0.0,"gold_gain":0.0,"event_name":"Big Fish","player_choice":"Donut","floor":10.0,"gold_loss":0.0,"damage_taken":0.0},{"cards_removed":["Defend_B"],"damage_healed":0.0,"max_hp_gain":0.0,"max_hp_loss":0.0,"gold_gain":0.0,"event_name":"Back to Basics","player_choice":"Elegance","floor":19.0,"gold_loss":0.0,"damage_taken":0.0},{"damage_healed":0.0,"max_hp_gain":0.0,"max_hp_loss":0.0,"gold_gain":0.0,"event_name":"The Mausoleum","player_choice":"Opened","floor":20.0,"gold_loss":0.0,"damage_taken":0.0,"relics_obtained":["FossilizedHelix"]},{"damage_healed":0.0,"max_hp_gain":0.0,"max_hp_loss":0.0,"gold_gain":0.0,"event_name":"Masked Bandits","player_choice":"Fought Bandits","floor":21.0,"gold_loss":0.0,"damage_taken":0.0},{"damage_healed":0.0,"max_hp_gain":0.0,"max_hp_loss":0.0,"gold_gain":0.0,"event_name":"Addict","player_choice":"Stole Relic","floor":25.0,"gold_loss":0.0,"damage_taken":0.0,"relics_obtained":["Potion Belt"],"cards_obtained":["Shame"]},{"damage_healed":0.0,"max_hp_gain":0.0,"max_hp_loss":0.0,"gold_gain":300.0,"event_name":"Wheel of Change","player_choice":"Gold","floor":38.0,"gold_loss":0.0,"damage_taken":0.0},{"damage_healed":0.0,"max_hp_gain":0.0,"max_hp_loss":0.0,"gold_gain":0.0,"event_name":"MindBloom","player_choice":"Fight","floor":44.0,"gold_loss":0.0,"damage_taken":0.0},{"damage_healed":0.0,"max_hp_gain":0.0,"max_hp_loss":0.0,"gold_gain":0.0,"cards_transformed":["Defend_B"],"event_name":"Transmorgrifier","player_choice":"Transformed","floor":47.0,"gold_loss":0.0,"damage_taken":0.0,"cards_obtained":["Redo"]}],"is_beta":false,"boss_relics":[{"not_picked":["Snecko Eye","Eternal Feather"],"picked":"Empty Cage"},{"not_picked":["Inserter","Lizard Tail"],"picked":"Busted Crown"}],"items_purged_floors":[12,28,30,53],"is_endless":false,"potions_floor_spawned":[1,5,6,16,18,21,24,31,36,39,40,46,54],"killed_by":"The Heart","ascension_level":5}