{"gold_per_floor":[113,164,183,202,219,219,239,239,264,264],"floor_reached":10,"playtime":1618,"items_purged":[],"score":108,"play_id":"2d021e77-d96b-48f5-8acd-baabbfab4f11","local_time":"20190512133220","daily_mods":["Draft","Shiny","Specialized","Vintage","Allstar","Heirloom"],"is_ascension_mode":false,"campfire_choices":[{"data":"Barricade","floor":6,"key":"SMITH"},{"data":"Seeing Red","floor":8,"key":"SMITH"}],"neow_cost":"","seed_source_timestamp":0,"circlet_count":0,"master_deck":["Double Tap","Demon Form","Bludgeon","Feed","Limit Break","Barricade+1","Fiend Fire","Dark Embrace","Berserk","Impervious","Juggernaut","Brutality","Reaper","Exhume","Offering","Immolate","Battle Trance","Battle Trance","Battle Trance","Battle Trance","Battle Trance","Headbutt","Seeing Red+1","Bloodletting","Shrug It Off","Shrug It Off","Pummel","Iron Wave","Anger","Ghostly Armor","Rage","Metallicize","Body Slam","Anger","Flex","Rampage","Metallicize"],"relics":["Burning Blood","Peace Pipe","Smiling Mask","Ginger","Orichalcum","Bag of Marbles","Odd Mushroom","Omamori"],"potions_floor_usage":[],"damage_taken":[{"damage":7,"enemies":"Jaw Worm","floor":1,"turns":4},{"damage":10,"enemies":"Small Slimes","floor":3,"turns":2},{"damage":3,"enemies":"Cultist","floor":4,"turns":4},{"damage":5,"enemies":"Large Slime","floor":5,"turns":5},{"damage":13,"enemies":"The Mushroom Lair","floor":7,"turns":4},{"damage":3,"enemies":"Lots of Slimes","floor":10,"turns":3}],"seed_played":"6634534820621611287","potions_obtained":[{"floor":3,"key":"PowerPotion"},{"floor":4,"key":"Strength Potion"},{"floor":5,"key":"Strength Potion"}],"is_trial":true,"path_per_floor":["?","?"],"character_chosen":"IRONCLAD","items_purchased":[],"campfire_rested":0,"item_purchase_floors":[],"current_hp_per_floor":[79,79,78,83,86,86,86,86,86,83],"gold":264,"neow_bonus":"","is_prod":false,"is_daily":false,"chose_seed":false,"campfire_upgraded":2,"win_rate":0,"timestamp":1557657140,"path_taken":["M","?","M","M","M","R","?","R","T","M"],"build_version":"2019-01-23","purchased_purges":0,"victory":false,"max_hp_per_floor":[80,80,83,83,86,86,86,86,86,86],"card_choices":[{"not_picked":["Heavy Blade","Searing Blow"],"picked":"Headbutt","floor":0},{"not_picked":["Corruption","Thunderclap"],"picked":"Seeing Red","floor":0},{"not_picked":["Sever Soul","Headbutt"],"picked":"Bloodletting","floor":0},{"not_picked":["Wild Strike","Perfected Strike"],"picked":"Shrug It Off","floor":0},{"not_picked":["Havoc","Headbutt"],"picked":"Shrug It Off","floor":0},{"not_picked":["Clothesline","Rupture"],"picked":"Pummel","floor":0},{"not_picked":["Sword Boomerang","Havoc"],"picked":"Iron Wave","floor":0},{"not_picked":["Clothesline","Warcry"],"picked":"Anger","floor":0},{"not_picked":["Iron Wave","Anger"],"picked":"Ghostly Armor","floor":0},{"not_picked":["Havoc","Clash"],"picked":"Rage","floor":0},{"not_picked":["Reckless Charge","Clash"],"picked":"Metallicize","floor":0},{"not_picked":["Sever Soul","Perfected Strike"],"picked":"Body Slam","floor":0},{"not_picked":["Headbutt","Battle Trance"],"picked":"Anger","floor":0},{"not_picked":["Fire Breathing","Clash"],"picked":"Flex","floor":0},{"not_picked":["Bloodletting","Anger"],"picked":"Rampage","floor":0},{"not_picked":["Flex","Cleave"],"picked":"Metallicize","floor":7}],"player_experience":83762,"relics_obtained":[{"floor":1,"key":"Smiling Mask"},{"floor":3,"key":"Ginger"},{"floor":4,"key":"Orichalcum"},{"floor":5,"key":"Bag of Marbles"},{"floor":7,"key":"Odd Mushroom"},{"floor":9,"key":"Omamori"}],"event_choices":[{"damage_healed":0,"gold_gain":51,"player_choice":"Gained Gold","damage_taken":0,"max_hp_gain":0,"max_hp_loss":0,"event_name":"Golden Wing","floor":2,"gold_loss":0},{"damage_healed":0,"gold_gain":0,"player_choice":"Fought Mushrooms","damage_taken":0,"max_hp_gain":0,"max_hp_loss":0,"event_name":"Mushrooms","floor":7,"gold_loss":0}],"is_beta":false,"boss_relics":[],"items_purged_floors":[],"is_endless":false,"potions_floor_spawned":[3,4,5],"killed_by":"Lots of Slimes","ascension_level":0}