{"gold_per_floor":[111,186,203,203,164,164,190,200,223,251,251,263,8,34,34,132,132,148,166,166,81,81,81,81,116,116,126,126,161,41,58,58,58],"floor_reached":33,"playtime":5957,"items_purged":[],"score":530,"play_id":"3cd8e070-bdb9-40f9-9201-0d786595b18b","local_time":"20190715185136","is_ascension_mode":true,"campfire_choices":[{"data":"Neutralize","floor":6.0,"key":"SMITH"},{"data":"Leg Sweep","floor":11.0,"key":"SMITH"},{"floor":15.0,"key":"REST"},{"floor":24.0,"key":"REST"},{"floor":28.0,"key":"REST"},{"floor":32,"key":"REST"}],"neow_cost":"NONE","seed_source_timestamp":474363263715119,"circlet_count":0,"master_deck":["AscendersBane","Defend_G","Defend_G","Defend_G+1","Defend_G+1","Defend_G","Survivor","Neutralize+1","Dagger Spray","Bouncing Flask","Caltrops","Leg Sweep+1","Blur","Flying Knee","Dodge and Roll","A Thousand Cuts","Noxious Fumes","All Out Attack","Bite","Bite","Bite","Bite","Bite","Dagger Spray+1","Cloak And Dagger","Blade Dance+1","Infinite Blades+1","Catalyst"],"special_seed":0,"relics":["Ring of the Snake","NeowsBlessing","Dodecahedron","War Paint","Bag of Marbles","Strawberry","Shuriken","Ancient Tea Set","Black Star","Frozen Egg 2","Snake Skull","Happy Flower","Gremlin Horn","Smiling Mask","Bronze Scales"],"potions_floor_usage":[33,33],"damage_taken":[{"damage":0.0,"enemies":"Small Slimes","floor":1.0,"turns":1.0},{"damage":0.0,"enemies":"Jaw Worm","floor":3.0,"turns":1.0},{"damage":0.0,"enemies":"Lagavulin","floor":7.0,"turns":1.0},{"damage":0.0,"enemies":"Cultist","floor":8.0,"turns":3.0},{"damage":23.0,"enemies":"Gremlin Nob","floor":10.0,"turns":5.0},{"damage":0.0,"enemies":"Exordium Wildlife","floor":12.0,"turns":4.0},{"damage":9.0,"enemies":"3 Sentries","floor":14.0,"turns":8.0},{"damage":19.0,"enemies":"The Guardian","floor":16.0,"turns":10.0},{"damage":18.0,"enemies":"Chosen","floor":18.0,"turns":8.0},{"damage":8.0,"enemies":"Shell Parasite","floor":19.0,"turns":9.0},{"damage":31.0,"enemies":"Book of Stabbing","floor":25.0,"turns":6.0},{"damage":13.0,"enemies":"Cultist and Chosen","floor":27.0,"turns":6.0},{"damage":27.0,"enemies":"Slavers","floor":29.0,"turns":4.0},{"damage":11,"enemies":"Shelled Parasite and Fungi","floor":31,"turns":5},{"damage":55,"enemies":"Champ","floor":33,"turns":8}],"seed_played":"1489480363568420581","potions_obtained":[{"floor":3.0,"key":"Strength Potion"},{"floor":7.0,"key":"Dexterity Potion"},{"floor":19.0,"key":"LiquidBronze"},{"floor":31,"key":"LiquidBronze"}],"is_trial":false,"path_per_floor":["M","?","M","T","$","R","E","M","T","E","R","M","$","E","R","B",null,"M","M","?","?","?","?","R","E","T","M","R","E","$","M","R","B"],"character_chosen":"THE_SILENT","items_purchased":["Caltrops","Shuriken","Infinite Blades+1","SkillPotion"],"campfire_rested":4,"item_purchase_floors":[5,13,30,30],"current_hp_per_floor":[63,52,52,52,52,52,52,52,52,36,36,36,36,27,50,31,66,48,40,40,40,40,32,49,30,30,31,48,27,27,22,39,0],"gold":58,"neow_bonus":"THREE_ENEMY_KILL","is_prod":false,"is_daily":false,"chose_seed":false,"campfire_upgraded":2,"win_rate":0,"timestamp":1563231096,"path_taken":["M","?","M","?","$","R","E","M","T","E","R","M","$","E","R","BOSS","M","M","?","?","?","?","R","E","T","M","R","E","$","M","R","BOSS"],"build_version":"2019-07-05","purchased_purges":0,"victory":false,"max_hp_per_floor":[70,70,70,70,70,70,70,70,70,77,77,77,77,77,77,77,77,77,77,77,77,53,58,58,58,58,58,58,58,58,58,58,58],"card_choices":[{"not_picked":["Quick Slash","Slice"],"picked":"Dagger Spray","floor":1.0},{"not_picked":["Heel Hook","Quick Slash"],"picked":"Bouncing Flask","floor":3.0},{"not_picked":["Prepared","Wraith Form v2"],"picked":"Leg Sweep","floor":7.0},{"not_picked":["Poisoned Stab","Slice"],"picked":"Blur","floor":8.0},{"not_picked":["Masterful Stab","Blade Dance","Outmaneuver"],"picked":"SKIP","floor":10.0},{"not_picked":["Masterful Stab","Blade Dance","Outmaneuver"],"picked":"SKIP","floor":10.0},{"not_picked":["Sucker Punch","Wraith Form v2"],"picked":"Flying Knee","floor":12.0},{"not_picked":["Masterful Stab","Sucker Punch"],"picked":"Dodge and Roll","floor":14.0},{"not_picked":["Bullet Time","Unload"],"picked":"A Thousand Cuts","floor":16.0},{"not_picked":["Prepared","Backflip"],"picked":"Noxious Fumes","floor":18.0},{"not_picked":["Acrobatics","PiercingWail"],"picked":"All Out Attack","floor":19.0},{"not_picked":["Flechettes","Finisher"],"picked":"Dagger Spray+1","floor":25.0},{"not_picked":["Prepared","PiercingWail"],"picked":"Cloak And Dagger","floor":27.0},{"not_picked":["PiercingWail","Glass Knife"],"picked":"Blade Dance+1","floor":29.0},{"not_picked":["Heel Hook","Acrobatics+1"],"picked":"Catalyst","floor":31}],"player_experience":617575,"relics_obtained":[{"floor":4.0,"key":"Dodecahedron"},{"floor":7.0,"key":"War Paint"},{"floor":9.0,"key":"Bag of Marbles"},{"floor":10.0,"key":"Strawberry"},{"floor":14.0,"key":"Ancient Tea Set"},{"floor":25.0,"key":"Snake Skull"},{"floor":25.0,"key":"Happy Flower"},{"floor":26.0,"key":"Gremlin Horn"},{"floor":29.0,"key":"Smiling Mask"},{"floor":29.0,"key":"Bronze Scales"}],"event_choices":[{"damage_healed":0.0,"max_hp_gain":0.0,"max_hp_loss":0.0,"gold_gain":75.0,"event_name":"World of Goop","player_choice":"Gather Gold","floor":2.0,"gold_loss":0.0,"damage_taken":11.0},{"damage_healed":0.0,"max_hp_gain":0.0,"max_hp_loss":0.0,"gold_gain":0.0,"event_name":"Beggar","player_choice":"Ignored","floor":20.0,"gold_loss":0.0,"damage_taken":0.0},{"damage_healed":0.0,"max_hp_gain":0.0,"max_hp_loss":0.0,"gold_gain":0.0,"event_name":"Addict","player_choice":"Obtained Relic","floor":21.0,"gold_loss":85.0,"damage_taken":0.0,"relics_obtained":["Frozen Egg 2"]},{"damage_healed":0.0,"max_hp_gain":0.0,"max_hp_loss":24.0,"gold_gain":0.0,"event_name":"Vampires","player_choice":"Became a vampire","floor":22.0,"gold_loss":0.0,"damage_taken":0.0,"cards_obtained":["Bite","Bite","Bite","Bite","Bite"]},{"damage_healed":0.0,"max_hp_gain":5.0,"max_hp_loss":0.0,"gold_gain":0.0,"event_name":"Forgotten Altar","player_choice":"Shed Blood","floor":23.0,"gold_loss":0.0,"damage_taken":13.0}],"is_beta":false,"boss_relics":[{"not_picked":["Empty Cage","Busted Crown"],"picked":"Black Star"}],"items_purged_floors":[],"is_endless":false,"potions_floor_spawned":[3,7,12,19,31],"killed_by":"Champ","ascension_level":11}