{"gold_per_floor":[111,111,127,127,127,127,140,113,136,6,6,44,44,44,44,175,175,194,194,469,489,489,489,489],"floor_reached":24,"playtime":1033,"items_purged":["Strike_R"],"score":230,"play_id":"0fe87186-5691-4ccc-ae0c-2a9d9b941f5b","local_time":"20190412175318","is_ascension_mode":true,"campfire_choices":[{"data":"Brutality","floor":6,"key":"SMITH"},{"floor":11,"key":"REST"},{"floor":13,"key":"REST"},{"floor":15,"key":"REST"},{"floor":23,"key":"REST"}],"neow_cost":"NONE","seed_source_timestamp":15573277698085,"circlet_count":0,"master_deck":["Strike_R","Strike_R","Defend_R+1","Defend_R","Defend_R","Defend_R","Bash+1","Brutality+1","Spot Weakness+1","Pommel Strike","Seeing Red","Reaper","Regret","Ghostly Armor+1","J.A.X."],"relics":["Burning Blood","Golden Idol","Smiling Mask","Orichalcum","Sozu"],"potions_floor_usage":[12],"damage_taken":[{"damage":6,"enemies":"Small Slimes","floor":1,"turns":4},{"damage":5,"enemies":"Jaw Worm","floor":3,"turns":4},{"damage":3,"enemies":"Cultist","floor":7,"turns":3},{"damage":24,"enemies":"Exordium Thugs","floor":8,"turns":5},{"damage":35,"enemies":"Gremlin Nob","floor":12,"turns":4},{"damage":71,"enemies":"Slime Boss","floor":16,"turns":13},{"damage":25,"enemies":"Chosen","floor":18,"turns":5},{"damage":41,"enemies":"2 Thieves","floor":21,"turns":4},{"damage":73,"enemies":"Book of Stabbing","floor":24,"turns":5}],"seed_played":"-6678963808912343915","potions_obtained":[{"floor":8,"key":"AttackPotion"},{"floor":16,"key":"Fire Potion"}],"is_trial":false,"path_per_floor":["M","?","M","?","?","R","M","M","T","$","R","E","R","?","R","B",null,"M","?","?","M","?","R","E"],"character_chosen":"IRONCLAD","items_purchased":["Seeing Red"],"campfire_rested":4,"item_purchase_floors":[10],"current_hp_per_floor":[80,60,61,45,45,45,48,30,30,30,54,25,49,49,73,8,80,61,61,61,34,34,58,0],"gold":489,"neow_bonus":"ONE_RANDOM_RARE_CARD","is_prod":false,"is_daily":false,"chose_seed":false,"campfire_upgraded":1,"win_rate":0,"timestamp":1555105998,"path_taken":["M","?","M","?","?","R","M","?","T","?","R","E","R","?","R","BOSS","M","?","?","?","?","R","E"],"build_version":"2019-01-23","purchased_purges":1,"victory":false,"max_hp_per_floor":[80,80,80,80,80,80,80,80,80,80,80,80,80,80,80,80,80,80,80,80,80,80,80,80],"card_choices":[{"not_picked":["Heavy Blade","Shrug It Off"],"picked":"Spot Weakness","floor":1},{"not_picked":["Clothesline","Intimidate"],"picked":"Pommel Strike","floor":3},{"not_picked":["Flex","Exhume","Pommel Strike"],"picked":"SKIP","floor":7},{"not_picked":["Dual Wield","Searing Blow","Sentinel"],"picked":"SKIP","floor":8},{"not_picked":["Sever Soul","Infernal Blade","Corruption"],"picked":"SKIP","floor":12},{"not_picked":["Limit Break","Bludgeon"],"picked":"Reaper","floor":16},{"not_picked":["Seeing Red","Infernal Blade","Metallicize"],"picked":"SKIP","floor":18},{"not_picked":["Seeing Red","Infernal Blade","Metallicize"],"picked":"SKIP","floor":18},{"not_picked":["Thunderclap","True Grit"],"picked":"Ghostly Armor+1","floor":21}],"player_experience":162214,"relics_obtained":[{"floor":9,"key":"Smiling Mask"},{"floor":12,"key":"Orichalcum"}],"event_choices":[{"damage_healed":0,"gold_gain":0,"player_choice":"Take Damage","damage_taken":20,"relics_obtained":["Golden Idol"],"max_hp_gain":0,"max_hp_loss":0,"event_name":"Golden Idol","floor":2,"gold_loss":0},{"damage_healed":0,"gold_gain":0,"player_choice":"Entered Light","damage_taken":16,"max_hp_gain":0,"max_hp_loss":0,"event_name":"Shining Light","floor":4,"gold_loss":0,"cards_upgraded":["Bash","Defend_R"]},{"cards_removed":["Strike_R"],"damage_healed":0,"gold_gain":0,"player_choice":"Offered Basic","damage_taken":0,"max_hp_gain":0,"max_hp_loss":0,"event_name":"Bonfire Elementals","floor":5,"gold_loss":0},{"damage_healed":0,"gold_gain":0,"player_choice":"Forge","damage_taken":0,"max_hp_gain":0,"max_hp_loss":0,"event_name":"Accursed Blacksmith","floor":14,"gold_loss":0,"cards_upgraded":["Spot Weakness"]},{"cards_removed":["Strike_R"],"damage_healed":0,"gold_gain":0,"player_choice":"Elegance","damage_taken":0,"max_hp_gain":0,"max_hp_loss":0,"event_name":"Back to Basics","floor":19,"gold_loss":0},{"damage_healed":0,"gold_gain":275,"player_choice":"Desecrate","damage_taken":0,"max_hp_gain":0,"max_hp_loss":0,"event_name":"Golden Shrine","floor":20,"gold_loss":0,"cards_obtained":["Regret"]},{"damage_healed":0,"gold_gain":0,"player_choice":"Obtain J.A.X.","damage_taken":0,"max_hp_gain":0,"max_hp_loss":0,"event_name":"Drug Dealer","floor":22,"gold_loss":0,"cards_obtained":["J.A.X."]}],"is_beta":false,"boss_relics":[{"not_picked":["Tiny House","Pandora\u0027s Box"],"picked":"Sozu"}],"items_purged_floors":[10],"is_endless":false,"potions_floor_spawned":[8,16,21],"killed_by":"Book of Stabbing","ascension_level":4}