{"gold_per_floor":[111,186,205,224,234,234,294,304,304,16,30,42,60,119,119,217,217,228,188,208,221,237,265,364,364,364,23,23,23,56,156,156,254,254,266,266,42,58,76,104,124,159,459,73,85,97,111,121,121,121],"floor_reached":51,"playtime":5657,"items_purged":[],"score":997,"play_id":"0696097d-231c-4333-86e9-4bd8f58dd5fe","local_time":"20190601111416","daily_mods":["Draft","Vintage","Allstar","Heirloom"],"is_ascension_mode":true,"campfire_choices":[{"data":"Defragment","floor":15,"key":"SMITH"},{"data":"Defragment","floor":25,"key":"SMITH"},{"data":"Go for the Eyes","floor":29,"key":"SMITH"},{"data":"Metamorphosis","floor":32,"key":"SMITH"},{"data":"Hologram","floor":49,"key":"SMITH"}],"neow_cost":"","seed_source_timestamp":0,"circlet_count":0,"master_deck":["Hologram+1","Chill+1","Streamline","Ball Lightning","Stack","Cold Snap","Leap","Steam","Gash","Doom and Gloom+1","Auto Shields","Turbo+1","Stack","Conserve Battery","Defragment+1","Defragment+1","Redo","Dramatic Entrance","White Noise","Creative AI+1","Cold Snap","Loop+1","Metamorphosis+1","Go for the Eyes+1","Turbo","Conserve Battery","Chill+1","Thinking Ahead","Self Repair+1","Blizzard+1","Darkness+1","Defragment+1","Sweeping Beam+1","Creative AI+1","Coolheaded","Tempest","Lockon+1"],"relics":["Cracked Core","Unceasing Top","PreservedInsect","Mummified Hand","Cables","Whetstone","Tiny Chest","Meat on the Bone","Mercury Hourglass","Membership Card","Kunai","Boot","Smiling Mask","Strawberry","White Beast Statue","Matryoshka","Vajra","Blue Candle","Frozen Egg 2","War Paint","Pen Nib","DataDisk","Toy Ornithopter","Ancient Tea Set","Dodecahedron","Gambling Chip","Pear","Nuclear Battery","Oddly Smooth Stone","Lee\u0027s Waffle","WingedGreaves","Bronze Scales","Molten Egg 2","Pocketwatch","Regal Pillow","Old Coin","Centennial Puzzle","DollysMirror","Bag of Preparation","Omamori","Darkstone Periapt","Torii","Gremlin Horn","Toxic Egg 2"],"potions_floor_usage":[18,20,31,39],"damage_taken":[{"damage":0,"enemies":"Cultist","floor":1,"turns":3},{"damage":3,"enemies":"Small Slimes","floor":3,"turns":2},{"damage":0,"enemies":"2 Louse","floor":4,"turns":2},{"damage":0,"enemies":"Gremlin Gang","floor":5,"turns":3},{"damage":0,"enemies":"3 Sentries","floor":7,"turns":4},{"damage":1,"enemies":"Looter","floor":8,"turns":2},{"damage":0,"enemies":"3 Louse","floor":11,"turns":1},{"damage":0,"enemies":"2 Fungi Beasts","floor":12,"turns":2},{"damage":0,"enemies":"Exordium Wildlife","floor":13,"turns":1},{"damage":0,"enemies":"Gremlin Nob","floor":14,"turns":2},{"damage":7,"enemies":"Hexaghost","floor":16,"turns":7},{"damage":0,"enemies":"Spheric Guardian","floor":18,"turns":3},{"damage":1,"enemies":"Shell Parasite","floor":20,"turns":4},{"damage":0,"enemies":"Sentry and Sphere","floor":21,"turns":3},{"damage":5,"enemies":"Shelled Parasite and Fungi","floor":22,"turns":5},{"damage":1,"enemies":"Gremlin Leader","floor":23,"turns":4},{"damage":0,"enemies":"Book of Stabbing","floor":30,"turns":3},{"damage":0,"enemies":"Colosseum Slavers","floor":31,"turns":3},{"damage":0,"enemies":"Colosseum Nobs","floor":31,"turns":1},{"damage":17,"enemies":"Automaton","floor":33,"turns":6},{"damage":0,"enemies":"Orb Walker","floor":35,"turns":1},{"damage":0,"enemies":"3 Shapes","floor":38,"turns":3},{"damage":0,"enemies":"Transient","floor":39,"turns":5},{"damage":0,"enemies":"Giant Head","floor":40,"turns":4},{"damage":0,"enemies":"Spire Growth","floor":41,"turns":3},{"damage":0,"enemies":"Reptomancer","floor":42,"turns":3},{"damage":0,"enemies":"Maw","floor":45,"turns":4},{"damage":0,"enemies":"Writhing Mass","floor":46,"turns":3},{"damage":0,"enemies":"4 Shapes","floor":47,"turns":2},{"damage":0,"enemies":"Sphere and 2 Shapes","floor":48,"turns":1},{"damage":1,"enemies":"Awakened One","floor":50,"turns":6}],"seed_played":"9047234961608559263","potions_obtained":[{"floor":1,"key":"Poison Potion"},{"floor":5,"key":"LiquidBronze"},{"floor":8,"key":"Poison Potion"},{"floor":14,"key":"FocusPotion"},{"floor":18,"key":"SpeedPotion"},{"floor":20,"key":"Regen Potion"},{"floor":23,"key":"Dexterity Potion"},{"floor":30,"key":"Regen Potion"},{"floor":31,"key":"SteroidPotion"},{"floor":33,"key":"Dexterity Potion"},{"floor":39,"key":"FocusPotion"},{"floor":41,"key":"FocusPotion"}],"is_trial":true,"path_per_floor":["?","?","?","?","M","?","?","?","?"],"character_chosen":"DEFECT","items_purchased":["Membership Card","Defragment","Redo","Dramatic Entrance","Loop+1","Metamorphosis","Go for the Eyes","Toy Ornithopter","Ancient Tea Set","Turbo","Thinking Ahead","Self Repair+1","Lee\u0027s Waffle","Defragment+1","Sweeping Beam+1","DollysMirror","Bag of Preparation","Coolheaded","Tempest","Omamori","Lockon+1"],"campfire_rested":0,"item_purchase_floors":[10,10,10,10,27,27,27,27,27,27,37,37,37,44,44,44,44,44,44,44,44],"current_hp_per_floor":[75,64,61,61,61,61,61,60,60,60,60,60,60,67,67,60,82,82,82,81,81,76,75,75,75,75,75,75,75,75,92,92,75,92,92,92,99,99,99,99,99,99,99,99,99,99,99,99,99,99],"gold":121,"neow_bonus":"","is_prod":false,"is_daily":false,"chose_seed":false,"campfire_upgraded":5,"win_rate":0,"timestamp":1559376856,"path_taken":["M","?","M","M","M","?","E","M","T","$","M","M","M","?","R","BOSS","M","?","?","M","M","E","?","R","T","$","?","R","E","?","R","BOSS","M","?","$","M","M","E","M","E","T","$","M","M","M","M","R","BOSS"],"build_version":"2019-01-23","purchased_purges":0,"victory":true,"max_hp_per_floor":[75,75,75,75,75,75,75,75,75,75,75,75,75,82,82,82,82,82,82,82,82,82,82,82,82,82,82,82,82,82,92,92,92,92,92,92,99,99,99,99,99,99,99,99,99,99,99,99,99,99],"card_choices":[{"not_picked":["Compile Driver","Loop"],"picked":"Hologram","floor":0},{"not_picked":["Reinforced Body","Coolheaded"],"picked":"Chill","floor":0},{"not_picked":["Rip and Tear","Barrage"],"picked":"Streamline","floor":0},{"not_picked":["Barrage","Scrape"],"picked":"Ball Lightning","floor":0},{"not_picked":["Heatsinks","Reinforced Body"],"picked":"Stack","floor":0},{"not_picked":["Barrage","Skim"],"picked":"Cold Snap","floor":0},{"not_picked":["Redo","Steam"],"picked":"Leap","floor":0},{"not_picked":["Rebound","Sweeping Beam"],"picked":"Steam","floor":0},{"not_picked":["Leap","Melter"],"picked":"Gash","floor":0},{"not_picked":["Doom and Gloom","Streamline"],"picked":"Gash","floor":0},{"not_picked":["Sunder","Hologram"],"picked":"Doom and Gloom","floor":0},{"not_picked":["Beam Cell","Darkness"],"picked":"Auto Shields","floor":0},{"not_picked":["Coolheaded","Barrage"],"picked":"Turbo","floor":0},{"not_picked":["Sweeping Beam","Lockon"],"picked":"Stack","floor":0},{"not_picked":["Ball Lightning","Sunder"],"picked":"Conserve Battery","floor":0},{"not_picked":["Turbo","Rebound"],"picked":"Defragment","floor":7},{"not_picked":["Coolheaded","Redo"],"picked":"White Noise","floor":14},{"not_picked":["Biased Cognition","Electrodynamics"],"picked":"Creative AI","floor":16},{"not_picked":["Undo","Melter"],"picked":"Cold Snap","floor":23},{"not_picked":["Coolheaded+1","Blizzard"],"picked":"Conserve Battery","floor":30},{"not_picked":["Scrape","Genetic Algorithm"],"picked":"Chill+1","floor":31},{"not_picked":["Go for the Eyes+1","Hyperbeam"],"picked":"Blizzard+1","floor":40},{"not_picked":["Compile Driver+1","Amplify"],"picked":"Darkness+1","floor":42}],"player_experience":130662,"relics_obtained":[{"floor":1,"key":"PreservedInsect"},{"floor":3,"key":"Mummified Hand"},{"floor":4,"key":"Cables"},{"floor":5,"key":"Whetstone"},{"floor":7,"key":"Tiny Chest"},{"floor":8,"key":"Meat on the Bone"},{"floor":9,"key":"Mercury Hourglass"},{"floor":11,"key":"Kunai"},{"floor":12,"key":"Boot"},{"floor":13,"key":"Smiling Mask"},{"floor":18,"key":"Matryoshka"},{"floor":20,"key":"Vajra"},{"floor":21,"key":"Blue Candle"},{"floor":22,"key":"Frozen Egg 2"},{"floor":23,"key":"War Paint"},{"floor":26,"key":"Pen Nib"},{"floor":26,"key":"DataDisk"},{"floor":30,"key":"Dodecahedron"},{"floor":31,"key":"Gambling Chip"},{"floor":31,"key":"Pear"},{"floor":35,"key":"Oddly Smooth Stone"},{"floor":38,"key":"WingedGreaves"},{"floor":39,"key":"Bronze Scales"},{"floor":40,"key":"Molten Egg 2"},{"floor":41,"key":"Pocketwatch"},{"floor":42,"key":"Regal Pillow"},{"floor":43,"key":"Old Coin"},{"floor":43,"key":"Centennial Puzzle"},{"floor":45,"key":"Darkstone Periapt"},{"floor":46,"key":"Torii"},{"floor":47,"key":"Gremlin Horn"},{"floor":48,"key":"Toxic Egg 2"}],"event_choices":[{"damage_healed":0,"gold_gain":75,"player_choice":"Gather Gold","damage_taken":11,"max_hp_gain":0,"max_hp_loss":0,"event_name":"World of Goop","floor":2,"gold_loss":0},{"damage_healed":0,"gold_gain":0,"player_choice":"Leave","damage_taken":0,"max_hp_gain":0,"max_hp_loss":0,"event_name":"The Cleric","floor":6,"gold_loss":0},{"damage_healed":0,"gold_gain":0,"player_choice":"Searched \u00272\u0027 times","damage_taken":0,"relics_obtained":["Strawberry"],"max_hp_gain":0,"max_hp_loss":0,"event_name":"Dead Adventurer","floor":14,"gold_loss":0},{"damage_healed":0,"gold_gain":0,"player_choice":"Upgrade","damage_taken":0,"max_hp_gain":0,"max_hp_loss":0,"event_name":"Designer","floor":19,"gold_loss":40,"cards_upgraded":["Creative AI"]},{"damage_healed":0,"gold_gain":99,"player_choice":"Stole From Cult","damage_taken":0,"max_hp_gain":0,"max_hp_loss":0,"event_name":"Nest","floor":24,"gold_loss":0},{"damage_healed":0,"gold_gain":0,"player_choice":"Fight","damage_taken":0,"max_hp_gain":0,"max_hp_loss":0,"event_name":"Colosseum","floor":31,"gold_loss":0},{"damage_healed":0,"gold_gain":0,"player_choice":"Fought Nobs","damage_taken":0,"max_hp_gain":0,"max_hp_loss":0,"event_name":"Colosseum","floor":31,"gold_loss":0},{"cards_removed":["Gash"],"damage_healed":0,"gold_gain":0,"player_choice":"Removed Attack","damage_taken":0,"max_hp_gain":0,"max_hp_loss":0,"event_name":"Falling","floor":36,"gold_loss":0}],"is_beta":false,"boss_relics":[{"not_picked":["FrozenCore","Tiny House"],"picked":"White Beast Statue"},{"not_picked":["Orrery","Sozu"],"picked":"Nuclear Battery"}],"items_purged_floors":[],"is_endless":false,"potions_floor_spawned":[1,5,8,14,16,18,20,21,22,23,30,31,31,33,35,38,39,40,41,42,45,46,47,48],"ascension_level":1}