{"gold_per_floor":[110,30,48,48,60,90,90,119,142,204,222,222,75,75,75,152,202,217,757,723,737,179,206,218,418,445,465,87,87,87,104,104,104],"floor_reached":33,"playtime":2406,"items_purged":["Strike_G","Strike_G","Strike_G"],"score":479,"play_id":"9df2e826-4291-4d2f-9358-a423e407c518","local_time":"20190714232157","is_ascension_mode":true,"campfire_choices":[{"floor":7.0,"key":"REST"},{"floor":12.0,"key":"REST"},{"data":"Noxious Fumes","floor":15.0,"key":"SMITH"},{"data":"Deadly Poison","floor":29,"key":"SMITH"},{"floor":32,"key":"REST"}],"neow_cost":"NONE","seed_source_timestamp":190928064284105,"circlet_count":0,"master_deck":["AscendersBane","Defend_G","Defend_G+1","Defend_G","Defend_G","Defend_G","Strike_G","Strike_G","Survivor","Neutralize","Burst","Noxious Fumes+1","Slice","Quick Slash","Sucker Punch","Dash","Leg Sweep","Endless Agony","PiercingWail","Glass Knife","Leg Sweep","Deadly Poison+1","Deadly Poison","Noxious Fumes","Backflip+1"],"special_seed":0,"relics":["Ring of the Snake","Orichalcum","Anchor","Ancient Tea Set","Happy Flower","Bag of Preparation","Tiny House","Lee\u0027s Waffle","Oddly Smooth Stone","Dream Catcher","Toxic Egg 2"],"potions_floor_usage":[21,21,23,27,33],"damage_taken":[{"damage":9.0,"enemies":"Cultist","floor":1.0,"turns":7.0},{"damage":0.0,"enemies":"2 Louse","floor":3.0,"turns":5.0},{"damage":1.0,"enemies":"Jaw Worm","floor":5.0,"turns":6.0},{"damage":34.0,"enemies":"Gremlin Nob","floor":6.0,"turns":6.0},{"damage":19.0,"enemies":"3 Sentries","floor":8.0,"turns":8.0},{"damage":16.0,"enemies":"Lagavulin Event","floor":10.0,"turns":6.0},{"damage":1.0,"enemies":"2 Fungi Beasts","floor":11.0,"turns":4.0},{"damage":4.0,"enemies":"Hexaghost","floor":16.0,"turns":11.0},{"damage":7.0,"enemies":"Shell Parasite","floor":18.0,"turns":7.0},{"damage":2.0,"enemies":"2 Thieves","floor":20.0,"turns":5.0},{"damage":3,"enemies":"Snecko","floor":21,"turns":6},{"damage":28,"enemies":"Gremlin Leader","floor":23,"turns":10},{"damage":2,"enemies":"Centurion and Healer","floor":24,"turns":6},{"damage":19,"enemies":"Cultist and Chosen","floor":27,"turns":7},{"damage":5,"enemies":"Snake Plant","floor":31,"turns":5},{"damage":91,"enemies":"Champ","floor":33,"turns":12}],"seed_played":"3170574633012306159","potions_obtained":[{"floor":3.0,"key":"GhostInAJar"},{"floor":8.0,"key":"GamblersBrew"},{"floor":11.0,"key":"Poison Potion"},{"floor":16.0,"key":"EssenceOfSteel"},{"floor":24,"key":"Regen Potion"},{"floor":27,"key":"Ancient Potion"},{"floor":31,"key":"Dexterity Potion"}],"is_trial":false,"path_per_floor":["$","?","M","?","?","?","M","$","M","?","$"],"character_chosen":"THE_SILENT","items_purchased":["Noxious Fumes","PiercingWail","PowerPotion","Lee\u0027s Waffle","Oddly Smooth Stone","Deadly Poison","Dexterity Potion","Toxic Egg 2"],"campfire_rested":3,"item_purchase_floors":[2,13,13,22,22,22,22,28],"current_hp_per_floor":[54,54,54,54,53,19,40,21,21,5,4,25,25,25,25,21,63,56,7,5,2,82,54,52,52,52,48,48,48,48,43,67,0],"gold":104,"neow_bonus":"ONE_RANDOM_RARE_CARD","is_prod":false,"is_daily":false,"chose_seed":false,"campfire_upgraded":2,"win_rate":0,"timestamp":1563135717,"path_taken":["M","?","M","?","?","E","R","E","T","?","M","R","$","?","R","BOSS","M","?","?","M","?","E","?","?","T","M","$","R","?","M","R","BOSS"],"build_version":"2019-01-23","purchased_purges":3,"victory":false,"max_hp_per_floor":[70,70,70,70,70,70,70,70,70,70,70,70,70,70,70,70,75,75,75,75,75,82,82,82,82,82,82,82,82,82,82,82,82],"card_choices":[{"not_picked":["Acrobatics","Backflip","Escape Plan"],"picked":"SKIP","floor":1.0},{"not_picked":["Skewer","Backflip"],"picked":"Slice","floor":3.0},{"not_picked":["Blur","Cloak And Dagger"],"picked":"Quick Slash","floor":5.0},{"not_picked":["Expertise","Terror"],"picked":"Sucker Punch","floor":6.0},{"not_picked":["Finisher","Masterful Stab"],"picked":"Dash","floor":8.0},{"not_picked":["Wraith Form v2","Backflip"],"picked":"Leg Sweep","floor":10.0},{"not_picked":["Skewer","Terror"],"picked":"Endless Agony","floor":11.0},{"not_picked":["A Thousand Cuts","Night Terror"],"picked":"Glass Knife","floor":16.0},{"not_picked":["Flying Knee","Choke"],"picked":"Leg Sweep","floor":18.0},{"not_picked":["Escape Plan","All Out Attack","Dagger Spray"],"picked":"SKIP","floor":20.0},{"not_picked":["Slice","Sucker Punch"],"picked":"Deadly Poison","floor":21},{"not_picked":["Poisoned Stab","Bane","Outmaneuver"],"picked":"SKIP","floor":23},{"not_picked":["Skewer+1","Acrobatics","Bouncing Flask"],"picked":"SKIP","floor":24},{"not_picked":["Cloak And Dagger","Dagger Spray+1","Sucker Punch"],"picked":"SKIP","floor":27},{"not_picked":["PiercingWail+1","Dagger Spray"],"picked":"Noxious Fumes","floor":31},{"not_picked":["Heel Hook","Deflect+1"],"picked":"Backflip+1","floor":32}],"player_experience":421899,"relics_obtained":[{"floor":4.0,"key":"Orichalcum"},{"floor":6.0,"key":"Anchor"},{"floor":8.0,"key":"Ancient Tea Set"},{"floor":9.0,"key":"Happy Flower"},{"floor":10.0,"key":"Bag of Preparation"},{"floor":26,"key":"Dream Catcher"}],"event_choices":[{"damage_healed":0.0,"max_hp_gain":0.0,"max_hp_loss":0.0,"gold_gain":0.0,"event_name":"Wheel of Change","player_choice":"Relic","floor":4.0,"gold_loss":0.0,"damage_taken":0.0},{"damage_healed":0.0,"max_hp_gain":0.0,"max_hp_loss":0.0,"gold_gain":0.0,"event_name":"Dead Adventurer","player_choice":"Searched \u00271\u0027 times","floor":10.0,"gold_loss":0.0,"damage_taken":0.0},{"damage_healed":0.0,"max_hp_gain":0.0,"max_hp_loss":0.0,"gold_gain":0.0,"event_name":"Liars Game","player_choice":"Ignored","floor":14.0,"gold_loss":0.0,"damage_taken":0.0},{"damage_healed":0.0,"max_hp_gain":0.0,"max_hp_loss":0.0,"gold_gain":540.0,"event_name":"Knowing Skull","player_choice":"GOLD GOLD GOLD GOLD GOLD GOLD ","floor":19.0,"potions_obtained":[],"gold_loss":0.0,"damage_taken":49.0,"cards_obtained":[]},{"damage_healed":0,"gold_gain":200,"player_choice":"Gold","damage_taken":0,"max_hp_gain":0,"max_hp_loss":0,"event_name":"Wheel of Change","floor":25,"gold_loss":0}],"is_beta":false,"boss_relics":[{"not_picked":["Ring of the Serpent","Runic Dome"],"picked":"Tiny House"}],"items_purged_floors":[13,22,28],"is_endless":false,"potions_floor_spawned":[3,8,11,16,20,24,27,31],"killed_by":"Champ","ascension_level":13}