{"gold_per_floor":[129,162,225,285,345,417,474,29,53,53,134,164,164,224,224,530,530,563,611,185,230,272,350,398,476,476,551,605,662,749,18,18,321,321,375,435,465,87,126,210,10,58,82,130,169,208,295,376,376,376],"floor_reached":51,"playtime":4496,"items_purged":[],"score":1133,"play_id":"91b5c059-fb04-4900-a1ba-5b756d4f1fd1","local_time":"20190602005829","daily_mods":["Vintage","Allstar","Heirloom","Flight","Midas"],"is_ascension_mode":false,"campfire_choices":[{"floor":10.0,"key":"REST"},{"floor":13.0,"key":"REST"},{"floor":15.0,"key":"REST"},{"floor":32,"key":"REST"},{"data":"1","floor":49,"key":"LIFT"}],"neow_cost":"","seed_source_timestamp":0,"circlet_count":0,"master_deck":["Strike_B","Strike_B","Strike_B+1","Strike_B","Defend_B","Defend_B","Defend_B","Defend_B","Zap+1","Dualcast","Dramatic Entrance+1","Deep Breath","Madness","Purity","Mind Blast","Metamorphosis","Conserve Battery","Loop","Storm","Rainbow","Apotheosis+1","Meteor Strike","Turbo","Coolheaded","Steam","Aggregate","Seek","Creative AI+1","Apotheosis","Storm+1","Amplify","Double Energy","Chill","Storm+1","Conserve Battery+1","Defragment+1","Chaos","Melter","Go for the Eyes+1","Defragment+1"],"special_seed":0,"relics":["Unceasing Top","Turnip","Lantern","Matryoshka","Tiny Chest","MawBank","Centennial Puzzle","DataDisk","Bag of Preparation","Happy Flower","Letter Opener","Bag of Marbles","Boot","Sundial","Whetstone","Nuclear Battery","Pocketwatch","Smiling Mask","Ginger","Meat on the Bone","Orichalcum","Shuriken","Art of War","Blood Vial","Bronze Scales","Oddly Smooth Stone","War Paint","Vajra","Frozen Egg 2","Torii","MealTicket","Fusion Hammer","Girya","Anchor","Du-Vu Doll","Chemical X","Omamori","Ancient Tea Set","Cables","Molten Egg 2","Bottled Lightning","Kunai","Pear","Mercury Hourglass","The Courier"],"potions_floor_usage":[16,16,16,23,50],"damage_taken":[{"damage":0.0,"enemies":"Small Slimes","floor":1.0,"turns":3.0},{"damage":3.0,"enemies":"Jaw Worm","floor":2.0,"turns":4.0},{"damage":0.0,"enemies":"2 Louse","floor":3.0,"turns":2.0},{"damage":5.0,"enemies":"Looter","floor":4.0,"turns":3.0},{"damage":8.0,"enemies":"Exordium Wildlife","floor":5.0,"turns":3.0},{"damage":21.0,"enemies":"Exordium Thugs","floor":6.0,"turns":5.0},{"damage":18.0,"enemies":"Large Slime","floor":7.0,"turns":4.0},{"damage":11.0,"enemies":"Lagavulin","floor":11.0,"turns":6.0},{"damage":0.0,"enemies":"Exordium Wildlife","floor":12.0,"turns":2.0},{"damage":0.0,"enemies":"2 Fungi Beasts","floor":14.0,"turns":2.0},{"damage":0,"enemies":"Slime Boss","floor":16,"turns":2},{"damage":2,"enemies":"Shell Parasite","floor":18,"turns":2},{"damage":0,"enemies":"Chosen","floor":19,"turns":3},{"damage":4,"enemies":"Shelled Parasite and Fungi","floor":21,"turns":2},{"damage":10,"enemies":"Snake Plant","floor":22,"turns":2},{"damage":3,"enemies":"Slavers","floor":23,"turns":3},{"damage":2,"enemies":"Snecko","floor":24,"turns":3},{"damage":1,"enemies":"Book of Stabbing","floor":25,"turns":3},{"damage":10,"enemies":"Gremlin Leader","floor":27,"turns":2},{"damage":9,"enemies":"Shelled Parasite and Fungi","floor":28,"turns":2},{"damage":0,"enemies":"Centurion and Healer","floor":29,"turns":3},{"damage":0,"enemies":"Slavers","floor":30,"turns":2},{"damage":1,"enemies":"Automaton","floor":33,"turns":3},{"damage":1,"enemies":"Orb Walker","floor":35,"turns":2},{"damage":0,"enemies":"3 Shapes","floor":36,"turns":1},{"damage":0,"enemies":"Writhing Mass","floor":37,"turns":3},{"damage":0,"enemies":"3 Darklings","floor":39,"turns":2},{"damage":0,"enemies":"Reptomancer","floor":40,"turns":3},{"damage":0,"enemies":"4 Shapes","floor":42,"turns":2},{"damage":0,"enemies":"Spire Growth","floor":44,"turns":2},{"damage":0,"enemies":"Maw","floor":45,"turns":4},{"damage":0,"enemies":"Transient","floor":46,"turns":5},{"damage":0,"enemies":"Giant Head","floor":47,"turns":4},{"damage":0,"enemies":"Reptomancer","floor":48,"turns":1},{"damage":0,"enemies":"Donu and Deca","floor":50,"turns":4}],"seed_played":"-438659652231085015","potions_obtained":[{"floor":1.0,"key":"Swift Potion"},{"floor":4.0,"key":"SkillPotion"},{"floor":5.0,"key":"LiquidBronze"},{"floor":7.0,"key":"EntropicBrew"},{"floor":18,"key":"Swift Potion"},{"floor":22,"key":"Regen Potion"},{"floor":23,"key":"FearPotion"},{"floor":25,"key":"Dexterity Potion"},{"floor":27,"key":"Block Potion"}],"is_trial":true,"path_per_floor":[],"character_chosen":"DEFECT","items_purchased":["Metamorphosis","Conserve Battery","Loop","Happy Flower","Apotheosis","Meteor Strike","Turbo","Coolheaded","Torii","MealTicket","Apotheosis","Storm+1","Double Energy","Chemical X","Chill","Storm+1","Defragment+1","Chaos","Melter"],"campfire_rested":4,"item_purchase_floors":[8,8,8,8,20,20,20,20,31,31,31,31,38,38,38,38,41,41,41],"current_hp_per_floor":[75,72,72,67,59,38,20,20,20,42,31,31,53,53,75,75,75,73,73,73,69,59,65,63,62,62,54,47,49,51,51,73,74,75,74,75,75,75,75,75,75,75,75,75,75,85,85,85,85,85],"gold":376,"neow_bonus":"","is_prod":false,"is_daily":false,"chose_seed":false,"campfire_upgraded":0,"win_rate":0,"timestamp":1559426309,"path_taken":["M","M","M","M","M","M","M","$","T","R","E","M","R","M","R","BOSS","M","M","$","M","M","E","M","E","T","E","M","M","E","$","R","BOSS","M","M","M","$","M","E","$","M","T","M","M","M","E","E","R","BOSS"],"build_version":"2019-01-23","purchased_purges":0,"victory":true,"max_hp_per_floor":[75,75,75,75,75,75,75,75,75,75,75,75,75,75,75,75,75,75,75,75,75,75,75,75,75,75,75,75,75,75,75,75,75,75,75,75,75,75,75,75,75,75,75,75,75,85,85,85,85,85],"card_choices":[{"not_picked":["Doom and Gloom","Scrape"],"picked":"Storm","floor":11.0},{"not_picked":["Multi-Cast","Amplify"],"picked":"Rainbow","floor":16},{"not_picked":["Auto Shields+1","Rebound+1"],"picked":"Steam","floor":23},{"not_picked":["Compile Driver","Glacier"],"picked":"Aggregate","floor":25},{"not_picked":["Consume","Compile Driver"],"picked":"Seek","floor":27},{"not_picked":["Compile Driver+1","Steam Power"],"picked":"Creative AI","floor":30},{"not_picked":["Electrodynamics+1","Reboot"],"picked":"Amplify","floor":33},{"not_picked":["Redo","Leap"],"picked":"Conserve Battery+1","floor":40},{"not_picked":["Scrape+1","Ball Lightning+1"],"picked":"Go for the Eyes+1","floor":47},{"not_picked":["Leap","Chaos+1"],"picked":"Defragment+1","floor":48}],"player_experience":141296,"relics_obtained":[{"floor":1.0,"key":"Lantern"},{"floor":2.0,"key":"Matryoshka"},{"floor":3.0,"key":"Tiny Chest"},{"floor":4.0,"key":"MawBank"},{"floor":5.0,"key":"Centennial Puzzle"},{"floor":6.0,"key":"DataDisk"},{"floor":7.0,"key":"Bag of Preparation"},{"floor":9.0,"key":"Letter Opener"},{"floor":9.0,"key":"Bag of Marbles"},{"floor":11.0,"key":"Boot"},{"floor":12.0,"key":"Sundial"},{"floor":14.0,"key":"Whetstone"},{"floor":18,"key":"Pocketwatch"},{"floor":19,"key":"Smiling Mask"},{"floor":21,"key":"Ginger"},{"floor":22,"key":"Meat on the Bone"},{"floor":23,"key":"Orichalcum"},{"floor":24,"key":"Shuriken"},{"floor":25,"key":"Art of War"},{"floor":26,"key":"Blood Vial"},{"floor":26,"key":"Bronze Scales"},{"floor":27,"key":"Oddly Smooth Stone"},{"floor":28,"key":"War Paint"},{"floor":29,"key":"Vajra"},{"floor":30,"key":"Frozen Egg 2"},{"floor":35,"key":"Girya"},{"floor":36,"key":"Anchor"},{"floor":37,"key":"Du-Vu Doll"},{"floor":39,"key":"Omamori"},{"floor":40,"key":"Ancient Tea Set"},{"floor":42,"key":"Cables"},{"floor":43,"key":"Molten Egg 2"},{"floor":44,"key":"Bottled Lightning"},{"floor":45,"key":"Kunai"},{"floor":46,"key":"Pear"},{"floor":47,"key":"Mercury Hourglass"},{"floor":48,"key":"The Courier"}],"event_choices":[],"is_beta":false,"boss_relics":[{"not_picked":["Calling Bell","Ectoplasm"],"picked":"Nuclear Battery"},{"not_picked":["White Beast Statue","Orrery"],"picked":"Fusion Hammer"}],"items_purged_floors":[],"is_endless":false,"potions_floor_spawned":[1,4,5,7,18,22,23,25,27,35,39,40,48],"ascension_level":0}