{"gold_per_floor":[109,109,129,146,160,192,207,233,233,244,244,244,519,300,300,395,395,411,435,453,353,369,369,402,402,427,427,74,107,123,158,158,158],"floor_reached":33,"playtime":2204,"items_purged":["Regret","Strike_R","Strike_R"],"score":394,"play_id":"ded0fd5c-82c8-4fac-a0a2-1adf805a76b4","local_time":"20190715132212","is_ascension_mode":true,"campfire_choices":[{"data":"Fiend Fire","floor":11.0,"key":"SMITH"},{"data":"Bash","floor":15.0,"key":"SMITH"},{"data":"Inflame","floor":23.0,"key":"SMITH"},{"data":"True Grit","floor":25.0,"key":"SMITH"},{"data":"Blood for Blood","floor":27.0,"key":"SMITH"},{"data":"Iron Wave","floor":32.0,"key":"SMITH"}],"neow_cost":"NONE","seed_source_timestamp":240896795568387,"circlet_count":0,"master_deck":["Strike_R","Strike_R","Strike_R","Defend_R","Defend_R+1","Defend_R","Defend_R+1","Bash+1","Thunderclap","Blood for Blood+1","Fiend Fire+1","Reckless Charge","Iron Wave+1","Exhume","Feel No Pain","Seeing Red","Feed","Inflame+1","Havoc+1","True Grit+1","Feel No Pain","Sever Soul+1"],"special_seed":0,"relics":["Burning Blood","Happy Flower","Ancient Tea Set","Meat on the Bone","Ornamental Fan","Sozu","Pen Nib","Centennial Puzzle","War Paint","PreservedInsect","Torii","Blue Candle"],"potions_floor_usage":[],"damage_taken":[{"damage":7.0,"enemies":"Small Slimes","floor":1.0,"turns":4.0},{"damage":1.0,"enemies":"Cultist","floor":3.0,"turns":3.0},{"damage":7.0,"enemies":"Jaw Worm","floor":4.0,"turns":3.0},{"damage":12.0,"enemies":"Looter","floor":5.0,"turns":3.0},{"damage":50.0,"enemies":"Lagavulin","floor":6.0,"turns":7.0},{"damage":13.0,"enemies":"Red Slaver","floor":7.0,"turns":3.0},{"damage":15.0,"enemies":"3 Sentries","floor":8.0,"turns":6.0},{"damage":13.0,"enemies":"Blue Slaver","floor":10.0,"turns":4.0},{"damage":12.0,"enemies":"Hexaghost","floor":16.0,"turns":8.0},{"damage":2.0,"enemies":"3 Byrds","floor":18.0,"turns":5.0},{"damage":9.0,"enemies":"Chosen","floor":20.0,"turns":3.0},{"damage":0.0,"enemies":"Snecko","floor":22.0,"turns":2.0},{"damage":50.0,"enemies":"Slavers","floor":24.0,"turns":7.0},{"damage":17.0,"enemies":"Gremlin Leader","floor":29.0,"turns":6.0},{"damage":0.0,"enemies":"Chosen and Byrds","floor":30.0,"turns":6.0},{"damage":8.0,"enemies":"Slavers","floor":31.0,"turns":3.0},{"damage":63,"enemies":"Automaton","floor":33,"turns":6}],"seed_played":"6415521559358905261","potions_obtained":[{"floor":0.0,"key":"Dexterity Potion"},{"floor":0.0,"key":"SmokeBomb"},{"floor":0.0,"key":"PowerPotion"},{"floor":2.0,"key":"BloodPotion"},{"floor":6.0,"key":"Explosive Potion"},{"floor":10.0,"key":"Fire Potion"}],"is_trial":false,"path_per_floor":["?","M","M","T","?","T"],"character_chosen":"IRONCLAD","items_purchased":["Feel No Pain","Seeing Red","PreservedInsect","Feel No Pain"],"campfire_rested":0,"item_purchase_floors":[14,14,28,28],"current_hp_per_floor":[79,79,80,79,73,37,30,21,21,26,26,26,26,26,26,32,68,75,75,72,72,78,78,46,46,46,46,46,50,59,60,60,0],"gold":158,"neow_bonus":"THREE_SMALL_POTIONS","is_prod":false,"is_daily":false,"chose_seed":false,"campfire_upgraded":6,"win_rate":0,"timestamp":1563186132,"path_taken":["M","?","?","?","M","E","M","E","T","M","R","?","?","$","R","BOSS","M","?","M","$","M","R","E","R","T","R","$","E","M","E","R","BOSS"],"build_version":"2019-01-23","purchased_purges":3,"victory":false,"max_hp_per_floor":[80,80,80,80,80,80,80,80,80,80,80,80,80,80,80,80,80,83,83,83,83,83,83,83,83,83,83,83,86,89,92,92,92],"card_choices":[{"not_picked":["Warcry","Sentinel"],"picked":"Thunderclap","floor":1.0},{"not_picked":["Headbutt","Flame Barrier"],"picked":"Blood for Blood","floor":3.0},{"not_picked":["Shrug It Off","True Grit"],"picked":"Fiend Fire","floor":4.0},{"not_picked":["Pommel Strike","Clothesline","Anger"],"picked":"SKIP","floor":5.0},{"not_picked":["Perfected Strike","Rampage"],"picked":"Reckless Charge","floor":6.0},{"not_picked":["Thunderclap","Bloodletting"],"picked":"Iron Wave","floor":7.0},{"not_picked":["Shrug It Off","Shockwave","Sentinel"],"picked":"SKIP","floor":8.0},{"not_picked":["Ghostly Armor","Shrug It Off"],"picked":"Exhume","floor":10.0},{"not_picked":["Demon Form","Impervious"],"picked":"Feed","floor":16.0},{"not_picked":["Clothesline","Wild Strike"],"picked":"Inflame","floor":18.0},{"not_picked":["Metallicize","Clash+1","Twin Strike"],"picked":"SKIP","floor":20.0},{"not_picked":["Armaments","Blood for Blood"],"picked":"Havoc+1","floor":22.0},{"not_picked":["Sentinel","Body Slam+1"],"picked":"True Grit","floor":24.0},{"not_picked":["Rupture+1","Headbutt","Fire Breathing+1"],"picked":"SKIP","floor":29.0},{"not_picked":["Rupture+1","Headbutt","Fire Breathing+1"],"picked":"SKIP","floor":29.0},{"not_picked":["Iron Wave","Whirlwind"],"picked":"Sever Soul+1","floor":30.0},{"not_picked":["Hemokinesis","Perfected Strike+1","Heavy Blade"],"picked":"SKIP","floor":31.0}],"player_experience":432531,"relics_obtained":[{"floor":6.0,"key":"Happy Flower"},{"floor":8.0,"key":"Ancient Tea Set"},{"floor":9.0,"key":"Meat on the Bone"},{"floor":12.0,"key":"Ornamental Fan"},{"floor":19.0,"key":"Pen Nib"},{"floor":24.0,"key":"Centennial Puzzle"},{"floor":26.0,"key":"War Paint"},{"floor":29.0,"key":"Torii"},{"floor":31.0,"key":"Blue Candle"}],"event_choices":[{"damage_healed":0.0,"max_hp_gain":0.0,"max_hp_loss":0.0,"gold_gain":0.0,"event_name":"Lab","player_choice":"Got Potions","floor":2.0,"gold_loss":0.0,"damage_taken":0.0},{"damage_healed":0.0,"max_hp_gain":0.0,"max_hp_loss":0.0,"gold_gain":275.0,"event_name":"Golden Shrine","player_choice":"Desecrate","floor":13.0,"gold_loss":0.0,"damage_taken":0.0,"cards_obtained":["Regret"]}],"is_beta":false,"boss_relics":[{"not_picked":["Busted Crown","Eternal Feather"],"picked":"Sozu"}],"items_purged_floors":[14,21,28],"is_endless":false,"potions_floor_spawned":[3,4,6,10,22,30,31],"killed_by":"Automaton","ascension_level":5}