{"gold_per_floor":[116,116,116,116,129,129,167,167,191,204,178,178,203,221,221,344,344,359,378,303,321,321,321],"floor_reached":23,"playtime":933,"items_purged":[],"score":191,"play_id":"92697e3c-1f18-4805-a570-2a78ffcd82e1","local_time":"20190111214928","is_ascension_mode":false,"campfire_choices":[{"data":"White Noise","floor":6,"key":"SMITH"},{"floor":8,"key":"REST"},{"data":"Zap","floor":12,"key":"SMITH"},{"floor":15,"key":"REST"}],"neow_cost":"NONE","seed_source_timestamp":174824384411087,"circlet_count":0,"master_deck":["Zap+1","Dualcast","White Noise+1","Go for the Eyes","Darkness","Ball Lightning","Cold Snap","Streamline","Biased Cognition","Recycle","Loop","Sunder","Melter","Ball Lightning","Double Energy","Static Discharge","Turbo","Enlightenment"],"relics":["Cracked Core","Vajra","Golden Idol","Oddly Smooth Stone","Happy Flower","Juzu Bracelet","Pandora\u0027s Box"],"potions_floor_usage":[16],"damage_taken":[{"damage":1,"enemies":"Jaw Worm","floor":1,"turns":3},{"damage":5,"enemies":"2 Louse","floor":5,"turns":4},{"damage":27,"enemies":"3 Sentries","floor":7,"turns":7},{"damage":0,"enemies":"Small Slimes","floor":10,"turns":3},{"damage":6,"enemies":"3 Louse","floor":13,"turns":3},{"damage":9,"enemies":"Exordium Wildlife","floor":14,"turns":3},{"damage":13,"enemies":"Slime Boss","floor":16,"turns":9},{"damage":10,"enemies":"Chosen","floor":18,"turns":4},{"damage":18,"enemies":"Shell Parasite","floor":19,"turns":3},{"damage":9,"enemies":"Centurion and Healer","floor":21,"turns":5},{"damage":38,"enemies":"Shelled Parasite and Fungi","floor":23,"turns":2}],"seed_played":"-6707845597743574171","potions_obtained":[{"floor":1,"key":"Swift Potion"},{"floor":5,"key":"PowerPotion"},{"floor":7,"key":"Swift Potion"}],"is_trial":false,"path_per_floor":["M","?","?","?","M","R","E","R","T","M","?","R","M","M","R","B",null,"M","M","?","M","?","M"],"character_chosen":"DEFECT","items_purchased":[],"campfire_rested":2,"item_purchase_floors":[],"current_hp_per_floor":[74,56,49,46,41,41,14,36,36,36,36,36,30,21,43,30,75,65,47,47,38,24,0],"gold":321,"neow_bonus":"RANDOM_COMMON_RELIC","is_prod":false,"is_daily":false,"chose_seed":false,"campfire_upgraded":2,"win_rate":0.0,"timestamp":1547261368,"path_taken":["M","?","?","?","M","R","E","R","T","M","?","R","M","M","R","BOSS","M","M","?","M","?","M"],"build_version":"2019-01-10","purchased_purges":0,"victory":false,"max_hp_per_floor":[75,75,75,75,75,75,75,75,75,75,75,75,75,75,75,75,75,75,75,75,75,75,75],"card_choices":[{"not_picked":["Go for the Eyes","Redo"],"picked":"White Noise","floor":1},{"not_picked":["Rebound","Hologram"],"picked":"Go for the Eyes","floor":5},{"not_picked":["Compile Driver","Thunder Strike"],"picked":"Darkness","floor":7},{"not_picked":["Gash","Cold Snap"],"picked":"Ball Lightning","floor":10},{"not_picked":["Auto Shields","Go for the Eyes"],"picked":"Cold Snap","floor":13},{"not_picked":["Force Field","Turbo"],"picked":"Streamline","floor":14},{"not_picked":["Rainbow","Hyperbeam"],"picked":"Biased Cognition","floor":16},{"not_picked":["Barrage+1","Rebound"],"picked":"Static Discharge","floor":18},{"not_picked":["Steam Power","Sunder+1","Steam"],"picked":"SKIP","floor":19},{"not_picked":["Storm","Steam+1"],"picked":"Turbo","floor":21}],"player_experience":65472,"relics_obtained":[{"floor":7,"key":"Happy Flower"},{"floor":9,"key":"Juzu Bracelet"}],"event_choices":[{"damage_healed":0,"gold_gain":0,"player_choice":"Take Damage","damage_taken":18,"relics_obtained":["Golden Idol"],"max_hp_gain":0,"max_hp_loss":0,"event_name":"Golden Idol","floor":2,"gold_loss":0},{"cards_removed":["Strike_B"],"damage_healed":0,"gold_gain":0,"player_choice":"Card Removal","damage_taken":7,"max_hp_gain":0,"max_hp_loss":0,"event_name":"Golden Wing","floor":3,"gold_loss":0},{"damage_healed":0,"gold_gain":0,"player_choice":"Success","damage_taken":3,"relics_obtained":["Oddly Smooth Stone"],"max_hp_gain":0,"max_hp_loss":0,"event_name":"Scrap Ooze","floor":4,"gold_loss":0},{"damage_healed":0,"gold_gain":0,"player_choice":"Left Gold","damage_taken":0,"max_hp_gain":0,"max_hp_loss":0,"event_name":"World of Goop","floor":11,"gold_loss":26},{"cards_removed":["Steam Power"],"damage_healed":0,"gold_gain":0,"player_choice":"Gave Gold","damage_taken":0,"max_hp_gain":0,"max_hp_loss":0,"event_name":"Beggar","floor":20,"gold_loss":75},{"damage_healed":0,"gold_gain":0,"player_choice":"CARD ","damage_taken":14,"max_hp_gain":0,"max_hp_loss":0,"event_name":"Knowing Skull","floor":22,"potions_obtained":[],"gold_loss":0,"cards_obtained":["Enlightenment"]}],"is_beta":false,"boss_relics":[{"not_picked":["Fusion Hammer","Snecko Eye"],"picked":"Pandora\u0027s Box"}],"items_purged_floors":[],"is_endless":false,"potions_floor_spawned":[1,5,7],"killed_by":"Shelled Parasite and Fungi","ascension_level":0}