{"gold_per_floor":[114,114,73,94,107,107,107,120,191,191,227,227,247,288,288,414,414,435,22,35,35,50,50,50,82,108,108,118,118,18,35,35,139,139,151,151,169,23,23],"floor_reached":39,"playtime":3010,"items_purged":["Strike_G","Defend_G"],"score":450,"play_id":"56ec2694-3027-4587-89d6-6bd40a478520","local_time":"20190707013035","is_ascension_mode":true,"campfire_choices":[{"data":"Catalyst","floor":6,"key":"SMITH"},{"floor":10,"key":"REST"},{"floor":12,"key":"REST"},{"floor":15,"key":"REST"},{"data":"Backflip","floor":23,"key":"SMITH"},{"data":"Flying Knee","floor":27,"key":"SMITH"},{"floor":29,"key":"REST"},{"data":"Dash","floor":32,"key":"SMITH"}],"neow_cost":"NONE","seed_source_timestamp":26308124389067,"circlet_count":0,"master_deck":["Survivor","Neutralize","Flying Knee","Sucker Punch","Catalyst+1","Backflip+1","Flying Knee","Flying Knee+1","After Image+1","Poisoned Stab","Footwork+1","Sucker Punch+1","Shame","Sucker Punch+1","Backflip+1","Dash+1","A Thousand Cuts+1","Quick Slash","Glass Knife","Burst","Doppelganger","Footwork+1","Finisher+1","Backstab+1"],"relics":["Ring of the Snake","Bloody Idol","Frozen Egg 2","Blood Vial","Kunai","Sozu","Pear","Matryoshka","Ornamental Fan","Boot","Centennial Puzzle","Pandora\u0027s Box","Ninja Scroll","Anchor"],"potions_floor_usage":[11,11,33],"damage_taken":[{"damage":0,"enemies":"Small Slimes","floor":1,"turns":3},{"damage":0,"enemies":"2 Louse","floor":4,"turns":2},{"damage":0,"enemies":"Cultist","floor":5,"turns":3},{"damage":6,"enemies":"Red Slaver","floor":8,"turns":3},{"damage":20,"enemies":"Lagavulin","floor":11,"turns":10},{"damage":4,"enemies":"Blue Slaver","floor":13,"turns":4},{"damage":35,"enemies":"Gremlin Nob","floor":14,"turns":5},{"damage":6,"enemies":"The Guardian","floor":16,"turns":15},{"damage":3,"enemies":"3 Byrds","floor":18,"turns":8},{"damage":10,"enemies":"2 Thieves","floor":20,"turns":4},{"damage":9,"enemies":"Snake Plant","floor":22,"turns":6},{"damage":7,"enemies":"Book of Stabbing","floor":25,"turns":9},{"damage":12,"enemies":"Shelled Parasite and Fungi","floor":28,"turns":7},{"damage":3,"enemies":"Cultist and Chosen","floor":31,"turns":8},{"damage":9,"enemies":"Champ","floor":33,"turns":19},{"damage":27,"enemies":"3 Darklings","floor":35,"turns":10},{"damage":42,"enemies":"3 Shapes","floor":37,"turns":4},{"damage":29,"enemies":"3 Darklings","floor":39,"turns":2}],"seed_played":"2405469055363442819","potions_obtained":[{"floor":4,"key":"Block Potion"},{"floor":8,"key":"AttackPotion"},{"floor":16,"key":"Swift Potion"}],"is_trial":false,"path_per_floor":["M","?","?","M","M","R","?","M","T","R","E","R","M","E","R","B",null,"M","$","M","?","M","R","?","E","T","R","M","R","$","M","R","B",null,"M","?","M","$","M"],"character_chosen":"THE_SILENT","items_purchased":["Footwork+1","Pear","Anchor"],"campfire_rested":4,"item_purchase_floors":[19,19,38],"current_hp_per_floor":[70,53,53,53,53,53,46,40,40,61,41,62,60,27,48,44,70,67,77,69,69,67,67,67,67,72,72,67,80,80,80,80,76,80,58,58,23,23,0],"gold":23,"neow_bonus":"REMOVE_CARD","is_prod":false,"is_daily":false,"chose_seed":false,"campfire_upgraded":4,"win_rate":0,"timestamp":1562455835,"path_taken":["M","?","?","M","M","R","?","M","T","R","E","R","M","E","R","BOSS","M","$","M","?","M","R","?","E","T","R","M","R","$","M","R","BOSS","M","?","M","?","M"],"build_version":"2019-07-05","purchased_purges":2,"victory":false,"max_hp_per_floor":[70,70,70,70,70,70,70,70,70,70,70,70,70,70,70,70,70,70,80,80,80,80,80,80,80,80,80,80,80,80,80,80,80,80,80,80,80,80,80],"card_choices":[{"not_picked":["Dodge and Roll","Poisoned Stab"],"picked":"Flying Knee","floor":1},{"not_picked":["Bouncing Flask","Well Laid Plans"],"picked":"Sucker Punch","floor":4},{"not_picked":["Heel Hook","Flying Knee"],"picked":"Catalyst","floor":5},{"not_picked":["Predator","Blade Dance"],"picked":"Backflip","floor":8},{"not_picked":["Calculated Gamble","Reflex"],"picked":"Flying Knee","floor":11},{"not_picked":["Deadly Poison","Endless Agony"],"picked":"Flying Knee","floor":13},{"not_picked":["Prepared","Crippling Poison","Phantasmal Killer"],"picked":"SKIP","floor":14},{"not_picked":["Tools of the Trade+1","Die Die Die"],"picked":"After Image+1","floor":16},{"not_picked":["Deflect+1","Escape Plan+1"],"picked":"Poisoned Stab","floor":18},{"not_picked":["Deflect","Outmaneuver","Prepared"],"picked":"SKIP","floor":20},{"not_picked":["Dodge and Roll","Bane"],"picked":"Sucker Punch+1","floor":22},{"not_picked":["Escape Plan","Eviscerate+1"],"picked":"Sucker Punch+1","floor":25},{"not_picked":["Acrobatics+1","Outmaneuver"],"picked":"Backflip+1","floor":28},{"not_picked":["Catalyst","Flechettes"],"picked":"Dash","floor":31},{"not_picked":["Corpse Explosion","Malaise"],"picked":"A Thousand Cuts+1","floor":33},{"not_picked":["Accuracy+1","Bouncing Flask"],"picked":"Finisher+1","floor":35},{"not_picked":["Riddle With Holes+1","Underhanded Strike"],"picked":"Backstab+1","floor":37}],"player_experience":60738,"relics_obtained":[{"floor":9,"key":"Frozen Egg 2"},{"floor":11,"key":"Blood Vial"},{"floor":14,"key":"Kunai"},{"floor":25,"key":"Ornamental Fan"},{"floor":26,"key":"Boot"},{"floor":26,"key":"Centennial Puzzle"}],"event_choices":[{"damage_healed":0,"gold_gain":0,"player_choice":"Take Damage","damage_taken":17,"relics_obtained":["Golden Idol"],"max_hp_gain":0,"max_hp_loss":0,"event_name":"Golden Idol","floor":2,"gold_loss":0},{"damage_healed":0,"gold_gain":0,"player_choice":"Left Gold","damage_taken":0,"max_hp_gain":0,"max_hp_loss":0,"event_name":"World of Goop","floor":3,"gold_loss":41},{"cards_removed":["Strike_G"],"damage_healed":0,"gold_gain":0,"player_choice":"Card Removal","damage_taken":7,"max_hp_gain":0,"max_hp_loss":0,"event_name":"Golden Wing","floor":7,"gold_loss":0},{"damage_healed":0,"gold_gain":0,"player_choice":"Gave Idol","damage_taken":0,"relics_obtained":["Bloody Idol"],"max_hp_gain":0,"max_hp_loss":0,"event_name":"Forgotten Altar","floor":21,"relics_lost":["Golden Idol"],"gold_loss":0},{"damage_healed":0,"gold_gain":0,"player_choice":"Stole Relic","damage_taken":0,"relics_obtained":["Matryoshka"],"max_hp_gain":0,"max_hp_loss":0,"event_name":"Addict","floor":24,"gold_loss":0,"cards_obtained":["Shame"]},{"cards_removed":["Flechettes"],"damage_healed":0,"gold_gain":0,"player_choice":"Gave Card","damage_taken":0,"relics_obtained":["Ninja Scroll"],"max_hp_gain":0,"max_hp_loss":0,"event_name":"WeMeetAgain","floor":36,"gold_loss":0}],"is_beta":false,"boss_relics":[{"not_picked":["Empty Cage","Black Star"],"picked":"Sozu"},{"not_picked":["Eternal Feather","Runic Dome"],"picked":"Pandora\u0027s Box"}],"items_purged_floors":[19,30],"is_endless":false,"potions_floor_spawned":[4,8,16,20,22,37],"killed_by":"3 Darklings","ascension_level":2}