{"gold_per_floor":[214,228,228,23,38,63,63,75,125,125,138,138,155,155],"floor_reached":14,"playtime":924,"items_purged":[],"score":92,"play_id":"420d8471-1c72-4674-b7e0-442c3d55b5e5","local_time":"20190706175053","is_ascension_mode":false,"campfire_choices":[{"floor":12,"key":"RECALL"}],"neow_cost":"NONE","seed_source_timestamp":0,"circlet_count":0,"master_deck":["Strike_R","Strike_R","Strike_R","Strike_R","Strike_R","Defend_R","Defend_R","Defend_R","Defend_R","Bash","Combust","Flex","Bludgeon+1","Inflame","Perfected Strike","Perfected Strike"],"special_seed":0,"relics":["Burning Blood","Vajra","Dodecahedron"],"potions_floor_usage":[11,11,13],"damage_taken":[{"damage":3,"enemies":"Small Slimes","floor":1,"turns":3},{"damage":8,"enemies":"Jaw Worm","floor":2,"turns":3},{"damage":2,"enemies":"2 Louse","floor":5,"turns":2},{"damage":52,"enemies":"3 Sentries","floor":6,"turns":8},{"damage":13,"enemies":"Red Slaver","floor":8,"turns":2},{"damage":1,"enemies":"Exordium Wildlife","floor":11,"turns":6},{"damage":7,"enemies":"Exordium Thugs","floor":13,"turns":4},{"damage":57,"enemies":"Gremlin Gang","floor":14,"turns":3}],"seed_played":"-310792910069423359","potions_obtained":[{"floor":1,"key":"PowerPotion"},{"floor":8,"key":"SteroidPotion"},{"floor":10,"key":"Fruit Juice"},{"floor":10,"key":"Regen Potion"}],"is_trial":false,"path_per_floor":["M","M","?","$","M","E","?","M","T","?","M","R","M","M"],"character_chosen":"IRONCLAD","items_purchased":["Vajra","Flex"],"campfire_rested":0,"item_purchase_floors":[4,4],"current_hp_per_floor":[80,78,83,83,85,39,39,32,32,32,57,57,56,0],"gold":155,"neow_bonus":"HUNDRED_GOLD","is_prod":false,"is_daily":false,"chose_seed":false,"campfire_upgraded":0,"win_rate":0,"timestamp":1562428253,"path_taken":["M","M","?","$","M","E","?","M","T","?","M","R","M","M"],"build_version":"2019-07-05","purchased_purges":0,"victory":false,"max_hp_per_floor":[80,80,85,85,85,85,85,85,85,85,90,90,90,90],"card_choices":[{"not_picked":["Headbutt","Sword Boomerang"],"picked":"Combust","floor":1},{"not_picked":["Reckless Charge","Pummel","Sword Boomerang"],"picked":"SKIP","floor":2},{"not_picked":["Clash","Bloodletting","Anger"],"picked":"SKIP","floor":5},{"not_picked":["Anger","Warcry"],"picked":"Bludgeon","floor":6},{"not_picked":["Metallicize","Clothesline"],"picked":"Inflame","floor":8},{"not_picked":["Clash","Armaments"],"picked":"Perfected Strike","floor":11},{"not_picked":["Thunderclap","Feel No Pain"],"picked":"Perfected Strike","floor":13}],"player_experience":39713,"relics_obtained":[{"floor":6,"key":"Dodecahedron"}],"event_choices":[{"damage_healed":0,"gold_gain":0,"player_choice":"Donut","damage_taken":0,"max_hp_gain":5,"max_hp_loss":0,"event_name":"Big Fish","floor":3,"gold_loss":0},{"damage_healed":0,"gold_gain":0,"player_choice":"Grow","damage_taken":0,"max_hp_gain":0,"max_hp_loss":0,"event_name":"Living Wall","floor":7,"gold_loss":0,"cards_upgraded":["Bludgeon"]},{"damage_healed":0,"gold_gain":0,"player_choice":"Got Potions","damage_taken":0,"max_hp_gain":0,"max_hp_loss":0,"event_name":"Lab","floor":10,"gold_loss":0}],"is_beta":false,"boss_relics":[],"items_purged_floors":[],"is_endless":false,"potions_floor_spawned":[1,8],"killed_by":"Gremlin Gang","ascension_level":0}