{"gold_per_floor":[144,189,234,279,324,369,369,414,414,414,112,112,202,247,247,547,547,592,637,637,552,652,742,787,832,832,457,502,502,502,547,547,547],"floor_reached":33,"playtime":3568,"items_purged":["Writhe"],"score":323,"play_id":"5b861434-07ee-4769-8197-d1f113d8211d","local_time":"20190516233645","daily_mods":["SealedDeck","Diverse","Midas"],"is_ascension_mode":false,"campfire_choices":[{"floor":7,"key":"REST"},{"floor":10,"key":"REST"},{"floor":15,"key":"REST"},{"floor":32,"key":"REST"}],"neow_cost":"","seed_source_timestamp":0,"circlet_count":0,"master_deck":["construct:SuppressiveFire","construct:SyphonStrike","Slimebound:ViciousTackle","Hologram","mysticmod:Feint","Dagger Spray","Quick Slash","Acrobatics","Slimebound:Dissolve","hubris:DuctTapeCard+2","Hologram","Blade Dance","Turbo","construct:Multistage","Slimebound:SplitLeeching","Distraction","Slimebound:GoopSpray","Slimebound:SplitAcid"],"special_seed":18033,"relics":["Slimebound:AbsorbEndCombat","hubris:64BitClover","hubris:DuctTape","infinitespire:Bottled Soul","Bronze Scales","construct:WeddingRing","hubris:CrystalStatue","Pen Nib","PreservedInsect","Slimebound:AggressiveSlimeRelic","construct:FoamFinger","Juzu Bracelet","Strawberry","hubris:BottledHeart"],"potions_floor_usage":[16,16,24,25,25],"damage_taken":[{"damage":8,"enemies":"2 Louse","floor":1,"turns":2},{"damage":6,"enemies":"Cultist","floor":2,"turns":2},{"damage":11,"enemies":"Jaw Worm","floor":3,"turns":2},{"damage":8,"enemies":"3 Louse","floor":4,"turns":2},{"damage":14,"enemies":"Red Slaver","floor":5,"turns":2},{"damage":3,"enemies":"Gremlin Gang","floor":6,"turns":1},{"damage":3,"enemies":"2 Fungi Beasts","floor":8,"turns":2},{"damage":9,"enemies":"Gremlin Nob","floor":13,"turns":3},{"damage":12,"enemies":"Blue Slaver","floor":14,"turns":2},{"damage":18,"enemies":"Hexaghost","floor":16,"turns":4},{"damage":14,"enemies":"Chosen","floor":18,"turns":3},{"damage":11,"enemies":"Shell Parasite","floor":19,"turns":3},{"damage":8,"enemies":"Nightmare","floor":23,"turns":4},{"damage":9,"enemies":"Cultist and Chosen","floor":24,"turns":3},{"damage":15,"enemies":"Chosen and Byrds","floor":25,"turns":3},{"damage":24,"enemies":"Snake Plant","floor":28,"turns":2},{"damage":0,"enemies":"Sentry and Sphere","floor":31,"turns":4},{"damage":14,"enemies":"Champ","floor":33,"turns":3}],"seed_played":"-1612289906937748911","potions_obtained":[{"floor":4,"key":"Weak Potion"},{"floor":6,"key":"Regen Potion"},{"floor":13,"key":"Block Potion"},{"floor":14,"key":"Explosive Potion"},{"floor":19,"key":"Fire Potion"},{"floor":23,"key":"infinitespire:BlackPotion"}],"is_trial":false,"path_per_floor":["M","M","M","M","M","M","R","M","T","R","$","?","E","M","R","B",null,"M","M","?","?","?","NM","M","M","T","$","M","?","?","M","R","B"],"character_chosen":"SLIMEBOUND","items_purchased":["Hologram","infinitespire:Bottled Soul","Juzu Bracelet","Strawberry"],"campfire_rested":4,"item_purchase_floors":[11,11,27,27],"current_hp_per_floor":[68,70,67,62,56,70,70,70,70,70,70,70,64,58,70,67,70,62,63,63,63,63,64,70,61,61,68,56,1,1,1,1,0],"gold":547,"neow_bonus":"","is_prod":false,"is_daily":true,"chose_seed":false,"campfire_upgraded":0,"win_rate":0,"timestamp":1558064205,"path_taken":["M","M","M","M","M","M","R","M","T","R","$","?","E","?","R","BOSS","M","M","?","?","?","NM","M","?","T","$","M","?","?","M","R","BOSS"],"build_version":"2019-01-23","purchased_purges":1,"victory":false,"max_hp_per_floor":[70,70,70,70,70,70,70,70,70,70,70,70,70,70,70,70,70,70,70,70,70,70,70,70,70,70,77,77,1,1,1,1,1],"card_choices":[{"not_picked":["mysticmod:CorrosiveTouch","construct:Dampening","Chill"],"picked":"SKIP","floor":1},{"not_picked":["mysticmod:ComboCaster","construct:PowerUp","mysticmod:ComponentsPouch"],"picked":"SKIP","floor":2},{"not_picked":["Iron Wave","Acrobatics"],"picked":"mysticmod:Stoneskin","floor":3},{"not_picked":["Heavy Blade","Outmaneuver","mysticmod:SuddenClarity"],"picked":"SKIP","floor":4},{"not_picked":["mysticmod:PowerSlash","construct:ClusterMines"],"picked":"Slimebound:TongueLash","floor":5},{"not_picked":["construct:ClusterMines","construct:ShiftingStance","Reflex"],"picked":"SKIP","floor":6},{"not_picked":["Lockon","construct:Versatility","Compile Driver"],"picked":"SKIP","floor":8},{"not_picked":["Caltrops","construct:Tumble"],"picked":"Blade Dance","floor":13},{"not_picked":["Stack","mysticmod:LightningBolt"],"picked":"Turbo","floor":14},{"not_picked":["Doppelganger","construct:SpinDrive"],"picked":"construct:Multistage","floor":16},{"not_picked":["Rampage","mysticmod:Sideswipe"],"picked":"Slimebound:SplitLeeching","floor":18},{"not_picked":["Melter+1","Iron Wave+1","Static Discharge"],"picked":"SKIP","floor":19},{"not_picked":["hubris:ReadiedAction+1","Slimebound:SplitLeeching+1"],"picked":"Distraction","floor":23},{"not_picked":["Slimebound:SplitBruiser","construct:Electrocute+1","Flame Barrier"],"picked":"SKIP","floor":24},{"not_picked":["Sword Boomerang","construct:GoldenBullet"],"picked":"Slimebound:GoopSpray","floor":25},{"not_picked":["hubris:SlightOfHand+1","construct:Autoturret","hubris:PowerSurge"],"picked":"SKIP","floor":28},{"not_picked":["mysticmod:Stoneskin","Static Discharge"],"picked":"Slimebound:SplitAcid","floor":31}],"player_experience":185529,"relics_obtained":[{"floor":9,"key":"hubris:DuctTape"},{"floor":13,"key":"Bronze Scales"},{"floor":19,"key":"hubris:CrystalStatue"},{"floor":23,"key":"Slimebound:AggressiveSlimeRelic"},{"floor":26,"key":"construct:FoamFinger"}],"event_choices":[{"damage_healed":0,"gold_gain":0,"player_choice":"Upgraded","damage_taken":0,"max_hp_gain":0,"max_hp_loss":0,"event_name":"Upgrade Shrine","floor":12,"gold_loss":0,"cards_upgraded":["hubris:DuctTapeCard"]},{"damage_healed":0,"gold_gain":0,"player_choice":"Opened","damage_taken":0,"relics_obtained":["Pen Nib"],"max_hp_gain":0,"max_hp_loss":0,"event_name":"The Mausoleum","floor":20,"gold_loss":0,"cards_obtained":["Writhe"]},{"damage_healed":0,"gold_gain":0,"player_choice":"Obtained Relic","damage_taken":0,"relics_obtained":["PreservedInsect"],"max_hp_gain":0,"max_hp_loss":0,"event_name":"Addict","floor":21,"gold_loss":85},{"damage_healed":0,"gold_gain":100,"player_choice":"Pray","damage_taken":0,"max_hp_gain":0,"max_hp_loss":0,"event_name":"Golden Shrine","floor":22,"gold_loss":0},{"cards_removed":["Slimebound:TongueLash"],"damage_healed":0,"gold_gain":0,"player_choice":"Elegance","damage_taken":0,"max_hp_gain":0,"max_hp_loss":0,"event_name":"Back to Basics","floor":30,"gold_loss":0}],"is_beta":false,"boss_relics":[{"not_picked":["hubris:RunicObelisk","hubris:ScarierMask"],"picked":"construct:WeddingRing"}],"items_purged_floors":[27],"is_endless":true,"potions_floor_spawned":[4,6,13,14,19,23],"killed_by":"Champ","ascension_level":0}