{"gold_per_floor":[112,112,128,128,140,140,167,167,190,200,210,210,224,53,53,153,153,168,188,207,227,237,237,252,263,286,298,312,312,237,251,251,251],"floor_reached":33,"playtime":16103,"items_purged":[],"score":257,"play_id":"5a387fcb-8bd4-4722-8603-1d3f49e2b176","local_time":"20190511005314","is_ascension_mode":false,"campfire_choices":[{"data":"Bash","floor":6,"key":"SMITH"},{"floor":8,"key":"REST"},{"floor":15,"key":"REST"},{"data":"Anger","floor":23,"key":"SMITH"},{"data":"Iron Wave","floor":32,"key":"SMITH"}],"neow_cost":"","seed_source_timestamp":1630942965149911,"circlet_count":0,"master_deck":["Strike_R","Strike_R","Strike_R","Strike_R","Defend_R","Defend_R","Defend_R","Defend_R","Bash+1","Rampage+1","Headbutt","Warcry","Twin Strike","Headbutt","Power Through","Pommel Strike","Shrug It Off","Flex","Clash","Anger+1","Feel No Pain+1","Seeing Red+1","Iron Wave+1","Warcry+1","Flame Barrier+1","Flex+1","Shockwave+1","Combust+1","Cleave","Madness","Metallicize","Infernal Blade","Dropkick"],"relics":["Black Blood","Happy Flower","Centennial Puzzle","Torii","Orichalcum"],"potions_floor_usage":[28],"damage_taken":[{"damage":1,"enemies":"2 Louse","floor":1,"turns":4},{"damage":15,"enemies":"Jaw Worm","floor":3,"turns":4},{"damage":1,"enemies":"Cultist","floor":5,"turns":3},{"damage":47,"enemies":"3 Sentries","floor":7,"turns":10},{"damage":6,"enemies":"3 Louse","floor":10,"turns":3},{"damage":14,"enemies":"Gremlin Gang","floor":11,"turns":4},{"damage":8,"enemies":"Exordium Wildlife","floor":13,"turns":3},{"damage":42,"enemies":"The Guardian","floor":16,"turns":8},{"damage":12,"enemies":"3 Byrds","floor":18,"turns":8},{"damage":7,"enemies":"Chosen","floor":19,"turns":5},{"damage":10,"enemies":"3 Cultists","floor":20,"turns":6},{"damage":11,"enemies":"Centurion and Healer","floor":21,"turns":7},{"damage":10,"enemies":"Snake Plant","floor":22,"turns":6},{"damage":13,"enemies":"Sentry and Sphere","floor":24,"turns":8},{"damage":19,"enemies":"Cultist and Chosen","floor":25,"turns":7},{"damage":10,"enemies":"Centurion and Healer","floor":27,"turns":7},{"damage":5,"enemies":"Snake Plant","floor":28,"turns":4},{"damage":4,"enemies":"3 Cultists","floor":31,"turns":4},{"damage":79,"enemies":"Champ","floor":33,"turns":12}],"seed_played":"7271854623059854127","potions_obtained":[{"floor":3,"key":"Energy Potion"},{"floor":5,"key":"Fire Potion"},{"floor":11,"key":"Fire Potion"},{"floor":13,"key":"AttackPotion"},{"floor":24,"key":"Ancient Potion"},{"floor":31,"key":"Weak Potion"}],"is_trial":false,"path_per_floor":["?","?","M","?","M","?","M"],"character_chosen":"IRONCLAD","items_purchased":["Shrug It Off","Flex","Clash","Anger","Infernal Blade"],"campfire_rested":2,"item_purchase_floors":[14,14,14,14,30],"current_hp_per_floor":[80,80,71,71,76,76,35,59,59,59,51,51,49,49,73,37,80,78,80,80,79,79,79,76,67,67,67,72,72,72,78,78,0],"gold":251,"neow_bonus":"","is_prod":false,"is_daily":false,"chose_seed":false,"campfire_upgraded":3,"win_rate":0.0,"timestamp":1557525194,"path_taken":["M","?","M","?","M","R","E","R","T","M","?","?","M","$","R","BOSS","M","M","M","M","M","R","M","?","T","M","M","?","$","?","R","BOSS"],"build_version":"2019-01-23","purchased_purges":0,"victory":false,"max_hp_per_floor":[80,80,80,80,80,80,80,80,80,80,80,80,80,80,80,80,80,80,80,80,80,80,80,80,80,80,80,80,80,80,80,80,80],"card_choices":[{"not_picked":["Flex","Warcry"],"picked":"Rampage","floor":1},{"not_picked":["Twin Strike","Pommel Strike"],"picked":"Headbutt","floor":3},{"not_picked":["Sword Boomerang","True Grit"],"picked":"Warcry","floor":5},{"not_picked":["Whirlwind","Perfected Strike"],"picked":"Twin Strike","floor":7},{"not_picked":["Combust","Uppercut"],"picked":"Headbutt","floor":10},{"not_picked":["Flex","Thunderclap"],"picked":"Power Through","floor":11},{"not_picked":["Flex","Clash"],"picked":"Pommel Strike","floor":13},{"not_picked":["Perfected Strike","Body Slam"],"picked":"Feel No Pain+1","floor":18},{"not_picked":["Disarm","Entrench"],"picked":"Seeing Red+1","floor":19},{"not_picked":["Twin Strike","Flex"],"picked":"Iron Wave","floor":20},{"not_picked":["Clothesline","Rupture"],"picked":"Warcry+1","floor":21},{"not_picked":["Thunderclap","Anger+1"],"picked":"Flame Barrier+1","floor":22},{"not_picked":["Feed","Sword Boomerang"],"picked":"Flex+1","floor":24},{"not_picked":["Sword Boomerang","Warcry"],"picked":"Shockwave+1","floor":25},{"not_picked":["Flex","Clothesline"],"picked":"Combust+1","floor":27},{"not_picked":["Power Through","Twin Strike"],"picked":"Cleave","floor":28},{"not_picked":["Cleave","True Grit"],"picked":"Dropkick","floor":31}],"player_experience":0,"relics_obtained":[{"floor":7,"key":"Happy Flower"},{"floor":9,"key":"Centennial Puzzle"},{"floor":26,"key":"Orichalcum"}],"event_choices":[{"damage_healed":0,"gold_gain":0,"player_choice":"Grow","damage_taken":0,"max_hp_gain":0,"max_hp_loss":0,"event_name":"Living Wall","floor":2,"gold_loss":0,"cards_upgraded":["Rampage"]},{"cards_removed":["Strike_R"],"damage_healed":0,"gold_gain":0,"player_choice":"Purged","damage_taken":0,"max_hp_gain":0,"max_hp_loss":0,"event_name":"Purifier","floor":4,"gold_loss":0},{"damage_healed":0,"gold_gain":0,"player_choice":"Gave Potion","damage_taken":0,"relics_obtained":["Torii"],"max_hp_gain":0,"max_hp_loss":0,"event_name":"WeMeetAgain","floor":12,"gold_loss":0},{"damage_healed":0,"gold_gain":0,"player_choice":"2 cards matched","damage_taken":0,"max_hp_gain":0,"max_hp_loss":0,"event_name":"Match and Keep!","floor":29,"gold_loss":0,"cards_obtained":["Madness","Metallicize"]}],"is_beta":false,"boss_relics":[{"not_picked":["Calling Bell","Empty Cage"],"picked":"Black Blood"}],"items_purged_floors":[],"is_endless":false,"potions_floor_spawned":[3,5,11,13,18,19,24,25,31],"killed_by":"Champ","ascension_level":0}