{"gold_per_floor":[114,114,42,42,54,80,80,116,116,41,41],"floor_reached":11,"playtime":480,"items_purged":["Injury"],"score":120,"play_id":"a1d9b7ad-e2ea-413e-9cff-e38743dfadd6","local_time":"20190318084418","is_ascension_mode":true,"campfire_choices":[],"neow_cost":"NONE","seed_source_timestamp":64062546506459,"circlet_count":0,"master_deck":["Defend_G","Defend_G","Defend_G","Defend_G","Defend_G","Strike_G","Strike_G","Strike_G","Survivor","Neutralize","Flechettes","Accuracy","Adrenaline","Quick Slash","Backflip","Setup"],"relics":["Ring of the Snake","NeowsBlessing","Girya","Golden Idol","Darkstone Periapt","WingedGreaves"],"potions_floor_usage":[8,11],"damage_taken":[{"damage":0,"enemies":"Cultist","floor":1,"turns":1},{"damage":0,"enemies":"Jaw Worm","floor":5,"turns":1},{"damage":0,"enemies":"Lagavulin","floor":6,"turns":1},{"damage":49,"enemies":"Gremlin Nob","floor":8,"turns":6},{"damage":22,"enemies":"Lagavulin Event","floor":11,"turns":5}],"seed_played":"5072467065641354114","potions_obtained":[{"floor":1,"key":"Weak Potion"},{"floor":5,"key":"SpeedPotion"}],"is_trial":false,"path_per_floor":["M","?","$","?","M","E","?","E","T","$","?"],"character_chosen":"THE_SILENT","items_purchased":["Accuracy"],"campfire_rested":0,"item_purchase_floors":[3],"current_hp_per_floor":[70,63,63,63,63,63,63,14,14,14,0],"gold":41,"neow_bonus":"THREE_ENEMY_KILL","is_prod":false,"is_daily":false,"chose_seed":false,"campfire_upgraded":0,"win_rate":0,"timestamp":1552913058,"path_taken":["M","?","$","?","?","E","?","E","T","$","?"],"build_version":"2019-01-23","purchased_purges":1,"victory":false,"max_hp_per_floor":[70,70,70,70,70,70,70,70,70,70,70],"card_choices":[{"not_picked":["Catalyst","Bane"],"picked":"Flechettes","floor":1},{"not_picked":["Poisoned Stab","Heel Hook"],"picked":"Quick Slash","floor":5},{"not_picked":["Heel Hook","Deadly Poison"],"picked":"Backflip","floor":6},{"not_picked":["Outmaneuver","Dagger Throw"],"picked":"Setup","floor":8}],"player_experience":122374,"relics_obtained":[{"floor":6,"key":"Girya"},{"floor":8,"key":"Darkstone Periapt"},{"floor":9,"key":"WingedGreaves"}],"event_choices":[{"cards_removed":["Strike_G"],"damage_healed":0,"gold_gain":0,"player_choice":"Card Removal","damage_taken":7,"max_hp_gain":0,"max_hp_loss":0,"event_name":"Golden Wing","floor":2,"gold_loss":0},{"damage_healed":0,"gold_gain":0,"cards_transformed":["Strike_G"],"player_choice":"Change","damage_taken":0,"max_hp_gain":0,"max_hp_loss":0,"event_name":"Living Wall","floor":4,"gold_loss":0,"cards_obtained":["Adrenaline"]},{"damage_healed":0,"gold_gain":0,"player_choice":"Take Wound","damage_taken":0,"relics_obtained":["Golden Idol"],"max_hp_gain":0,"max_hp_loss":0,"event_name":"Golden Idol","floor":7,"gold_loss":0,"cards_obtained":["Injury"]},{"damage_healed":0,"gold_gain":0,"player_choice":"Searched \u00272\u0027 times","damage_taken":0,"max_hp_gain":0,"max_hp_loss":0,"event_name":"Dead Adventurer","floor":11,"gold_loss":0}],"is_beta":false,"boss_relics":[],"items_purged_floors":[10],"is_endless":false,"potions_floor_spawned":[1,5],"killed_by":"Lagavulin Event","ascension_level":3}