{"gold_per_floor":[115,115,115,134,147,182,198,208,234,247,247,258,273,286,286,286],"floor_reached":16,"playtime":1328,"items_purged":[],"score":108,"play_id":"916e8d66-790a-494b-98c8-27e09d2c05e0","local_time":"20190627012658","is_ascension_mode":false,"campfire_choices":[{"floor":11,"key":"REST"},{"data":"Carnage","floor":15,"key":"SMITH"}],"neow_cost":"NONE","seed_source_timestamp":6751816909001,"circlet_count":0,"master_deck":["Strike_R","Strike_R","Strike_R","Strike_R","Strike_R","Defend_R","Defend_R","Defend_R","Defend_R","Bash","Panacea","Anger+1","Headbutt","Headbutt","Anger","Fire Breathing","Cleave","Offering","Warcry","Sword Boomerang","Carnage+1"],"relics":["Burning Blood","Centennial Puzzle","Pen Nib"],"potions_floor_usage":[3],"damage_taken":[{"damage":12,"enemies":"Cultist","floor":1,"turns":5},{"damage":0,"enemies":"Small Slimes","floor":4,"turns":3},{"damage":1,"enemies":"Jaw Worm","floor":5,"turns":3},{"damage":28,"enemies":"Gremlin Nob","floor":6,"turns":4},{"damage":8,"enemies":"Large Slime","floor":7,"turns":4},{"damage":9,"enemies":"Blue Slaver","floor":8,"turns":3},{"damage":10,"enemies":"Lots of Slimes","floor":10,"turns":3},{"damage":15,"enemies":"Exordium Thugs","floor":12,"turns":2},{"damage":7,"enemies":"Large Slime","floor":13,"turns":3},{"damage":11,"enemies":"3 Louse","floor":14,"turns":2},{"damage":65,"enemies":"Hexaghost","floor":16,"turns":7}],"seed_played":"6447645966891472508","potions_obtained":[{"floor":3,"key":"Fruit Juice"},{"floor":5,"key":"Weak Potion"},{"floor":8,"key":"EssenceOfSteel"},{"floor":12,"key":"Strength Potion"},{"floor":14,"key":"Poison Potion"}],"is_trial":false,"path_per_floor":["M","?","?","M","M","E","M","M","T","M","R","M","M","M","R","B"],"character_chosen":"IRONCLAD","items_purchased":[],"campfire_rested":1,"item_purchase_floors":[],"current_hp_per_floor":[74,74,79,85,85,63,61,58,58,54,79,70,69,64,64,0],"gold":286,"neow_bonus":"RANDOM_COLORLESS","is_prod":false,"is_daily":false,"chose_seed":false,"campfire_upgraded":1,"win_rate":0.0,"timestamp":1561591618,"path_taken":["M","?","?","M","M","E","M","M","T","?","R","M","M","M","R","BOSS"],"build_version":"2019-01-23","purchased_purges":0,"victory":false,"max_hp_per_floor":[80,80,85,85,85,85,85,85,85,85,85,85,85,85,85,85],"card_choices":[{"not_picked":["Infernal Blade","Bloodletting"],"picked":"Anger","floor":1},{"not_picked":["Perfected Strike","Cleave"],"picked":"Headbutt","floor":4},{"not_picked":["Power Through","Rupture"],"picked":"Headbutt","floor":5},{"not_picked":["Flex","Power Through"],"picked":"Anger","floor":6},{"not_picked":["Second Wind","Armaments"],"picked":"Fire Breathing","floor":7},{"not_picked":["Searing Blow","Rupture"],"picked":"Cleave","floor":8},{"not_picked":["Corruption","Body Slam"],"picked":"Offering","floor":10},{"not_picked":["Flex","Rage"],"picked":"Warcry","floor":12},{"not_picked":["Reckless Charge","Dual Wield"],"picked":"Sword Boomerang","floor":13},{"not_picked":["Clothesline","Rupture"],"picked":"Carnage","floor":14}],"player_experience":2569,"relics_obtained":[{"floor":6,"key":"Centennial Puzzle"},{"floor":9,"key":"Pen Nib"}],"event_choices":[{"damage_healed":0,"gold_gain":0,"player_choice":"Grow","damage_taken":0,"max_hp_gain":0,"max_hp_loss":0,"event_name":"Living Wall","floor":2,"gold_loss":0,"cards_upgraded":["Anger"]},{"damage_healed":0,"gold_gain":0,"player_choice":"Got Potions","damage_taken":0,"max_hp_gain":0,"max_hp_loss":0,"event_name":"Lab","floor":3,"gold_loss":0}],"is_beta":false,"boss_relics":[],"items_purged_floors":[],"is_endless":false,"potions_floor_spawned":[5,8,12,13,14],"killed_by":"Hexaghost","ascension_level":0}