{"gold_per_floor":[113,388,401,411,425,452,452,377,377,391,391,448,623,723,723,823,823,840,840,765,765,780,813,813,824,824,824,293,18,18,37,37,37],"floor_reached":33,"playtime":1877,"items_purged":["Regret","Strike_B","Strike_B"],"score":421,"play_id":"9ddca60d-0997-4768-849b-425398eee4d4","local_time":"20190709074459","is_ascension_mode":true,"campfire_choices":[{"floor":7.0,"key":"REST"},{"data":"Streamline","floor":11.0,"key":"SMITH"},{"floor":15.0,"key":"REST"},{"floor":24.0,"key":"REST"},{"floor":27.0,"key":"REST"},{"data":"Defragment","floor":30.0,"key":"SMITH"},{"data":"Zap","floor":32.0,"key":"SMITH"}],"neow_cost":"NONE","seed_source_timestamp":0,"circlet_count":0,"master_deck":["AscendersBane","Strike_B","Defend_B","Defend_B","Defend_B","Defend_B","Zap+1","Dualcast","White Noise","Streamline+1","Echo Form","Sweeping Beam","Defragment+1","Fission","Reinforced Body","Sweeping Beam","Enlightenment","Consume","Self Repair","Coolheaded+1"],"special_seed":0,"relics":["FrozenCore","Ginger","FossilizedHelix","Mercury Hourglass","Ancient Tea Set","Dodecahedron","Prayer Wheel","Happy Flower"],"potions_floor_usage":[],"damage_taken":[{"damage":8.0,"enemies":"Small Slimes","floor":1.0,"turns":4.0},{"damage":1.0,"enemies":"Cultist","floor":3.0,"turns":3.0},{"damage":4.0,"enemies":"Jaw Worm","floor":4.0,"turns":4.0},{"damage":17.0,"enemies":"3 Louse","floor":5.0,"turns":4.0},{"damage":35.0,"enemies":"Lagavulin","floor":6.0,"turns":7.0},{"damage":12.0,"enemies":"Large Slime","floor":10.0,"turns":7.0},{"damage":8.0,"enemies":"Lagavulin Event","floor":12.0,"turns":5.0},{"damage":12.0,"enemies":"The Guardian","floor":16.0,"turns":9.0},{"damage":0.0,"enemies":"Spheric Guardian","floor":18.0,"turns":5.0},{"damage":11.0,"enemies":"Shell Parasite","floor":22.0,"turns":6.0},{"damage":39.0,"enemies":"Slavers","floor":23.0,"turns":7.0},{"damage":13.0,"enemies":"Shelled Parasite and Fungi","floor":25.0,"turns":8.0},{"damage":1.0,"enemies":"Snecko","floor":31.0,"turns":6.0},{"damage":41,"enemies":"Champ","floor":33,"turns":12}],"seed_played":"4440323576488785532","potions_obtained":[{"floor":5.0,"key":"Regen Potion"},{"floor":6.0,"key":"Explosive Potion"},{"floor":10.0,"key":"Dexterity Potion"},{"floor":23.0,"key":"EssenceOfSteel"}],"is_trial":false,"path_per_floor":["?","M","?","?","?","?","?","?","M","$"],"character_chosen":"DEFECT","items_purchased":["Consume","Self Repair","Prayer Wheel","Happy Flower"],"campfire_rested":4,"item_purchase_floors":[28,28,28,29],"current_hp_per_floor":[60,60,59,55,38,3,25,25,25,13,13,5,5,5,27,15,60,60,60,60,46,50,11,33,20,20,42,42,42,42,41,41,0],"gold":37,"neow_bonus":"TRANSFORM_CARD","is_prod":false,"is_daily":false,"chose_seed":false,"campfire_upgraded":3,"win_rate":0,"timestamp":1562647499,"path_taken":["M","?","M","?","M","E","R","$","T","M","R","?","?","?","R","BOSS","M","?","?","?","?","E","R","M","T","R","?","$","R","M","R","BOSS"],"build_version":"2019-01-23","purchased_purges":3,"victory":false,"max_hp_per_floor":[75,75,75,75,75,75,75,75,75,75,75,75,75,75,75,75,75,75,75,75,75,75,75,75,75,75,75,75,75,75,75,75,75],"card_choices":[{"not_picked":["Compile Driver","Redo","Hologram"],"picked":"SKIP","floor":1.0},{"not_picked":["Chaos","Redo"],"picked":"Streamline","floor":3.0},{"not_picked":["Redo","Go for the Eyes","Blizzard"],"picked":"SKIP","floor":4.0},{"not_picked":["Ball Lightning","Sweeping Beam"],"picked":"Echo Form","floor":5.0},{"not_picked":["Hyperbeam","Compile Driver","Go for the Eyes"],"picked":"SKIP","floor":6.0},{"not_picked":["Redo","Rip and Tear"],"picked":"Sweeping Beam","floor":10.0},{"not_picked":["Redo","Storm"],"picked":"Defragment","floor":12.0},{"not_picked":["Meteor Strike","Creative AI"],"picked":"Fission","floor":16.0},{"not_picked":["Beam Cell","Sweeping Beam"],"picked":"Reinforced Body","floor":18.0},{"not_picked":["Leap","Melter","Rip and Tear"],"picked":"SKIP","floor":22.0},{"not_picked":["Leap","Sweeping Beam+1","Tempest"],"picked":"SKIP","floor":23.0},{"not_picked":["Heatsinks","Cold Snap","Auto Shields"],"picked":"SKIP","floor":25.0},{"not_picked":["Compile Driver","Turbo+1"],"picked":"Coolheaded+1","floor":31.0},{"not_picked":["Coolheaded","Compile Driver","Heatsinks"],"picked":"SKIP","floor":31.0}],"player_experience":337534,"relics_obtained":[{"floor":6.0,"key":"Ginger"},{"floor":9.0,"key":"FossilizedHelix"},{"floor":12.0,"key":"Mercury Hourglass"},{"floor":23.0,"key":"Ancient Tea Set"},{"floor":26.0,"key":"Dodecahedron"}],"event_choices":[{"damage_healed":0.0,"max_hp_gain":0.0,"max_hp_loss":0.0,"gold_gain":275.0,"event_name":"Golden Shrine","player_choice":"Desecrate","floor":2.0,"gold_loss":0.0,"damage_taken":0.0,"cards_obtained":["Regret"]},{"damage_healed":0.0,"max_hp_gain":0.0,"max_hp_loss":0.0,"gold_gain":0.0,"event_name":"Dead Adventurer","player_choice":"Searched \u00272\u0027 times","floor":12.0,"gold_loss":0.0,"damage_taken":0.0},{"damage_healed":0.0,"max_hp_gain":0.0,"max_hp_loss":0.0,"gold_gain":175.0,"event_name":"Liars Game","player_choice":"AGREE","floor":13.0,"gold_loss":0.0,"damage_taken":0.0,"cards_obtained":["Doubt"]},{"damage_healed":0.0,"max_hp_gain":0.0,"max_hp_loss":0.0,"gold_gain":100.0,"event_name":"Golden Shrine","player_choice":"Pray","floor":14.0,"gold_loss":0.0,"damage_taken":0.0},{"damage_healed":0.0,"max_hp_gain":0.0,"max_hp_loss":0.0,"gold_gain":0.0,"event_name":"The Library","player_choice":"Read","floor":19.0,"gold_loss":0.0,"damage_taken":0.0,"cards_obtained":["Sweeping Beam"]},{"cards_removed":["Doubt"],"damage_healed":0.0,"max_hp_gain":0.0,"max_hp_loss":0.0,"gold_gain":0.0,"event_name":"Beggar","player_choice":"Gave Gold","floor":20.0,"gold_loss":75.0,"damage_taken":0.0},{"damage_healed":0.0,"max_hp_gain":0.0,"max_hp_loss":0.0,"gold_gain":0.0,"event_name":"Knowing Skull","player_choice":"CARD ","floor":21.0,"potions_obtained":[],"gold_loss":0.0,"damage_taken":14.0,"cards_obtained":["Enlightenment"]}],"is_beta":false,"boss_relics":[{"not_picked":["Fusion Hammer","Lizard Tail"],"picked":"FrozenCore"}],"items_purged_floors":[8,28,29],"is_endless":false,"potions_floor_spawned":[5,6,10,18,23],"killed_by":"Champ","ascension_level":12}