{"gold_per_floor":[114,64,76,28,42,42,68,68,93,105,130,55,55,67,67,162,162,174,3,15,15,15,47,47,73,73,88,105,105,25,41,41,41],"floor_reached":33,"playtime":1823,"items_purged":["Strike_R"],"score":409,"play_id":"56230c84-42e5-4687-b152-0b507d8a9f18","local_time":"20190715130432","is_ascension_mode":true,"campfire_choices":[{"data":"Bash","floor":6.0,"key":"SMITH"},{"data":"Anger","floor":8.0,"key":"SMITH"},{"data":"Pommel Strike","floor":13.0,"key":"SMITH"},{"data":"True Grit","floor":15.0,"key":"SMITH"},{"data":"Spot Weakness","floor":29,"key":"SMITH"},{"data":"Brutality","floor":32,"key":"SMITH"}],"neow_cost":"NONE","seed_source_timestamp":252299269485500,"circlet_count":0,"master_deck":["Strike_R+1","Strike_R+1","Strike_R+1","Defend_R+1","Defend_R+1","Defend_R+1","Defend_R+1","Bash+1","Dark Embrace","Anger+1","Cleave","Iron Wave","Impervious","Pommel Strike+1","True Grit+1","Feed","Rage+1","Spot Weakness+1","Blind","Heavy Blade","Brutality+1","Flame Barrier","Rupture"],"special_seed":0,"relics":["Black Blood","Pen Nib","Red Skull","Lantern","Bag of Preparation","Potion Belt","Pantograph"],"potions_floor_usage":[33],"damage_taken":[{"damage":7.0,"enemies":"Jaw Worm","floor":1.0,"turns":3.0},{"damage":2.0,"enemies":"Small Slimes","floor":3.0,"turns":4.0},{"damage":0.0,"enemies":"2 Louse","floor":5.0,"turns":2.0},{"damage":11.0,"enemies":"Gremlin Nob","floor":7.0,"turns":3.0},{"damage":12.0,"enemies":"Exordium Wildlife","floor":10.0,"turns":3.0},{"damage":35.0,"enemies":"Lagavulin","floor":11.0,"turns":4.0},{"damage":2.0,"enemies":"2 Fungi Beasts","floor":14.0,"turns":2.0},{"damage":13.0,"enemies":"Hexaghost","floor":16.0,"turns":9.0},{"damage":2.0,"enemies":"Chosen","floor":18.0,"turns":3.0},{"damage":12.0,"enemies":"Shell Parasite","floor":20.0,"turns":4.0},{"damage":13.0,"enemies":"Book of Stabbing","floor":23.0,"turns":4.0},{"damage":37.0,"enemies":"Slavers","floor":25.0,"turns":9.0},{"damage":17.0,"enemies":"Cultist and Chosen","floor":27.0,"turns":7.0},{"damage":9,"enemies":"3 Cultists","floor":28,"turns":6},{"damage":26,"enemies":"Snecko","floor":31,"turns":8},{"damage":70,"enemies":"Automaton","floor":33,"turns":6}],"seed_played":"-570857569160537020","potions_obtained":[{"floor":3.0,"key":"Explosive Potion"},{"floor":10.0,"key":"Strength Potion"},{"floor":11.0,"key":"EssenceOfSteel"},{"floor":18.0,"key":"SteroidPotion"},{"floor":20.0,"key":"Block Potion"},{"floor":27,"key":"Fire Potion"},{"floor":28,"key":"Dexterity Potion"}],"is_trial":false,"path_per_floor":["M","?","M","$","M","R","E","R","T","M","E","$","R","M","R","B",null,"M","$","M","?","?","E","?","E","T","M","M","R","$","M","R","B"],"character_chosen":"IRONCLAD","items_purchased":["Iron Wave","Spot Weakness","Blind","Rupture"],"campfire_rested":0,"item_purchase_floors":[4,19,19,30],"current_hp_per_floor":[71,71,75,75,80,80,75,75,75,69,40,40,40,44,44,37,69,80,80,78,78,78,78,78,54,54,47,51,51,51,38,38,0],"gold":41,"neow_bonus":"ONE_RANDOM_RARE_CARD","is_prod":false,"is_daily":false,"chose_seed":false,"campfire_upgraded":6,"win_rate":0,"timestamp":1563210272,"path_taken":["M","?","M","$","M","R","E","R","T","M","E","$","R","M","R","BOSS","M","$","M","?","?","E","?","E","T","M","?","R","$","M","R","BOSS"],"build_version":"2019-07-05","purchased_purges":1,"victory":false,"max_hp_per_floor":[80,80,80,80,80,80,80,80,80,80,80,80,80,80,80,80,80,83,83,83,83,83,86,86,89,89,89,92,92,92,95,95,95],"card_choices":[{"not_picked":["Carnage","Metallicize"],"picked":"Anger","floor":1.0},{"not_picked":["Perfected Strike","Reckless Charge"],"picked":"Cleave","floor":3.0},{"not_picked":["Sword Boomerang","Fire Breathing","Flex"],"picked":"SKIP","floor":5.0},{"not_picked":["Dual Wield","Sentinel"],"picked":"Impervious","floor":7.0},{"not_picked":["Battle Trance","Warcry"],"picked":"Pommel Strike","floor":10.0},{"not_picked":["Wild Strike","Rampage","Evolve"],"picked":"SKIP","floor":11.0},{"not_picked":["Impervious","Rage"],"picked":"True Grit","floor":14.0},{"not_picked":["Impervious","Brutality"],"picked":"Feed","floor":16.0},{"not_picked":["Dropkick","Anger"],"picked":"Rage+1","floor":18.0},{"not_picked":["Sentinel+1","Fire Breathing"],"picked":"Heavy Blade","floor":20.0},{"not_picked":["Sever Soul","Flex"],"picked":"Brutality","floor":23.0},{"not_picked":["Flex","Perfected Strike+1","Sever Soul"],"picked":"SKIP","floor":25.0},{"not_picked":["Entrench","Combust","Thunderclap"],"picked":"SKIP","floor":27},{"not_picked":["Infernal Blade","Pommel Strike"],"picked":"Flame Barrier","floor":28},{"not_picked":["Thunderclap","Second Wind","Perfected Strike"],"picked":"SKIP","floor":31}],"player_experience":217626,"relics_obtained":[{"floor":7.0,"key":"Pen Nib"},{"floor":9.0,"key":"Red Skull"},{"floor":11.0,"key":"Lantern"},{"floor":23.0,"key":"Bag of Preparation"},{"floor":25.0,"key":"Potion Belt"},{"floor":26.0,"key":"Pantograph"}],"event_choices":[{"cards_removed":["Strike_R"],"damage_healed":0.0,"max_hp_gain":0.0,"max_hp_loss":0.0,"gold_gain":0.0,"event_name":"The Cleric","player_choice":"Card Removal","floor":2.0,"gold_loss":50.0,"damage_taken":0.0},{"damage_healed":0.0,"max_hp_gain":0.0,"max_hp_loss":0.0,"gold_gain":0.0,"event_name":"Back to Basics","player_choice":"Simplicity","floor":21.0,"gold_loss":0.0,"damage_taken":0.0,"cards_upgraded":["Strike_R","Strike_R","Strike_R","Defend_R","Defend_R","Defend_R","Defend_R"]},{"damage_healed":0.0,"max_hp_gain":0.0,"max_hp_loss":0.0,"gold_gain":0.0,"event_name":"Ghosts","player_choice":"Ignored","floor":24.0,"gold_loss":0.0,"damage_taken":0.0}],"is_beta":false,"boss_relics":[{"not_picked":["Philosopher\u0027s Stone","Snecko Eye"],"picked":"Black Blood"}],"items_purged_floors":[12],"is_endless":false,"potions_floor_spawned":[3,10,11,18,20,27,28],"killed_by":"Automaton","ascension_level":6}