{"gold_per_floor":[211,161,175,59,76,107,107,127,127,127,93,105,137,137,137,241,241,255,170,170,170,170,170,189,189,189,208,208,226,226,257,257,361,361,376,389,389,389,32,64,64,84,111,111,129,140,140,140,140,140],"floor_reached":50,"playtime":4111,"items_purged":[],"score":525,"play_id":"00f04dac-8900-4425-93e3-2bbc4983305b","local_time":"20190703005454","is_ascension_mode":false,"campfire_choices":[{"floor":7,"key":"REST"},{"data":"Footwork","floor":15,"key":"SMITH"},{"floor":23,"key":"REST"},{"floor":25,"key":"REST"},{"data":"Envenom","floor":28,"key":"SMITH"},{"floor":30,"key":"REST"},{"floor":32,"key":"REST"},{"floor":44,"key":"REST"},{"data":"Footwork","floor":49,"key":"SMITH"}],"neow_cost":"NONE","seed_source_timestamp":10703140883591,"circlet_count":0,"master_deck":["Strike_G","Strike_G","Strike_G","Strike_G","Defend_G+1","Defend_G","Defend_G","Defend_G","Defend_G","Survivor","Neutralize","Quick Slash","Leg Sweep","Finisher","Infinite Blades+1","Bane","Deadly Poison","Footwork+1","Poisoned Stab+1","Sucker Punch+1","Adrenaline+1","Dagger Spray+1","Writhe","Envenom+1","Crippling Poison","Footwork+1","Malaise","Backflip+1","Flying Knee+1","Eviscerate+1","Underhanded Strike+1","Terror+1","Prepared+1","Unload+1","Backstab+1","Dagger Throw+1","Parasite","Prepared+1","Backstab+1","Doubt"],"relics":["Ring of the Snake","Snake Skull","Molten Egg 2","StoneCalendar","HoveringKite","Juzu Bracelet","Enchiridion","Tingsha","Mummified Hand","Centennial Puzzle","Orrery","War Paint","Blue Candle","Regal Pillow"],"potions_floor_usage":[33,33,33,42,45,47,50],"damage_taken":[{"damage":0,"enemies":"Cultist","floor":1,"turns":4},{"damage":2,"enemies":"Small Slimes","floor":3,"turns":5},{"damage":0,"enemies":"2 Louse","floor":5,"turns":3},{"damage":21,"enemies":"3 Sentries","floor":6,"turns":10},{"damage":0,"enemies":"Looter","floor":8,"turns":3},{"damage":0,"enemies":"Blue Slaver","floor":12,"turns":4},{"damage":20,"enemies":"Gremlin Nob","floor":13,"turns":5},{"damage":19,"enemies":"Slime Boss","floor":16,"turns":7},{"damage":21,"enemies":"3 Byrds","floor":18,"turns":7},{"damage":2,"enemies":"Spheric Guardian","floor":24,"turns":3},{"damage":6,"enemies":"Snecko","floor":27,"turns":5},{"damage":14,"enemies":"Centurion and Healer","floor":29,"turns":5},{"damage":20,"enemies":"Gremlin Leader","floor":31,"turns":5},{"damage":21,"enemies":"Automaton","floor":33,"turns":7},{"damage":0,"enemies":"Orb Walker","floor":35,"turns":3},{"damage":12,"enemies":"3 Darklings","floor":36,"turns":4},{"damage":33,"enemies":"Nemesis","floor":40,"turns":5},{"damage":0,"enemies":"Spire Growth","floor":42,"turns":3},{"damage":32,"enemies":"Writhing Mass","floor":45,"turns":3},{"damage":4,"enemies":"Maw","floor":46,"turns":5},{"damage":0,"enemies":"3 Darklings","floor":47,"turns":1},{"damage":75,"enemies":"Time Eater","floor":50,"turns":7}],"seed_played":"-1957205613981316822","potions_obtained":[{"floor":8,"key":"SkillPotion"},{"floor":12,"key":"Dexterity Potion"},{"floor":13,"key":"SteroidPotion"},{"floor":27,"key":"SpeedPotion"},{"floor":33,"key":"Swift Potion"},{"floor":36,"key":"Ancient Potion"},{"floor":42,"key":"SmokeBomb"}],"is_trial":false,"path_per_floor":["M","?","M","$","M","E","R","M","T","?","?","M","E","?","R","B",null,"M","?","?","?","?","R","M","R","T","M","R","M","R","E","R","B",null,"M","M","?","?","$","E","?","M","T","R","M","M","M","?","R","B"],"character_chosen":"THE_SILENT","items_purchased":["Finisher","Infinite Blades","War Paint","AttackPotion","Unload+1"],"campfire_rested":6,"item_purchase_floors":[4,4,39,39,39],"current_hp_per_floor":[70,70,68,68,68,47,68,68,68,54,54,54,34,57,57,38,70,49,49,33,33,20,42,40,62,62,56,56,42,64,44,66,45,75,75,63,63,63,63,30,30,30,30,67,35,31,31,75,75,0],"gold":140,"neow_bonus":"HUNDRED_GOLD","is_prod":false,"is_daily":false,"chose_seed":false,"campfire_upgraded":3,"win_rate":0.0,"timestamp":1562108094,"path_taken":["M","?","M","$","M","E","R","M","T","?","?","M","E","?","R","BOSS","M","?","?","?","?","R","M","R","T","M","R","M","R","E","R","BOSS","M","M","?","?","$","E","?","M","T","R","M","M","M","?","R","BOSS"],"build_version":"2019-07-01","purchased_purges":0,"victory":false,"max_hp_per_floor":[70,70,70,70,70,70,70,70,70,70,70,70,70,70,70,70,70,70,70,70,70,75,75,75,75,75,75,75,75,75,75,75,75,75,75,75,75,75,75,75,75,75,75,75,75,75,75,75,75,75],"card_choices":[{"not_picked":["Reflex","Underhanded Strike"],"picked":"Quick Slash","floor":1},{"not_picked":["Escape Plan","Sucker Punch"],"picked":"Leg Sweep","floor":3},{"not_picked":["Flechettes","Deflect"],"picked":"Bane","floor":5},{"not_picked":["Sucker Punch","Bane"],"picked":"Deadly Poison","floor":6},{"not_picked":["Leg Sweep","Burst"],"picked":"Footwork","floor":8},{"not_picked":["Prepared","Infinite Blades"],"picked":"Poisoned Stab+1","floor":12},{"not_picked":["Deadly Poison","Heel Hook+1"],"picked":"Sucker Punch+1","floor":13},{"not_picked":["Corpse Explosion","Tools of the Trade"],"picked":"Adrenaline","floor":16},{"not_picked":["Slice+1","Sucker Punch+1"],"picked":"Dagger Spray+1","floor":18},{"not_picked":["Infinite Blades+1","Poisoned Stab+1"],"picked":"Envenom","floor":24},{"not_picked":["Dodge and Roll","Eviscerate+1"],"picked":"Crippling Poison","floor":27},{"not_picked":["Prepared","Deadly Poison","Blur"],"picked":"SKIP","floor":29},{"not_picked":["Slice+1","Blade Dance"],"picked":"Footwork","floor":31},{"not_picked":["Bullet Time","Phantasmal Killer"],"picked":"Malaise","floor":33},{"not_picked":["Blade Dance","Slice+1"],"picked":"Footwork+1","floor":34},{"not_picked":["Terror","Sucker Punch+1"],"picked":"Backflip+1","floor":34},{"not_picked":["Prepared","Underhanded Strike+1"],"picked":"Flying Knee+1","floor":34},{"not_picked":["Terror","PiercingWail"],"picked":"Eviscerate+1","floor":34},{"not_picked":["Bane+1","Infinite Blades+1"],"picked":"Underhanded Strike+1","floor":34},{"not_picked":["Slice+1","Underhanded Strike+1"],"picked":"Terror+1","floor":35},{"not_picked":["Crippling Poison+1","Endless Agony+1"],"picked":"Prepared","floor":36},{"not_picked":["Deadly Poison","Backflip"],"picked":"Backstab+1","floor":40},{"not_picked":["Tools of the Trade","Well Laid Plans+1"],"picked":"Dagger Throw+1","floor":42},{"not_picked":["Quick Slash+1","Deadly Poison"],"picked":"Prepared+1","floor":45},{"not_picked":["Slice+1","Leg Sweep+1"],"picked":"Backstab+1","floor":46}],"player_experience":42801,"relics_obtained":[{"floor":6,"key":"Snake Skull"},{"floor":9,"key":"Molten Egg 2"},{"floor":13,"key":"StoneCalendar"},{"floor":20,"key":"Enchiridion"},{"floor":26,"key":"Mummified Hand"},{"floor":31,"key":"Centennial Puzzle"},{"floor":40,"key":"Blue Candle"},{"floor":43,"key":"Regal Pillow"}],"event_choices":[{"cards_removed":["Strike_G"],"damage_healed":0,"gold_gain":0,"player_choice":"Card Removal","damage_taken":0,"max_hp_gain":0,"max_hp_loss":0,"event_name":"The Cleric","floor":2,"gold_loss":50},{"damage_healed":0,"gold_gain":0,"player_choice":"Entered Light","damage_taken":14,"max_hp_gain":0,"max_hp_loss":0,"event_name":"Shining Light","floor":10,"gold_loss":0,"cards_upgraded":["Infinite Blades","Defend_G"]},{"damage_healed":0,"gold_gain":0,"player_choice":"Left Gold","damage_taken":0,"max_hp_gain":0,"max_hp_loss":0,"event_name":"World of Goop","floor":11,"gold_loss":34},{"damage_healed":23,"gold_gain":0,"player_choice":"Banana","damage_taken":0,"max_hp_gain":0,"max_hp_loss":0,"event_name":"Big Fish","floor":14,"gold_loss":0},{"damage_healed":0,"gold_gain":0,"player_choice":"Obtained Relic","damage_taken":0,"relics_obtained":["Juzu Bracelet"],"max_hp_gain":0,"max_hp_loss":0,"event_name":"Addict","floor":19,"gold_loss":85},{"damage_healed":0,"gold_gain":0,"player_choice":"Obtained Book","damage_taken":16,"max_hp_gain":0,"max_hp_loss":0,"event_name":"Cursed Tome","floor":20,"gold_loss":0},{"damage_healed":0,"gold_gain":0,"player_choice":"Opened","damage_taken":0,"relics_obtained":["Tingsha"],"max_hp_gain":0,"max_hp_loss":0,"event_name":"The Mausoleum","floor":21,"gold_loss":0,"cards_obtained":["Writhe"]},{"damage_healed":0,"gold_gain":0,"player_choice":"Shed Blood","damage_taken":18,"max_hp_gain":5,"max_hp_loss":0,"event_name":"Forgotten Altar","floor":22,"gold_loss":0},{"cards_removed":["Footwork"],"damage_healed":0,"gold_gain":0,"player_choice":"Removed Power","damage_taken":0,"max_hp_gain":0,"max_hp_loss":0,"event_name":"Falling","floor":37,"gold_loss":0},{"damage_healed":0,"gold_gain":0,"player_choice":"Ignored","damage_taken":0,"max_hp_gain":0,"max_hp_loss":0,"event_name":"Mysterious Sphere","floor":38,"gold_loss":0},{"damage_healed":0,"gold_gain":0,"player_choice":"Ignored","damage_taken":0,"max_hp_gain":0,"max_hp_loss":0,"event_name":"The Moai Head","floor":41,"gold_loss":0},{"damage_healed":44,"gold_gain":0,"player_choice":"Heal","damage_taken":0,"max_hp_gain":0,"max_hp_loss":0,"event_name":"MindBloom","floor":48,"gold_loss":0,"cards_obtained":["Doubt"]}],"is_beta":false,"boss_relics":[{"not_picked":["Empty Cage","Lizard Tail"],"picked":"HoveringKite"},{"not_picked":["Runic Dome","Coffee Dripper"],"picked":"Orrery"}],"items_purged_floors":[],"is_endless":false,"potions_floor_spawned":[8,12,13,18,27,33,36,42,47],"killed_by":"Time Eater","ascension_level":0}