{"gold_per_floor":[317,332,176,191,191,191,206,206,256,256,112,127,127],"floor_reached":13,"playtime":1106,"items_purged":[],"score":75,"play_id":"c79cbe35-665c-43e8-b201-7fffc1a7d12a","local_time":"20190518234650","daily_mods":["SealedDeck","ControlledChaos","Lethality"],"is_ascension_mode":false,"campfire_choices":[{"data":"Slimebound:RainOfGoop","floor":6,"key":"SMITH"},{"floor":8,"key":"REST"}],"neow_cost":"","seed_source_timestamp":0,"circlet_count":0,"master_deck":["Slimebound:SpikyOuterGoop","Slimebound:ItLooksTasty","Slimebound:PoisonLick","Slimebound:SpikyOuterGoop","Slimebound:LeechEnergy+1","Slimebound:Lick","Slimebound:SamplingLick","Slimebound:Recollect","Slimebound:GoopSpray+1","Slimebound:Gluttony","Slimebound:LeadByExample","Slimebound:RainOfGoop+1","Slimebound:AcidTongue+1","Slimebound:DouseInSlime","Slimebound:SelfFormingGoo","Slimebound:RainOfGoop"],"special_seed":18035,"relics":["Slimebound:AbsorbEndCombat","Frozen Eye","Omamori"],"potions_floor_usage":[7,7],"damage_taken":[{"damage":3,"enemies":"Small Slimes","floor":1,"turns":2},{"damage":16,"enemies":"Jaw Worm","floor":2,"turns":3},{"damage":19,"enemies":"2 Louse","floor":4,"turns":2},{"damage":23,"enemies":"Gremlin Gang","floor":7,"turns":3},{"damage":24,"enemies":"Exordium Thugs","floor":12,"turns":3},{"damage":43,"enemies":"3 Louse","floor":13,"turns":2}],"seed_played":"-6451152529473643589","potions_obtained":[{"floor":2,"key":"PowerPotion"},{"floor":4,"key":"Weak Potion"},{"floor":12,"key":"construct:ShiftPotion"}],"is_trial":false,"path_per_floor":["M","M","$","M","?","R","M","R","T","?","$","M","M"],"character_chosen":"SLIMEBOUND","items_purchased":["Slimebound:LeadByExample","Slimebound:RainOfGoop","Slimebound:DouseInSlime","Slimebound:SelfFormingGoo"],"campfire_rested":1,"item_purchase_floors":[3,3,11,11],"current_hp_per_floor":[70,63,63,53,39,39,31,52,52,52,52,40,0],"gold":127,"neow_bonus":"","is_prod":false,"is_daily":true,"chose_seed":false,"campfire_upgraded":1,"win_rate":0,"timestamp":1558237610,"path_taken":["M","M","$","M","?","R","M","R","T","?","$","M","M"],"build_version":"2019-01-23","purchased_purges":0,"victory":false,"max_hp_per_floor":[70,70,70,70,70,70,70,70,70,70,70,70,70],"card_choices":[{"not_picked":["Slimebound:LeechingTouch","Slimebound:RollThrough","Slimebound:SplitLeeching"],"picked":"SKIP","floor":1},{"not_picked":["Slimebound:VenomTackle","Slimebound:SplitMire","Slimebound:DivideAndConquer"],"picked":"SKIP","floor":2},{"not_picked":["Slimebound:RollThrough","Slimebound:ComboTackle"],"picked":"Slimebound:AcidTongue","floor":4},{"not_picked":["Slimebound:LeechingTouch","Slimebound:Recollect","Slimebound:ServeAndProtect"],"picked":"SKIP","floor":7},{"not_picked":["Slimebound:GoopSpray","Slimebound:SplitBruiser"],"picked":"Slimebound:RainOfGoop","floor":12}],"player_experience":213468,"relics_obtained":[{"floor":9,"key":"Omamori"}],"event_choices":[{"damage_healed":0,"gold_gain":0,"player_choice":"Entered Light","damage_taken":14,"max_hp_gain":0,"max_hp_loss":0,"event_name":"Shining Light","floor":5,"gold_loss":0,"cards_upgraded":["Slimebound:LeechEnergy","Slimebound:GoopSpray"]},{"damage_healed":0,"gold_gain":0,"player_choice":"Grow","damage_taken":0,"max_hp_gain":0,"max_hp_loss":0,"event_name":"Living Wall","floor":10,"gold_loss":0,"cards_upgraded":["Slimebound:AcidTongue"]}],"is_beta":false,"boss_relics":[],"items_purged_floors":[],"is_endless":false,"potions_floor_spawned":[2,4,12],"killed_by":"3 Louse","ascension_level":0}