{"gold_per_floor":[114,129,129,144,159,189,189,204,229,259,289,304,334,349,349,449,449,464,235,250,349,364,364,394,394,469,499,499,499,514,539,539,639,639,654,669,619,369,399,399,414,414,414,444,444,474,489,504,504,504],"floor_reached":51,"playtime":4021,"items_purged":[],"score":1082,"play_id":"693781ae-69f4-4881-ac3f-bc0a115cd5b9","local_time":"20190528213425","daily_mods":["Insanity","Time Dilation","DeadlyEvents"],"is_ascension_mode":false,"campfire_choices":[{"data":"Flying Knee","floor":7,"key":"SMITH"},{"floor":15,"key":"REST"},{"data":"Distraction","floor":23,"key":"SMITH"},{"floor":25,"key":"REST"},{"data":"Backstab","floor":29,"key":"SMITH"},{"data":"Distraction","floor":32,"key":"SMITH"},{"data":"Distraction","floor":40,"key":"SMITH"},{"data":"Distraction","floor":42,"key":"SMITH"},{"data":"After Image","floor":45,"key":"SMITH"},{"floor":49,"key":"REST"}],"neow_cost":"","seed_source_timestamp":0,"circlet_count":0,"master_deck":["Expertise","Escape Plan","Deflect","Caltrops","Calculated Gamble","Calculated Gamble","Dodge and Roll","Cloak And Dagger","Calculated Gamble","Bane","Prepared","Sucker Punch","Poisoned Stab","Acrobatics","Bouncing Flask","Quick Slash","Dagger Throw","Slice","Prepared","PiercingWail","Terror","Bane","Poisoned Stab","Distraction+1","Cloak And Dagger","Poisoned Stab","Masterful Stab","PiercingWail","Dodge and Roll","Slice","Dagger Throw","Infinite Blades","Slice","Flying Knee+1","Backflip","Eviscerate","Outmaneuver","Deadly Poison","Terror","Acrobatics","Distraction+1","Dagger Throw","Quick Slash","Dagger Spray","Outmaneuver","Riddle With Holes","Dagger Throw","Distraction+1","Well Laid Plans","Crippling Poison","Blur","Flying Knee","Calculated Gamble","Masterful Stab","Dagger Throw","Caltrops","Well Laid Plans","A Thousand Cuts","Infinite Blades+1","Storm of Steel+1","Catalyst+1","Dagger Spray","Backstab+1","Predator","Backflip","Distraction+1","Crippling Poison","Well Laid Plans","Envenom","Terror+1","Acrobatics+1","Flying Knee+1","Tactician+1","After Image+1","Outmaneuver+1","Dagger Spray"],"special_seed":18045,"relics":["Ring of the Snake","FaceOfCleric","Lantern","Anchor","Mummified Hand","FossilizedHelix","Happy Flower","Astrolabe","Vajra","Potion Belt","Shuriken","Pear","MutagenicStrength","Bag of Marbles","Runic Dome","Regal Pillow","Singing Bowl","The Specimen","Kunai","Paper Crane"],"potions_floor_usage":[6,6,14,16,16,16,22,24,33,33,36,39,44,44,48,50,50],"damage_taken":[{"damage":0,"enemies":"Cultist","floor":1,"turns":2},{"damage":0,"enemies":"Small Slimes","floor":2,"turns":2},{"damage":11,"enemies":"Jaw Worm","floor":4,"turns":2},{"damage":10,"enemies":"Large Slime","floor":5,"turns":5},{"damage":0,"enemies":"Gremlin Nob","floor":6,"turns":3},{"damage":1,"enemies":"2 Fungi Beasts","floor":8,"turns":2},{"damage":18,"enemies":"Lagavulin","floor":10,"turns":3},{"damage":0,"enemies":"3 Sentries","floor":11,"turns":1},{"damage":0,"enemies":"3 Louse","floor":12,"turns":2},{"damage":0,"enemies":"Gremlin Nob","floor":13,"turns":2},{"damage":0,"enemies":"Lots of Slimes","floor":14,"turns":2},{"damage":30,"enemies":"Hexaghost","floor":16,"turns":5},{"damage":0,"enemies":"Spheric Guardian","floor":18,"turns":2},{"damage":0,"enemies":"2 Thieves","floor":20,"turns":3},{"damage":15,"enemies":"Shelled Parasite and Fungi","floor":22,"turns":3},{"damage":18,"enemies":"Gremlin Leader","floor":24,"turns":4},{"damage":0,"enemies":"Book of Stabbing","floor":27,"turns":2},{"damage":0,"enemies":"Snecko","floor":30,"turns":2},{"damage":32,"enemies":"Champ","floor":33,"turns":6},{"damage":0,"enemies":"3 Darklings","floor":35,"turns":2},{"damage":0,"enemies":"3 Shapes","floor":36,"turns":2},{"damage":0,"enemies":"Giant Head","floor":39,"turns":4},{"damage":0,"enemies":"Jaw Worm Horde","floor":41,"turns":2},{"damage":9,"enemies":"Reptomancer","floor":44,"turns":3},{"damage":0,"enemies":"Nemesis","floor":46,"turns":3},{"damage":0,"enemies":"Maw","floor":47,"turns":4},{"damage":0,"enemies":"Transient","floor":48,"turns":5},{"damage":32,"enemies":"Awakened One","floor":50,"turns":9}],"seed_played":"-6599637533551132899","potions_obtained":[{"floor":1,"key":"Block Potion"},{"floor":2,"key":"SkillPotion"},{"floor":6,"key":"Poison Potion"},{"floor":11,"key":"LiquidBronze"},{"floor":13,"key":"PowerPotion"},{"floor":14,"key":"Regen Potion"},{"floor":18,"key":"Strength Potion"},{"floor":22,"key":"LiquidBronze"},{"floor":27,"key":"SteroidPotion"},{"floor":30,"key":"SteroidPotion"},{"floor":35,"key":"SpeedPotion"},{"floor":36,"key":"Fruit Juice"},{"floor":41,"key":"Weak Potion"},{"floor":47,"key":"SkillPotion"}],"is_trial":false,"path_per_floor":["M","M","?","M","M","E","R","M","T","E","E","M","E","M","R","B",null,"M","$","M","?","M","R","E","R","T","E","?","R","M","T","R","B",null,"M","M","$","$","E","R","M","R","T","E","R","E","M","M","R","B",null],"character_chosen":"THE_SILENT","items_purchased":["Vajra","Backstab","Poison Potion","SkillPotion","Fire Potion","Regal Pillow"],"campfire_rested":3,"item_purchase_floors":[19,19,37,38,38,38],"current_hp_per_floor":[70,70,70,60,51,52,52,52,52,35,36,37,38,39,62,47,80,81,81,82,82,68,68,51,76,76,87,87,87,88,88,88,57,97,98,104,104,104,105,105,106,106,106,98,98,99,100,103,112,81],"gold":504,"neow_bonus":"","is_prod":false,"is_daily":true,"chose_seed":false,"campfire_upgraded":7,"win_rate":0,"timestamp":1559093665,"path_taken":["M","?","?","M","M","E","R","M","T","?","E","?","E","M","R","BOSS","M","$","M","?","M","R","E","R","T","E","?","R","M","?","R","BOSS","M","M","?","$","?","R","M","R","T","E","R","?","M","M","R","BOSS"],"build_version":"2019-01-23","purchased_purges":0,"victory":true,"max_hp_per_floor":[70,70,70,71,72,73,73,74,74,75,76,77,78,79,79,80,80,81,81,82,82,83,83,84,84,84,95,95,95,96,96,96,97,97,98,104,104,104,105,105,106,106,106,107,107,108,109,112,112,113],"card_choices":[{"not_picked":["Cloak And Dagger","Flying Knee"],"picked":"Distraction","floor":1},{"not_picked":["Escape Plan","Setup"],"picked":"Well Laid Plans","floor":2},{"not_picked":["Backstab","Blur"],"picked":"Crippling Poison","floor":4},{"not_picked":["Expertise","Heel Hook"],"picked":"Blur","floor":5},{"not_picked":["Cloak And Dagger","Dash"],"picked":"Flying Knee","floor":6},{"not_picked":["Dodge and Roll","Sucker Punch"],"picked":"Calculated Gamble","floor":8},{"not_picked":["Bouncing Flask","Heel Hook"],"picked":"Masterful Stab","floor":10},{"not_picked":["Acrobatics","Blade Dance","Poisoned Stab"],"picked":"SKIP","floor":11},{"not_picked":["Deadly Poison","Crippling Poison"],"picked":"Dagger Throw","floor":12},{"not_picked":["Deflect","Concentrate"],"picked":"Caltrops","floor":13},{"not_picked":["Accuracy","Slice"],"picked":"Well Laid Plans","floor":14},{"not_picked":["Phantasmal Killer","Wraith Form v2"],"picked":"A Thousand Cuts","floor":16},{"not_picked":["Prepared","Distraction"],"picked":"Dagger Spray","floor":18},{"not_picked":["Deflect","Poisoned Stab"],"picked":"Predator","floor":20},{"not_picked":["Underhanded Strike","Blade Dance"],"picked":"Backflip","floor":22},{"not_picked":["Riddle With Holes","Bane"],"picked":"Distraction","floor":24},{"not_picked":["Acrobatics","Backflip"],"picked":"Crippling Poison","floor":27},{"not_picked":["Prepared","Outmaneuver"],"picked":"Well Laid Plans","floor":30},{"not_picked":["Storm of Steel","Unload"],"picked":"Envenom","floor":33},{"not_picked":["Leg Sweep","Escape Plan"],"picked":"Terror+1","floor":35},{"not_picked":["Skewer","Blade Dance+1"],"picked":"Acrobatics+1","floor":36},{"not_picked":["PiercingWail","Dodge and Roll"],"picked":"Flying Knee+1","floor":39},{"not_picked":["Flechettes+1","Blade Dance+1"],"picked":"Tactician+1","floor":41},{"not_picked":["Cloak And Dagger","Sucker Punch"],"picked":"After Image","floor":44},{"not_picked":["Underhanded Strike","Escape Plan"],"picked":"Outmaneuver+1","floor":46},{"not_picked":["Dagger Throw","Flying Knee"],"picked":"Dagger Spray","floor":47},{"not_picked":["Flying Knee","Slice+1","Infinite Blades"],"picked":"Singing Bowl","floor":48}],"player_experience":271506,"relics_obtained":[{"floor":6,"key":"Lantern"},{"floor":9,"key":"Anchor"},{"floor":10,"key":"Mummified Hand"},{"floor":11,"key":"FossilizedHelix"},{"floor":13,"key":"Happy Flower"},{"floor":24,"key":"Potion Belt"},{"floor":26,"key":"Shuriken"},{"floor":27,"key":"Pear"},{"floor":31,"key":"Bag of Marbles"},{"floor":39,"key":"Singing Bowl"},{"floor":43,"key":"The Specimen"},{"floor":44,"key":"Kunai"},{"floor":46,"key":"Paper Crane"}],"event_choices":[{"damage_healed":0,"gold_gain":0,"player_choice":"Trade","damage_taken":0,"relics_obtained":["FaceOfCleric"],"max_hp_gain":0,"max_hp_loss":0,"event_name":"FaceTrader","floor":3,"gold_loss":0},{"damage_healed":0,"gold_gain":99,"player_choice":"Stole From Cult","damage_taken":0,"max_hp_gain":0,"max_hp_loss":0,"event_name":"Nest","floor":21,"gold_loss":0},{"damage_healed":0,"gold_gain":0,"player_choice":"Inject Mutagens","damage_taken":0,"relics_obtained":["MutagenicStrength"],"max_hp_gain":0,"max_hp_loss":0,"event_name":"Drug Dealer","floor":28,"gold_loss":0}],"is_beta":false,"boss_relics":[{"not_picked":["Busted Crown","Fusion Hammer"],"picked":"Astrolabe"},{"not_picked":["Philosopher\u0027s Stone","Empty Cage"],"picked":"Runic Dome"}],"items_purged_floors":[],"is_endless":false,"potions_floor_spawned":[1,2,6,11,13,14,18,22,27,30,35,36,41,47],"ascension_level":0}