{"gold_per_floor":[114,114,64,64,64,102,132,170,170,170,170,208,178,197,197,322,322,341,341,16,16,66,104,122,122,172,510,548,248,347,366,366,491,491,510,385,385,421,421,421],"floor_reached":40,"playtime":2191,"items_purged":["Blood for Blood","Limit Break+1","Cleave"],"score":625,"play_id":"cd733af2-cefa-4a34-8cd4-fc544f5a0496","local_time":"20190603004433","daily_mods":["Draft","Flight","Terminal"],"is_ascension_mode":false,"campfire_choices":[{"data":"Infernal Blade","floor":15,"key":"SMITH"},{"floor":32,"key":"REST"}],"neow_cost":"","seed_source_timestamp":0,"circlet_count":0,"master_deck":["Cleave","Clash","Cleave","Headbutt","Metallicize","Infernal Blade+1","Rage","Thunderclap","Warcry","Armaments+1","Thunderclap","Exhume+1","Corruption+1","Feel No Pain","Dual Wield+1","Exhume+1","Double Tap+1","Shockwave+1","Immolate+1","Madness+1","True Grit+1"],"special_seed":18050,"relics":["Burning Blood","Juzu Bracelet","Golden Idol","Strawberry","Pantograph","Nunchaku","Self Forming Clay","Orichalcum","Toxic Egg 2","Shuriken","Empty Cage","Molten Egg 2","Bag of Preparation","Letter Opener","Red Mask","Art of War","Old Coin","Mango","Dream Catcher","Busted Crown","Girya"],"potions_floor_usage":[16,16,18,27,31,33,38,40],"damage_taken":[{"damage":0,"enemies":"Jaw Worm","floor":1,"turns":1},{"damage":4,"enemies":"3 Sentries","floor":6,"turns":3},{"damage":0,"enemies":"Gremlin Nob","floor":8,"turns":3},{"damage":9,"enemies":"Lagavulin","floor":12,"turns":5},{"damage":2,"enemies":"2 Louse","floor":14,"turns":2},{"damage":4,"enemies":"Slime Boss","floor":16,"turns":6},{"damage":6,"enemies":"3 Byrds","floor":18,"turns":4},{"damage":16,"enemies":"Book of Stabbing","floor":23,"turns":5},{"damage":0,"enemies":"Masked Bandits","floor":24,"turns":2},{"damage":9,"enemies":"Slavers","floor":27,"turns":2},{"damage":11,"enemies":"Gremlin Leader","floor":28,"turns":5},{"damage":2,"enemies":"Chosen","floor":31,"turns":3},{"damage":0,"enemies":"Collector","floor":33,"turns":6},{"damage":1,"enemies":"3 Shapes","floor":35,"turns":2},{"damage":0,"enemies":"2 Orb Walkers","floor":38,"turns":2},{"damage":73,"enemies":"Nemesis","floor":40,"turns":7}],"seed_played":"4062081595039347148","potions_obtained":[{"floor":1,"key":"Ancient Potion"},{"floor":12,"key":"Fire Potion"},{"floor":13,"key":"Block Potion"},{"floor":13,"key":"AttackPotion"},{"floor":16,"key":"FearPotion"},{"floor":18,"key":"FearPotion"},{"floor":23,"key":"Energy Potion"},{"floor":31,"key":"Block Potion"},{"floor":33,"key":"AttackPotion"}],"is_trial":false,"path_per_floor":["M","?","?","$","?","E","?","E","T","?","?","E","?","M","R","B",null,"M","?","$","?","T","E","?","?","T","E","E","$","?","M","R","B",null,"M","$","?","?","?","E"],"character_chosen":"IRONCLAD","items_purchased":["Molten Egg 2","PowerPotion","Dream Catcher"],"campfire_rested":1,"item_purchase_floors":[20,29,29],"current_hp_per_floor":[78,75,75,75,57,66,66,72,72,72,72,69,69,72,71,70,69,68,67,66,65,64,54,60,60,60,57,66,66,66,69,68,67,66,65,64,63,62,61,0],"gold":421,"neow_bonus":"","is_prod":false,"is_daily":true,"chose_seed":false,"campfire_upgraded":1,"win_rate":0,"timestamp":1559537073,"path_taken":["M","?","?","?","?","E","?","E","T","?","?","E","?","M","R","BOSS","M","?","$","?","?","E","?","?","T","E","E","$","?","M","R","BOSS","M","$","?","?","?","E"],"build_version":"2019-01-23","purchased_purges":3,"victory":false,"max_hp_per_floor":[78,77,76,75,74,80,79,78,77,76,75,74,73,72,71,70,69,68,67,66,65,64,63,62,61,60,59,72,71,70,69,68,67,66,65,64,63,62,61,61],"card_choices":[{"not_picked":["Rampage","Wild Strike"],"picked":"Cleave","floor":0},{"not_picked":["Rage","Pummel"],"picked":"Clash","floor":0},{"not_picked":["Rage","Body Slam"],"picked":"Pommel Strike","floor":0},{"not_picked":["Sentinel","Shrug It Off"],"picked":"Cleave","floor":0},{"not_picked":["Pommel Strike","Flex"],"picked":"Headbutt","floor":0},{"not_picked":["Sword Boomerang","Iron Wave"],"picked":"Blood for Blood","floor":0},{"not_picked":["Searing Blow","Flame Barrier"],"picked":"Cleave","floor":0},{"not_picked":["Havoc","Sword Boomerang"],"picked":"Metallicize","floor":0},{"not_picked":["Blood for Blood","Headbutt"],"picked":"Armaments","floor":0},{"not_picked":["Twin Strike","Flex"],"picked":"Infernal Blade","floor":0},{"not_picked":["Sentinel","Clothesline"],"picked":"Iron Wave","floor":0},{"not_picked":["Sentinel","Armaments"],"picked":"Rage","floor":0},{"not_picked":["Perfected Strike","Twin Strike"],"picked":"Reckless Charge","floor":0},{"not_picked":["Sword Boomerang","Entrench"],"picked":"Heavy Blade","floor":0},{"not_picked":["Shrug It Off","Reckless Charge"],"picked":"Armaments","floor":0},{"not_picked":["Anger","Rage","Disarm"],"picked":"SKIP","floor":1},{"not_picked":["Clothesline","Twin Strike"],"picked":"Thunderclap","floor":6},{"not_picked":["Battle Trance","Headbutt"],"picked":"Warcry","floor":8},{"not_picked":["Seeing Red+1","Havoc+1"],"picked":"Armaments+1","floor":12},{"not_picked":["Clothesline","Cleave"],"picked":"Thunderclap","floor":14},{"not_picked":["Berserk","Barricade"],"picked":"Exhume+1","floor":16},{"not_picked":["Heavy Blade","Feel No Pain+1"],"picked":"Corruption+1","floor":18},{"not_picked":["Thunderclap+1","Havoc+1","Reckless Charge+1"],"picked":"SKIP","floor":23},{"not_picked":["Shockwave+1","Heavy Blade+1"],"picked":"Dual Wield+1","floor":24},{"not_picked":["Clash+1","Wild Strike+1"],"picked":"Double Tap+1","floor":27},{"not_picked":["Power Through+1","True Grit+1","Iron Wave+1"],"picked":"SKIP","floor":28},{"not_picked":["Blood for Blood+1","Wild Strike+1"],"picked":"Shockwave+1","floor":31},{"not_picked":["Impervious+1","Double Tap+1"],"picked":"Immolate+1","floor":33},{"not_picked":["Spot Weakness+1"],"picked":"SKIP","floor":35},{"not_picked":[],"picked":"Madness+1","floor":37}],"player_experience":333774,"relics_obtained":[{"floor":6,"key":"Strawberry"},{"floor":8,"key":"Nunchaku"},{"floor":9,"key":"Self Forming Clay"},{"floor":12,"key":"Shuriken"},{"floor":22,"key":"Bag of Preparation"},{"floor":23,"key":"Letter Opener"},{"floor":24,"key":"Red Mask"},{"floor":26,"key":"Art of War"},{"floor":27,"key":"Old Coin"},{"floor":28,"key":"Mango"},{"floor":38,"key":"Girya"}],"event_choices":[{"damage_healed":0,"gold_gain":0,"player_choice":"Success","damage_taken":3,"relics_obtained":["Juzu Bracelet"],"max_hp_gain":0,"max_hp_loss":0,"event_name":"Scrap Ooze","floor":2,"gold_loss":0},{"cards_removed":["Armaments"],"damage_healed":0,"gold_gain":0,"player_choice":"Card Removal","damage_taken":0,"max_hp_gain":0,"max_hp_loss":0,"event_name":"The Cleric","floor":3,"gold_loss":50},{"damage_healed":0,"gold_gain":0,"player_choice":"Take Damage","damage_taken":18,"relics_obtained":["Golden Idol"],"max_hp_gain":0,"max_hp_loss":0,"event_name":"Golden Idol","floor":5,"gold_loss":0},{"damage_healed":0,"gold_gain":30,"player_choice":"Searched \u00273\u0027 times","damage_taken":0,"relics_obtained":["Pantograph"],"max_hp_gain":0,"max_hp_loss":0,"event_name":"Dead Adventurer","floor":7,"gold_loss":0},{"damage_healed":0,"gold_gain":0,"player_choice":"Gave Potion","damage_taken":0,"relics_obtained":["Orichalcum"],"max_hp_gain":0,"max_hp_loss":0,"event_name":"WeMeetAgain","floor":10,"gold_loss":0},{"damage_healed":0,"gold_gain":0,"player_choice":"Box","damage_taken":0,"relics_obtained":["Toxic Egg 2"],"max_hp_gain":0,"max_hp_loss":0,"event_name":"Big Fish","floor":11,"gold_loss":0,"cards_obtained":["Regret"]},{"damage_healed":0,"gold_gain":0,"player_choice":"Bought 2 Potions","damage_taken":0,"max_hp_gain":0,"max_hp_loss":0,"event_name":"The Woman in Blue","floor":13,"gold_loss":0},{"cards_removed":["Armaments"],"damage_healed":0,"gold_gain":0,"player_choice":"Elegance","damage_taken":0,"max_hp_gain":0,"max_hp_loss":0,"event_name":"Back to Basics","floor":19,"gold_loss":0},{"damage_healed":0,"gold_gain":0,"cards_transformed":["Reckless Charge","Iron Wave"],"player_choice":"Became Test Subject","damage_taken":0,"max_hp_gain":0,"max_hp_loss":0,"event_name":"Drug Dealer","floor":21,"gold_loss":0,"cards_obtained":["Feel No Pain","Limit Break"]},{"damage_healed":0,"gold_gain":0,"player_choice":"Fought Bandits","damage_taken":0,"max_hp_gain":0,"max_hp_loss":0,"event_name":"Masked Bandits","floor":24,"gold_loss":0},{"damage_healed":0,"gold_gain":0,"player_choice":"Copied","damage_taken":0,"max_hp_gain":0,"max_hp_loss":0,"event_name":"Duplicator","floor":25,"gold_loss":0,"cards_obtained":["Exhume"]},{"damage_healed":0,"gold_gain":99,"player_choice":"Stole From Cult","damage_taken":0,"max_hp_gain":0,"max_hp_loss":0,"event_name":"Nest","floor":30,"gold_loss":0},{"damage_healed":0,"gold_gain":0,"player_choice":"Memory 1","damage_taken":0,"max_hp_gain":0,"max_hp_loss":0,"event_name":"SensoryStone","floor":37,"gold_loss":0},{"damage_healed":0,"gold_gain":0,"player_choice":"Fight","damage_taken":0,"max_hp_gain":0,"max_hp_loss":0,"event_name":"Mysterious Sphere","floor":38,"gold_loss":0},{"damage_healed":0,"gold_gain":0,"cards_transformed":["Pommel Strike"],"player_choice":"Transformed","damage_taken":0,"max_hp_gain":0,"max_hp_loss":0,"event_name":"Transmorgrifier","floor":39,"gold_loss":0,"cards_obtained":["True Grit"]}],"is_beta":false,"boss_relics":[{"not_picked":["Runic Pyramid","Lizard Tail"],"picked":"Empty Cage"},{"not_picked":["Orrery","Cursed Key"],"picked":"Busted Crown"}],"items_purged_floors":[20,29,36],"is_endless":false,"potions_floor_spawned":[1,12,14,16,18,23,31,33],"killed_by":"Nemesis","ascension_level":0}