{"gold_per_floor":[114,129,144,159,159,159,159,159,159,236,236,36,36,66,66,166,166,181,96,21,21,36,36],"floor_reached":23,"playtime":1139,"items_purged":[],"score":187,"play_id":"d3573def-a5df-4c53-8cef-61c43a581b7e","local_time":"20190510174841","daily_mods":["Chimera","ControlledChaos","Elite Swarm"],"is_ascension_mode":false,"campfire_choices":[{"floor":6,"key":"REST"},{"floor":8,"key":"REST"},{"data":"Zap","floor":11,"key":"SMITH"},{"data":"Die Die Die","floor":15,"key":"SMITH"}],"neow_cost":"","seed_source_timestamp":0,"circlet_count":0,"master_deck":["Bash","Survivor","Zap+1","Strike_R","Strike_G","Strike_B","Defend_R","Defend_B","Poisoned Stab","Acrobatics","Acrobatics","Choke","Die Die Die+1","Glass Knife","Blade Dance+1","Distraction"],"special_seed":18026,"relics":["Ring of the Snake","Frozen Eye","Question Card","TwistedFunnel","Calipers","Sozu","Smiling Mask"],"potions_floor_usage":[14,14,16],"damage_taken":[{"damage":11,"enemies":"2 Louse","floor":1,"turns":2},{"damage":11,"enemies":"Jaw Worm","floor":2,"turns":2},{"damage":14,"enemies":"Small Slimes","floor":3,"turns":4},{"damage":12,"enemies":"Blue Slaver","floor":4,"turns":3},{"damage":31,"enemies":"3 Sentries","floor":14,"turns":5},{"damage":20,"enemies":"The Guardian","floor":16,"turns":7},{"damage":20,"enemies":"Chosen","floor":18,"turns":4},{"damage":10,"enemies":"2 Thieves","floor":22,"turns":2},{"damage":43,"enemies":"Book of Stabbing","floor":23,"turns":3}],"seed_played":"4631106122310564373","potions_obtained":[{"floor":1,"key":"EssenceOfSteel"},{"floor":2,"key":"Swift Potion"},{"floor":14,"key":"GhostInAJar"}],"is_trial":false,"path_per_floor":["M","M","M","M","?","R","?","R","T","?","R","$","?","E","R","B",null,"M","?","?","?","M","E"],"character_chosen":"THE_SILENT","items_purchased":["TwistedFunnel"],"campfire_rested":2,"item_purchase_floors":[12],"current_hp_per_floor":[59,48,34,22,22,43,43,64,64,64,64,64,64,33,33,13,70,50,50,50,50,40,0],"gold":36,"neow_bonus":"","is_prod":false,"is_daily":true,"chose_seed":false,"campfire_upgraded":2,"win_rate":0.0,"timestamp":1557524921,"path_taken":["M","M","M","M","?","R","?","R","T","?","R","?","?","E","R","BOSS","M","?","?","?","M","E"],"build_version":"2019-01-23","purchased_purges":0,"victory":false,"max_hp_per_floor":[70,70,70,70,70,70,70,70,70,70,70,70,70,70,70,70,70,70,70,70,70,70,70],"card_choices":[{"not_picked":["Concentrate","Acrobatics"],"picked":"Poisoned Stab","floor":1},{"not_picked":["Underhanded Strike","Cloak And Dagger"],"picked":"Acrobatics","floor":2},{"not_picked":["Concentrate","Flechettes"],"picked":"Acrobatics","floor":3},{"not_picked":["Finisher","Outmaneuver"],"picked":"Choke","floor":4},{"not_picked":["Grand Finale","Storm of Steel","Bullet Time"],"picked":"Die Die Die","floor":14},{"not_picked":["Doppelganger","Phantasmal Killer","Night Terror"],"picked":"Glass Knife","floor":16},{"not_picked":["Acrobatics+1","Dagger Spray","Deflect"],"picked":"Blade Dance+1","floor":18},{"not_picked":["Acrobatics","Slice","Quick Slash"],"picked":"Distraction","floor":22}],"player_experience":102186,"relics_obtained":[{"floor":9,"key":"Question Card"},{"floor":14,"key":"Calipers"}],"event_choices":[{"damage_healed":0,"gold_gain":0,"player_choice":"Fled","damage_taken":0,"max_hp_gain":0,"max_hp_loss":0,"event_name":"Scrap Ooze","floor":5,"gold_loss":0},{"damage_healed":0,"gold_gain":0,"player_choice":"Ignored","damage_taken":0,"max_hp_gain":0,"max_hp_loss":0,"event_name":"Golden Idol","floor":7,"gold_loss":0},{"damage_healed":0,"gold_gain":77,"player_choice":"Gained Gold","damage_taken":0,"max_hp_gain":0,"max_hp_loss":0,"event_name":"Golden Wing","floor":10,"gold_loss":0},{"damage_healed":0,"gold_gain":0,"player_choice":"Ignored","damage_taken":0,"max_hp_gain":0,"max_hp_loss":0,"event_name":"Liars Game","floor":13,"gold_loss":0},{"damage_healed":0,"gold_gain":0,"player_choice":"Obtained Relic","damage_taken":0,"relics_obtained":["Smiling Mask"],"max_hp_gain":0,"max_hp_loss":0,"event_name":"Addict","floor":19,"gold_loss":85},{"cards_removed":["Defend_G"],"damage_healed":0,"gold_gain":0,"player_choice":"Gave Gold","damage_taken":0,"max_hp_gain":0,"max_hp_loss":0,"event_name":"Beggar","floor":20,"gold_loss":75},{"damage_healed":0,"gold_gain":0,"player_choice":"Ignored","damage_taken":0,"max_hp_gain":0,"max_hp_loss":0,"event_name":"The Mausoleum","floor":21,"gold_loss":0}],"is_beta":false,"boss_relics":[{"not_picked":["Coffee Dripper","Tiny House"],"picked":"Sozu"}],"items_purged_floors":[],"is_endless":false,"potions_floor_spawned":[1,2,14,18,22],"killed_by":"Book of Stabbing","ascension_level":0}