{"gold_per_floor":[213,228,193,193,208,238,238,253,253,268,268,283,313,400,412,524,536,563,22,22,37,52,82,82,97,97,112,212,242,354,474,474,574,574,589,604,604,604],"floor_reached":38,"playtime":1993,"items_purged":[],"score":803,"play_id":"4d8fd358-c2ab-4dce-bc1b-81ba238987cb","local_time":"20190524213738","daily_mods":["Insanity","Hoarder","Terminal"],"is_ascension_mode":false,"campfire_choices":[{"data":"Noxious Fumes","floor":7,"key":"SMITH"},{"data":"Slimebound:AcidGelatin","floor":15,"key":"SMITH"},{"data":"Mind Blast","floor":24,"key":"SMITH"},{"data":"Mind Blast","floor":32,"key":"SMITH"}],"neow_cost":"","seed_source_timestamp":0,"circlet_count":0,"master_deck":["Slice","Backflip","Quick Slash","Dagger Spray","Flying Knee","Tactician","Deadly Poison","hubris:SlightOfHand","Underhanded Strike","Poisoned Stab","Underhanded Strike","Expertise","hubris:Counter","Poisoned Stab","Deflect","Quick Slash","Catalyst","Catalyst","PiercingWail","Heel Hook","Outmaneuver","Deadly Poison","Noxious Fumes+1","Backflip","Finisher","Masterful Stab","Deadly Poison","hubris:Counter","Dagger Spray","Quick Slash","hubris:SlightOfHand","Tactician","Dash","Flechettes","Quick Slash","Caltrops","Sucker Punch","Quick Slash","Dodge and Roll","Leg Sweep","Slice","Riddle With Holes","Calculated Gamble","Deflect","hubris:Counter","hubris:SlightOfHand","Cloak And Dagger","Flying Knee","Cloak And Dagger","Prepared","Prepared","Prepared","PiercingWail","PiercingWail","PiercingWail","Noxious Fumes","Noxious Fumes","Noxious Fumes","Slimebound:Equalize","Slimebound:Equalize","Slimebound:Equalize","Slimebound:GoopSpray","Slimebound:GoopSpray","Slimebound:GoopSpray","Slimebound:AcidGelatin+1","Slimebound:AcidGelatin","Slimebound:AcidGelatin","Slimebound:CheckThePlaybook","Slimebound:CheckThePlaybook","Slimebound:CheckThePlaybook","Infinite Blades+1","Infinite Blades+1","Infinite Blades+1","Glass Knife","Glass Knife","Glass Knife","Mind Blast+1","Mind Blast","Mind Blast+1","Dagger Spray","Dagger Spray","Dagger Spray","Slimebound:DisruptingSlam","Slimebound:DisruptingSlam","Slimebound:DisruptingSlam","Slimebound:VenomTackle","Slimebound:VenomTackle","Slimebound:VenomTackle","Escape Plan+1","Escape Plan+1","Escape Plan+1","Well Laid Plans+1","Well Laid Plans+1","Well Laid Plans+1","Slimebound:Recycling","Slimebound:Recycling","Slimebound:Recycling","Prepared+1","Prepared+1","Prepared+1","Madness","Madness","Madness","Madness","Madness","Madness"],"special_seed":18041,"relics":["Ring of the Snake","infinitespire:FocusingShard","Dream Catcher","hubris:DisguiseKit","MawBank","Sozu","infinitespire:Golems Mask","hubris:AncientText","Question Card","Bird Faced Urn","Torii","hubris:VirtuousBlindfold"],"potions_floor_usage":[8,23,38],"damage_taken":[{"damage":0,"enemies":"Cultist","floor":1,"turns":3},{"damage":2,"enemies":"Jaw Worm","floor":2,"turns":2},{"damage":0,"enemies":"Small Slimes","floor":5,"turns":3},{"damage":0,"enemies":"Gremlin Nob","floor":6,"turns":3},{"damage":0,"enemies":"2 Fungi Beasts","floor":8,"turns":3},{"damage":0,"enemies":"Large Slime","floor":10,"turns":5},{"damage":0,"enemies":"Lots of Slimes","floor":12,"turns":3},{"damage":18,"enemies":"Lagavulin","floor":13,"turns":6},{"damage":31,"enemies":"Hexaghost","floor":16,"turns":6},{"damage":9,"enemies":"theJungle:MUSHROOMGANG","floor":18,"turns":4},{"damage":0,"enemies":"theJungle:Flameango_and_Byrd","floor":21,"turns":3},{"damage":0,"enemies":"theJungle:JungleHuntersEncounter","floor":22,"turns":1},{"damage":0,"enemies":"theJungle:MamaSnecko","floor":23,"turns":1},{"damage":0,"enemies":"theJungle:2_Snecko_Cultists","floor":25,"turns":1},{"damage":0,"enemies":"theJungle:Lyon","floor":27,"turns":1},{"damage":0,"enemies":"Nightmare","floor":29,"turns":2},{"damage":0,"enemies":"Snake Plant","floor":30,"turns":1},{"damage":0,"enemies":"theJungle:QueenSpyder","floor":33,"turns":1},{"damage":0,"enemies":"3 Darklings","floor":35,"turns":1},{"damage":0,"enemies":"Orb Walker","floor":36,"turns":1},{"damage":0,"enemies":"infinitespire:Three Voidlings","floor":38,"turns":1},{"damage":45,"enemies":"Nightmare_Alpha","floor":38,"turns":5}],"seed_played":"-2780156957999969430","potions_obtained":[{"floor":5,"key":"SmokeBomb"},{"floor":6,"key":"Fire Potion"},{"floor":12,"key":"FearPotion"},{"floor":16,"key":"Block Potion"}],"is_trial":false,"path_per_floor":["M","M","?","?","M","E","R","M","T","M","$","M","E","?","R","B",null,"M","$","?","M","M","E","R","M","T","M","?","NM","M","?","R","B",null,"M","M","?","?"],"character_chosen":"THE_SILENT","items_purchased":["infinitespire:Golems Mask","Glass Knife","Mind Blast"],"campfire_rested":0,"item_purchase_floors":[19,19,19],"current_hp_per_floor":[68,66,66,65,64,63,62,61,60,59,58,57,56,45,45,28,52,50,50,49,48,47,46,45,44,43,42,40,40,39,34,34,34,35,34,33,29,0],"gold":604,"neow_bonus":"","is_prod":false,"is_daily":true,"chose_seed":false,"campfire_upgraded":4,"win_rate":0,"timestamp":1558748258,"path_taken":["M","M","?","?","M","E","R","M","T","?","$","M","E","?","R","BOSS","M","$","?","M","M","E","R","M","T","M","?","NM","?","?","R","BOSS","M","M","?","?"],"build_version":"2019-01-23","purchased_purges":0,"victory":false,"max_hp_per_floor":[68,67,66,65,64,63,62,61,60,59,58,57,56,55,54,53,52,51,50,49,48,47,46,45,44,43,42,41,40,39,38,37,36,35,34,33,32,32],"card_choices":[{"not_picked":["All Out Attack","Sucker Punch"],"picked":"Prepared","floor":1},{"not_picked":["Deflect","Expertise","Dodge and Roll"],"picked":"SKIP","floor":2},{"not_picked":["hubris:SlightOfHand","Deflect","Reflex"],"picked":"SKIP","floor":5},{"not_picked":["Footwork","Acrobatics"],"picked":"PiercingWail","floor":6},{"not_picked":["Footwork","Heel Hook"],"picked":"Noxious Fumes","floor":8},{"not_picked":["Poisoned Stab","Underhanded Strike","Well Laid Plans"],"picked":"Slimebound:Equalize","floor":10},{"not_picked":["Backflip","Slice","PiercingWail"],"picked":"Slimebound:GoopSpray","floor":12},{"not_picked":["Die Die Die","Flechettes","Poisoned Stab"],"picked":"Slimebound:AcidGelatin","floor":13},{"not_picked":["Tools of the Trade","Adrenaline","Phantasmal Killer"],"picked":"Slimebound:CheckThePlaybook","floor":16},{"not_picked":["Outmaneuver","Deflect","Slimebound:Equalize"],"picked":"Infinite Blades+1","floor":18},{"not_picked":["hubris:SlightOfHand","Leg Sweep","Slimebound:GoopSpray"],"picked":"Dagger Spray","floor":21},{"not_picked":["Calculated Gamble+1","Quick Slash","Poisoned Stab"],"picked":"Slimebound:DisruptingSlam","floor":22},{"not_picked":["Dodge and Roll","hubris:TrickCloak","Flying Knee+1"],"picked":"Slimebound:VenomTackle","floor":23},{"not_picked":["PiercingWail+1","Deflect","Finisher","Slimebound:PressTheAttack"],"picked":"SKIP","floor":25},{"not_picked":["Dodge and Roll","Underhanded Strike","Grand Finale","Slimebound:ComboTackle"],"picked":"Escape Plan+1","floor":27},{"not_picked":["Slice","Blur","Sucker Punch","Slimebound:SplitAcid"],"picked":"Well Laid Plans+1","floor":29},{"not_picked":["Dagger Spray","Footwork","Terror","Dagger Throw","Slimebound:PoisonLick"],"picked":"SKIP","floor":30},{"not_picked":["Phantasmal Killer","Wraith Form v2","infinitespire:Neurotoxin","Burst"],"picked":"Slimebound:Recycling","floor":33},{"not_picked":["Deflect+1","hubris:Counter","Acrobatics+1","Slice","Slimebound:PressTheAttack"],"picked":"SKIP","floor":35},{"not_picked":["Quick Slash","Deflect","Riddle With Holes","Slimebound:Prepare"],"picked":"Prepared+1","floor":36}],"player_experience":284471,"relics_obtained":[{"floor":6,"key":"Dream Catcher"},{"floor":9,"key":"hubris:DisguiseKit"},{"floor":13,"key":"MawBank"},{"floor":23,"key":"hubris:AncientText"},{"floor":26,"key":"Question Card"},{"floor":29,"key":"Bird Faced Urn"}],"event_choices":[{"damage_healed":16,"gold_gain":0,"player_choice":"Healed","damage_taken":0,"max_hp_gain":0,"max_hp_loss":0,"event_name":"The Cleric","floor":3,"gold_loss":35},{"cards_removed":["hubris:SlightOfHand"],"damage_healed":0,"gold_gain":0,"player_choice":"Gave Card","damage_taken":0,"relics_obtained":["infinitespire:FocusingShard"],"max_hp_gain":0,"max_hp_loss":0,"event_name":"WeMeetAgain","floor":4,"gold_loss":0},{"damage_healed":0,"gold_gain":75,"player_choice":"Gather Gold","damage_taken":11,"max_hp_gain":0,"max_hp_loss":0,"event_name":"World of Goop","floor":14,"gold_loss":0},{"damage_healed":0,"gold_gain":0,"player_choice":"Embrace Madness","damage_taken":4,"max_hp_gain":0,"max_hp_loss":0,"event_name":"Winding Halls","floor":37,"gold_loss":0,"cards_obtained":["Madness","Madness"]}],"is_beta":false,"boss_relics":[{"not_picked":["hubris:Stopwatch","infinitespire:Cupcake"],"picked":"Sozu"},{"not_picked":["Snecko Eye","hubris:BlackHole"],"picked":"hubris:VirtuousBlindfold"}],"items_purged_floors":[],"is_endless":true,"potions_floor_spawned":[5,6,12,16,25,27,29,33,36,38],"killed_by":"Nightmare_Alpha","ascension_level":0}