{"gold_per_floor":[109,109,109,121,136,162,176,207,207,207,217,217,217,260,260,381,381,395,495,508,528,541,581,581,617,643,46,79,79,104,104,104,229,229,245,263,286,286,311,311,336,349,349,349,367,367,112,126,126,126],"floor_reached":51,"playtime":1598,"items_purged":["Regret","Pain"],"score":765,"play_id":"c6627177-6d48-491f-9852-8971e091aeb3","local_time":"20190709225931","is_ascension_mode":true,"campfire_choices":[{"data":"Skewer","floor":10.0,"key":"SMITH"},{"data":"Backstab","floor":13.0,"key":"SMITH"},{"data":"Bullet Time","floor":15.0,"key":"SMITH"},{"floor":24.0,"key":"REST"},{"floor":29.0,"key":"REST"},{"floor":32.0,"key":"REST"},{"floor":40.0,"key":"REST"},{"floor":44.0,"key":"REST"},{"floor":46.0,"key":"REST"},{"floor":49.0,"key":"REST"}],"neow_cost":"NONE","seed_source_timestamp":2336309944665004,"circlet_count":0,"master_deck":["Strike_G","Strike_G+1","Strike_G","Strike_G","Strike_G","Defend_G","Defend_G","Defend_G","Defend_G","Defend_G","Survivor","Neutralize+1","Backstab+1","Underhanded Strike+1","Backstab+1","Skewer+1","Bullet Time+1","Calculated Gamble","Crippling Poison","Footwork","Riddle With Holes+1","Dagger Throw+1","Tactician+1","Terror","Mayhem","Bouncing Flask+1","Dodge and Roll+1","Adrenaline","Clumsy","Burst","Dodge and Roll+1","Deadly Poison+1","Eviscerate+1"],"special_seed":0,"relics":["Ring of the Snake","Bronze Scales","Letter Opener","Meat on the Bone","Gremlin Horn","Golden Idol","Thread and Needle","Fusion Hammer","Centennial Puzzle","Pear","Whetstone","Torii","Orichalcum","GremlinMask","Cursed Key","Bottled Flame","Art of War"],"potions_floor_usage":[50,50,50],"damage_taken":[{"damage":0.0,"enemies":"Small Slimes","floor":1.0,"turns":4.0},{"damage":0.0,"enemies":"2 Louse","floor":4.0,"turns":2.0},{"damage":2.0,"enemies":"Jaw Worm","floor":5.0,"turns":2.0},{"damage":14.0,"enemies":"3 Sentries","floor":6.0,"turns":9.0},{"damage":0.0,"enemies":"Red Slaver","floor":7.0,"turns":2.0},{"damage":6.0,"enemies":"Gremlin Nob","floor":8.0,"turns":3.0},{"damage":0.0,"enemies":"3 Louse","floor":11.0,"turns":1.0},{"damage":6.0,"enemies":"3 Sentries","floor":14.0,"turns":4.0},{"damage":29.0,"enemies":"Hexaghost","floor":16.0,"turns":10.0},{"damage":1.0,"enemies":"Shell Parasite","floor":18.0,"turns":4.0},{"damage":0.0,"enemies":"Spheric Guardian","floor":20.0,"turns":1.0},{"damage":15.0,"enemies":"Shelled Parasite and Fungi","floor":21.0,"turns":8.0},{"damage":10.0,"enemies":"Snake Plant","floor":22.0,"turns":3.0},{"damage":25.0,"enemies":"Gremlin Leader","floor":23.0,"turns":7.0},{"damage":13.0,"enemies":"Book of Stabbing","floor":25.0,"turns":5.0},{"damage":9.0,"enemies":"Slavers","floor":28.0,"turns":4.0},{"damage":1.0,"enemies":"Centurion and Healer","floor":30.0,"turns":3.0},{"damage":49.0,"enemies":"Collector","floor":33.0,"turns":7.0},{"damage":1.0,"enemies":"Orb Walker","floor":35.0,"turns":2.0},{"damage":7.0,"enemies":"3 Darklings","floor":36.0,"turns":4.0},{"damage":8.0,"enemies":"Writhing Mass","floor":37.0,"turns":3.0},{"damage":16.0,"enemies":"Jaw Worm Horde","floor":39.0,"turns":3.0},{"damage":18.0,"enemies":"Sphere and 2 Shapes","floor":41.0,"turns":5.0},{"damage":0.0,"enemies":"3 Darklings","floor":42.0,"turns":5.0},{"damage":4.0,"enemies":"Spire Growth","floor":45.0,"turns":4.0},{"damage":15.0,"enemies":"Maw","floor":48.0,"turns":7.0},{"damage":63,"enemies":"Donu and Deca","floor":50,"turns":10}],"seed_played":"-7247966752089426886","potions_obtained":[{"floor":1.0,"key":"Poison Potion"},{"floor":5.0,"key":"Dexterity Potion"},{"floor":8.0,"key":"SpeedPotion"},{"floor":14.0,"key":"GamblersBrew"},{"floor":16.0,"key":"Block Potion"},{"floor":22.0,"key":"Regen Potion"},{"floor":23.0,"key":"Strength Potion"},{"floor":35.0,"key":"Poison Potion"},{"floor":37.0,"key":"Poison Potion"}],"is_trial":false,"path_per_floor":["M","?","?","M","M","E","M","E","T","R","M","?","R","E","R","B",null,"M","?","M","M","M","E","R","E","T","$","E","R","M","?","R","B",null,"M","M","M","?","M","R","M","M","T","R","M","R","$","M","R","B",null],"character_chosen":"THE_SILENT","items_purchased":["Torii","Terror","Mayhem","Art of War"],"campfire_rested":7,"item_purchase_floors":[27,27,27,47],"current_hp_per_floor":[70,70,70,70,68,54,54,48,48,48,48,31,31,37,37,20,70,69,69,69,54,44,46,67,64,64,64,55,79,78,78,80,43,80,79,72,64,64,48,72,54,54,54,78,74,80,80,65,80,29],"gold":126,"neow_bonus":"UPGRADE_CARD","is_prod":false,"is_daily":false,"chose_seed":false,"campfire_upgraded":3,"win_rate":0,"timestamp":1562705971,"path_taken":["M","?","?","M","M","E","M","E","T","R","M","?","R","E","R","BOSS","M","?","?","M","M","E","R","E","T","$","E","R","M","?","R","BOSS","M","M","?","?","M","R","M","M","T","R","?","R","$","M","R","BOSS"],"build_version":"2019-07-05","purchased_purges":2,"victory":true,"max_hp_per_floor":[70,70,70,70,70,70,70,70,70,70,70,70,70,70,70,70,70,70,70,70,70,70,70,70,80,80,80,80,80,80,80,80,80,80,80,80,80,80,80,80,80,80,80,80,80,80,80,80,80,80],"card_choices":[{"not_picked":["Catalyst","Accuracy"],"picked":"Backstab","floor":1.0},{"not_picked":["Calculated Gamble","Cloak And Dagger"],"picked":"Underhanded Strike","floor":4.0},{"not_picked":["Tactician","Infinite Blades"],"picked":"Backstab","floor":5.0},{"not_picked":["Blade Dance","Leg Sweep"],"picked":"Skewer","floor":6.0},{"not_picked":["Riddle With Holes","Quick Slash","Dodge and Roll"],"picked":"SKIP","floor":7.0},{"not_picked":["Reflex","Flechettes"],"picked":"Bullet Time","floor":8.0},{"not_picked":["Skewer","Outmaneuver","Dagger Spray"],"picked":"SKIP","floor":11.0},{"not_picked":["Setup","Dagger Spray"],"picked":"Calculated Gamble","floor":14.0},{"not_picked":["Sucker Punch+1","Outmaneuver","Crippling Poison"],"picked":"SKIP","floor":18.0},{"not_picked":["Sucker Punch+1","Outmaneuver"],"picked":"Crippling Poison","floor":18.0},{"not_picked":["Dagger Spray","Quick Slash"],"picked":"Footwork","floor":20.0},{"not_picked":["Sucker Punch","Prepared","Unload"],"picked":"SKIP","floor":21.0},{"not_picked":["Sucker Punch","Deadly Poison"],"picked":"Riddle With Holes+1","floor":22.0},{"not_picked":["Blade Dance","Backflip"],"picked":"Dagger Throw+1","floor":23.0},{"not_picked":["Dagger Throw+1","Catalyst"],"picked":"Tactician+1","floor":25.0},{"not_picked":["Glass Knife","Storm of Steel"],"picked":"Bouncing Flask+1","floor":28.0},{"not_picked":["Slice+1","Sucker Punch+1"],"picked":"Dodge and Roll+1","floor":30.0},{"not_picked":["Grand Finale","Burst"],"picked":"Adrenaline","floor":33.0},{"not_picked":["Cloak And Dagger+1","Acrobatics","Escape Plan"],"picked":"SKIP","floor":35.0},{"not_picked":["Quick Slash+1","Concentrate+1","Flying Knee"],"picked":"SKIP","floor":36.0},{"not_picked":["Acrobatics","Deflect","Infinite Blades+1"],"picked":"SKIP","floor":37.0},{"not_picked":["Underhanded Strike","Dodge and Roll","Bane"],"picked":"SKIP","floor":39.0},{"not_picked":["Escape Plan+1","PiercingWail"],"picked":"Dodge and Roll+1","floor":41.0},{"not_picked":["Backflip","Phantasmal Killer","Sucker Punch"],"picked":"SKIP","floor":42.0},{"not_picked":["Outmaneuver","Tactician+1"],"picked":"Deadly Poison+1","floor":45.0},{"not_picked":["Dodge and Roll","Dagger Spray"],"picked":"Eviscerate+1","floor":48.0}],"player_experience":613986,"relics_obtained":[{"floor":6.0,"key":"Letter Opener"},{"floor":8.0,"key":"Meat on the Bone"},{"floor":9.0,"key":"Gremlin Horn"},{"floor":14.0,"key":"Thread and Needle"},{"floor":23.0,"key":"Centennial Puzzle"},{"floor":25.0,"key":"Pear"},{"floor":26.0,"key":"Whetstone"},{"floor":28.0,"key":"Orichalcum"},{"floor":43.0,"key":"Bottled Flame"}],"event_choices":[{"damage_healed":0.0,"max_hp_gain":0.0,"max_hp_loss":0.0,"gold_gain":0.0,"event_name":"Living Wall","player_choice":"Grow","floor":2.0,"gold_loss":0.0,"damage_taken":0.0,"cards_upgraded":["Backstab"]},{"damage_healed":0.0,"max_hp_gain":0.0,"max_hp_loss":0.0,"gold_gain":0.0,"event_name":"Big Fish","player_choice":"Box","floor":3.0,"gold_loss":0.0,"damage_taken":0.0,"relics_obtained":["Bronze Scales"],"cards_obtained":["Regret"]},{"damage_healed":0.0,"max_hp_gain":0.0,"max_hp_loss":0.0,"gold_gain":0.0,"event_name":"Golden Idol","player_choice":"Take Damage","floor":12.0,"gold_loss":0.0,"damage_taken":17.0,"relics_obtained":["Golden Idol"]},{"damage_healed":0.0,"max_hp_gain":0.0,"max_hp_loss":0.0,"gold_gain":100.0,"event_name":"Golden Shrine","player_choice":"Pray","floor":19.0,"gold_loss":0.0,"damage_taken":0.0},{"damage_healed":0.0,"max_hp_gain":0.0,"max_hp_loss":0.0,"gold_gain":0.0,"event_name":"FaceTrader","player_choice":"Trade","floor":31.0,"gold_loss":0.0,"damage_taken":0.0,"relics_obtained":["GremlinMask"]},{"damage_healed":0.0,"max_hp_gain":0.0,"max_hp_loss":0.0,"gold_gain":0.0,"event_name":"Match and Keep!","player_choice":"2 cards matched","floor":38.0,"gold_loss":0.0,"damage_taken":0.0,"cards_obtained":["Clumsy","Burst"]}],"is_beta":false,"boss_relics":[{"not_picked":["WristBlade","Pandora\u0027s Box"],"picked":"Fusion Hammer"},{"not_picked":["Black Star","White Beast Statue"],"picked":"Cursed Key"}],"items_purged_floors":[27,47],"is_endless":false,"potions_floor_spawned":[1,5,8,14,16,18,20,22,23,35,37,45],"ascension_level":1}