{"gold_per_floor":[114,129,144,144,159,189,204,204,204,234,249,264,14,29,29,129,129,144,59,7,22,37,37,52,52,77,92,122,137,137,167,167,267,267,282,282,9,24,39,39,69,69,69,69,84,0,30,45,45,45],"floor_reached":51,"playtime":7118,"items_purged":["Decay"],"score":788,"play_id":"ac91b7c4-0d04-42f6-9bd8-4e4b818a91d5","local_time":"20190710032502","daily_mods":["Specialized","Red Cards","Lethality"],"is_ascension_mode":false,"campfire_choices":[{"floor":8,"key":"REST"},{"floor":15,"key":"REST"},{"data":"Limit Break","floor":23,"key":"SMITH"},{"data":"Inflame","floor":25,"key":"SMITH"},{"data":"Infinite Blades","floor":30,"key":"SMITH"},{"floor":32,"key":"REST"},{"data":"Limit Break","floor":40,"key":"SMITH"},{"floor":42,"key":"REST"},{"floor":44,"key":"REST"},{"floor":49,"key":"REST"}],"neow_cost":"","seed_source_timestamp":0,"circlet_count":0,"master_deck":["Strike_G","Strike_G","Strike_G","Strike_G","Strike_G+1","Defend_G","Defend_G","Defend_G","Defend_G","Defend_G","Survivor","Neutralize","Double Tap","Double Tap","Double Tap","Double Tap","Double Tap+1","Inflame","Inflame+1","Thunderclap","Backflip","Cloak And Dagger","Rampage","Flame Barrier","Pommel Strike","Flechettes","Rampage+1","Limit Break+1","Anger+1","Clothesline+1","Spot Weakness+1","Infinite Blades+1","Corpse Explosion","Shrug It Off","Flechettes+1","Cloak And Dagger","Enlightenment","Limit Break+1","Anger+1","Heavy Blade+1","Sucker Punch+1","Flying Knee+1","Parasite","Quick Slash+1","Flying Knee+1","Inflame+1"],"special_seed":18086,"relics":["Ring of the Snake","Letter Opener","The Specimen","Vajra","Molten Egg 2","Cursed Key","Ancient Tea Set","Sundial","Oddly Smooth Stone","Bag of Preparation","Peace Pipe","Runic Pyramid","PreservedInsect","The Courier","Red Mask","Unceasing Top"],"potions_floor_usage":[6,7,11,18,31,33,35,41,45],"damage_taken":[{"damage":2,"enemies":"Jaw Worm","floor":1,"turns":5},{"damage":1,"enemies":"2 Louse","floor":2,"turns":2},{"damage":0,"enemies":"Cultist","floor":3,"turns":2},{"damage":8,"enemies":"Looter","floor":5,"turns":2},{"damage":16,"enemies":"Lagavulin","floor":6,"turns":5},{"damage":17,"enemies":"Large Slime","floor":7,"turns":3},{"damage":20,"enemies":"Gremlin Nob","floor":10,"turns":4},{"damage":0,"enemies":"Exordium Thugs","floor":11,"turns":3},{"damage":0,"enemies":"2 Fungi Beasts","floor":12,"turns":2},{"damage":15,"enemies":"Exordium Wildlife","floor":14,"turns":3},{"damage":22,"enemies":"Slime Boss","floor":16,"turns":7},{"damage":2,"enemies":"Chosen","floor":18,"turns":2},{"damage":0,"enemies":"2 Thieves","floor":21,"turns":2},{"damage":4,"enemies":"3 Cultists","floor":22,"turns":4},{"damage":0,"enemies":"Snake Plant","floor":24,"turns":1},{"damage":0,"enemies":"Centurion and Healer","floor":27,"turns":4},{"damage":17,"enemies":"Book of Stabbing","floor":28,"turns":4},{"damage":3,"enemies":"Snecko","floor":29,"turns":3},{"damage":7,"enemies":"Slavers","floor":31,"turns":3},{"damage":21,"enemies":"Collector","floor":33,"turns":4},{"damage":15,"enemies":"3 Darklings","floor":35,"turns":3},{"damage":21,"enemies":"3 Shapes","floor":38,"turns":3},{"damage":0,"enemies":"Transient","floor":39,"turns":5},{"damage":21,"enemies":"Nemesis","floor":41,"turns":3},{"damage":4,"enemies":"4 Shapes","floor":45,"turns":3},{"damage":0,"enemies":"Giant Head","floor":47,"turns":6},{"damage":3,"enemies":"3 Darklings","floor":48,"turns":3},{"damage":59,"enemies":"Time Eater","floor":50,"turns":6}],"seed_played":"2934690668443707342","potions_obtained":[{"floor":3,"key":"FearPotion"},{"floor":5,"key":"PowerPotion"},{"floor":10,"key":"Regen Potion"},{"floor":16,"key":"Energy Potion"},{"floor":28,"key":"Block Potion"},{"floor":31,"key":"Energy Potion"},{"floor":33,"key":"Strength Potion"},{"floor":35,"key":"PowerPotion"},{"floor":38,"key":"GamblersBrew"},{"floor":45,"key":"GhostInAJar"}],"is_trial":false,"path_per_floor":["M","M","M","?","M","E","M","R","T","E","M","M","$","M","R","B",null,"M","?","?","M","M","R","M","R","T","M","E","M","R","E","R","B",null,"M","?","$","M","M","R","E","R","T","R","M","?","E","M","R","B",null],"character_chosen":"THE_SILENT","items_purchased":["Molten Egg 2","Limit Break","Anger+1"],"campfire_rested":6,"item_purchase_floors":[13,37,37],"current_hp_per_floor":[68,67,67,53,45,29,12,33,33,13,22,22,22,7,28,6,70,68,68,68,68,64,64,64,64,64,64,47,44,44,37,58,37,70,55,55,55,34,34,34,13,34,34,55,51,51,51,48,69,10],"gold":45,"neow_bonus":"","is_prod":false,"is_daily":true,"chose_seed":false,"campfire_upgraded":4,"win_rate":0,"timestamp":1562721902,"path_taken":["M","M","M","?","M","E","M","R","T","E","M","M","$","M","R","BOSS","M","?","?","M","M","R","M","R","T","?","E","M","R","E","R","BOSS","M","?","$","M","M","R","E","R","T","R","M","?","E","M","R","BOSS"],"build_version":"2019-07-05","purchased_purges":1,"victory":true,"max_hp_per_floor":[70,70,70,70,70,70,70,70,70,70,70,70,70,70,70,70,70,70,70,70,70,70,70,70,70,70,70,70,70,70,70,70,70,70,70,70,70,70,70,70,70,70,70,70,70,70,70,70,70,70],"card_choices":[{"not_picked":["Anger","Bouncing Flask"],"picked":"Inflame","floor":1},{"not_picked":["Wild Strike","Dagger Throw"],"picked":"Inflame","floor":2},{"not_picked":["Disarm","PiercingWail"],"picked":"Thunderclap","floor":3},{"not_picked":["Clothesline","Sword Boomerang"],"picked":"Backflip","floor":5},{"not_picked":["Flex","Dagger Throw"],"picked":"Cloak And Dagger","floor":6},{"not_picked":["Pummel","Sever Soul"],"picked":"Rampage","floor":7},{"not_picked":["Dark Embrace","Bouncing Flask"],"picked":"Flame Barrier","floor":10},{"not_picked":["Terror","Underhanded Strike"],"picked":"Pommel Strike","floor":11},{"not_picked":["Infinite Blades","Escape Plan"],"picked":"Flechettes","floor":12},{"not_picked":["Shrug It Off","Hemokinesis+1"],"picked":"Rampage+1","floor":14},{"not_picked":["Unload+1","After Image"],"picked":"Limit Break","floor":16},{"not_picked":["Poisoned Stab+1","Predator+1"],"picked":"Anger+1","floor":18},{"not_picked":["Sentinel","Backflip"],"picked":"Clothesline+1","floor":21},{"not_picked":["Masterful Stab+1","Iron Wave+1"],"picked":"Spot Weakness+1","floor":22},{"not_picked":["Pummel+1","Crippling Poison","Tactician+1"],"picked":"SKIP","floor":24},{"not_picked":["Twin Strike+1","Clothesline+1"],"picked":"Infinite Blades","floor":27},{"not_picked":["Sever Soul+1","Sword Boomerang+1"],"picked":"Corpse Explosion","floor":28},{"not_picked":["Dropkick+1","Eviscerate+1"],"picked":"Shrug It Off","floor":29},{"not_picked":["Flying Knee+1","Terror"],"picked":"Flechettes+1","floor":31},{"not_picked":["Leg Sweep","Hemokinesis+1"],"picked":"Cloak And Dagger","floor":35},{"not_picked":["Blind","Dramatic Entrance+1"],"picked":"Enlightenment","floor":36},{"not_picked":["Skewer+1","Perfected Strike+1"],"picked":"Heavy Blade+1","floor":38},{"not_picked":["Clash+1","Power Through+1"],"picked":"Sucker Punch+1","floor":39},{"not_picked":["Anger+1","All Out Attack+1"],"picked":"Flying Knee+1","floor":41},{"not_picked":["Poisoned Stab+1","Deadly Poison+1"],"picked":"Quick Slash+1","floor":45},{"not_picked":["Catalyst+1","Carnage+1"],"picked":"Flying Knee+1","floor":47},{"not_picked":["Deflect","Dagger Throw+1"],"picked":"Inflame+1","floor":48}],"player_experience":85616,"relics_obtained":[{"floor":6,"key":"Letter Opener"},{"floor":9,"key":"The Specimen"},{"floor":10,"key":"Vajra"},{"floor":26,"key":"Oddly Smooth Stone"},{"floor":28,"key":"Bag of Preparation"},{"floor":31,"key":"Peace Pipe"},{"floor":41,"key":"PreservedInsect"},{"floor":43,"key":"The Courier"},{"floor":47,"key":"Unceasing Top"}],"event_choices":[{"damage_healed":0,"gold_gain":0,"player_choice":"Entered Light","damage_taken":14,"max_hp_gain":0,"max_hp_loss":0,"event_name":"Shining Light","floor":4,"gold_loss":0,"cards_upgraded":["Strike_G","Double Tap"]},{"damage_healed":0,"gold_gain":0,"player_choice":"Obtained Relic","damage_taken":0,"relics_obtained":["Ancient Tea Set"],"max_hp_gain":0,"max_hp_loss":0,"event_name":"Addict","floor":19,"gold_loss":85},{"damage_healed":0,"gold_gain":0,"player_choice":"Paid Gold","damage_taken":0,"relics_obtained":["Sundial"],"max_hp_gain":0,"max_hp_loss":0,"event_name":"WeMeetAgain","floor":20,"gold_loss":52},{"damage_healed":0,"gold_gain":0,"player_choice":"Memory 1","damage_taken":0,"max_hp_gain":0,"max_hp_loss":0,"event_name":"SensoryStone","floor":36,"gold_loss":0},{"damage_healed":0,"gold_gain":0,"player_choice":"Paid","damage_taken":0,"relics_obtained":["Red Mask"],"max_hp_gain":0,"max_hp_loss":0,"event_name":"Tomb of Lord Red Mask","floor":46,"gold_loss":84}],"is_beta":false,"boss_relics":[{"not_picked":["Sozu","Lizard Tail"],"picked":"Cursed Key"},{"not_picked":["WristBlade","Ring of the Serpent"],"picked":"Runic Pyramid"}],"items_purged_floors":[37],"is_endless":false,"potions_floor_spawned":[3,5,10,16,28,31,33,35,38,45],"ascension_level":0}