{"gold_per_floor":[114,114,129,94,144,159,174,234,259,286,313,340,352],"floor_reached":13,"playtime":1351,"items_purged":[],"score":89,"play_id":"c9811e1a-b74b-41ee-8347-0437ace9b414","local_time":"20190504213404","daily_mods":["Heirloom","Colorless Cards","DeadlyEvents"],"is_ascension_mode":false,"campfire_choices":[],"neow_cost":"","seed_source_timestamp":0,"circlet_count":0,"master_deck":["Defend_G","Defend_G","Defend_G","Defend_G","Defend_G","Strike_G","Strike_G+1","Strike_G","Strike_G+1","Strike_G","Survivor+1","Neutralize","Quick Slash+1","Dash","Masterful Stab","Calculated Gamble","Distraction","Cloak And Dagger","Discovery","Underhanded Strike"],"special_seed":18021,"relics":["Ring of the Snake","The Specimen","Whetstone","Tiny Chest","MawBank"],"potions_floor_usage":[8,8],"damage_taken":[{"damage":7,"enemies":"Small Slimes","floor":1,"turns":4},{"damage":10,"enemies":"Jaw Worm","floor":3,"turns":4},{"damage":3,"enemies":"2 Louse","floor":6,"turns":2},{"damage":5,"enemies":"Exordium Thugs","floor":7,"turns":5},{"damage":17,"enemies":"3 Sentries","floor":8,"turns":7},{"damage":5,"enemies":"Blue Slaver","floor":10,"turns":3},{"damage":0,"enemies":"Large Slime","floor":11,"turns":6},{"damage":9,"enemies":"Red Slaver","floor":12,"turns":2},{"damage":30,"enemies":"Gremlin Nob","floor":13,"turns":3}],"seed_played":"1627038229609415699","potions_obtained":[{"floor":3,"key":"SkillPotion"},{"floor":7,"key":"Regen Potion"},{"floor":10,"key":"Poison Potion"},{"floor":11,"key":"SneckoOil"}],"is_trial":false,"path_per_floor":["M","?","M","?","T","M","M","E","T","M","M","M","E"],"character_chosen":"THE_SILENT","items_purchased":[],"campfire_rested":0,"item_purchase_floors":[],"current_hp_per_floor":[63,49,39,56,56,53,48,43,43,38,38,29,0],"gold":352,"neow_bonus":"","is_prod":false,"is_daily":true,"chose_seed":false,"campfire_upgraded":0,"win_rate":0.0,"timestamp":1557020044,"path_taken":["M","?","M","?","?","M","M","E","T","M","M","?","E"],"build_version":"2019-01-23","purchased_purges":0,"victory":false,"max_hp_per_floor":[70,70,70,70,70,70,70,70,70,70,70,70,70],"card_choices":[{"not_picked":["Deflect","Riddle With Holes"],"picked":"Quick Slash","floor":1},{"not_picked":["Acrobatics","Outmaneuver"],"picked":"Dash","floor":3},{"not_picked":["Dodge and Roll","Deflect"],"picked":"Masterful Stab","floor":6},{"not_picked":["Forethought","Purity"],"picked":"Calculated Gamble","floor":7},{"not_picked":["Backstab","Secret Technique"],"picked":"Distraction","floor":8},{"not_picked":["Poisoned Stab","Enlightenment"],"picked":"Cloak And Dagger","floor":10},{"not_picked":["Predator","Reflex"],"picked":"Discovery","floor":11},{"not_picked":["Bane","Dodge and Roll"],"picked":"Underhanded Strike","floor":12}],"player_experience":9315,"relics_obtained":[{"floor":5,"key":"Whetstone"},{"floor":8,"key":"Tiny Chest"},{"floor":9,"key":"MawBank"}],"event_choices":[{"damage_healed":0,"gold_gain":0,"player_choice":"Entered Light","damage_taken":14,"max_hp_gain":0,"max_hp_loss":0,"event_name":"Shining Light","floor":2,"gold_loss":0,"cards_upgraded":["Quick Slash","Survivor"]},{"damage_healed":17,"gold_gain":0,"player_choice":"Healed","damage_taken":0,"max_hp_gain":0,"max_hp_loss":0,"event_name":"The Cleric","floor":4,"gold_loss":35}],"is_beta":false,"boss_relics":[],"items_purged_floors":[],"is_endless":false,"potions_floor_spawned":[3,7,10,11],"killed_by":"Gremlin Nob","ascension_level":0}