{"gold_per_floor":[115,290,303,25,25,54,54,89,114,114,114,125,149,166,166,267,267,281,380,226,326,344,379,390,420,472,397,397,409,424,458,458,553,553,570,570,75,95,113,113,113,144,167,167,199,199,228,246,246,246,246,246,39,67,67],"floor_reached":56,"playtime":10698,"items_purged":["Strike_G","Strike_G","Strike_G"],"score":1430,"play_id":"b3a0c881-5da9-4a74-8f42-48a3db9b9126","local_time":"20190627092026","is_ascension_mode":true,"campfire_choices":[{"floor":7.0,"key":"REST"},{"floor":11.0,"key":"REST"},{"data":"Noxious Fumes","floor":15.0,"key":"SMITH"},{"data":"Malaise","floor":28.0,"key":"SMITH"},{"floor":32.0,"key":"REST"},{"data":"Well Laid Plans","floor":40.0,"key":"SMITH"},{"data":"Catalyst","floor":44.0,"key":"SMITH"},{"floor":49.0,"key":"RECALL"},{"data":"Burst","floor":52.0,"key":"SMITH"}],"neow_cost":"NONE","seed_source_timestamp":442426918669008,"circlet_count":0,"master_deck":["Defend_G+1","Defend_G","Defend_G","Defend_G","Strike_G","Survivor","Neutralize","Dagger Spray","Catalyst+1","Flying Knee","Well Laid Plans+1","Poisoned Stab","Noxious Fumes+1","Adrenaline+1","Cloak And Dagger","Noxious Fumes","Footwork+1","Blur","PiercingWail","Malaise+1","Footwork+1","Leg Sweep+1","Burst+1","Dagger Throw+1","Adrenaline+1","Corpse Explosion","Cloak And Dagger+1","Bouncing Flask","Backflip"],"special_seed":0,"relics":["Ring of the Serpent","Shuriken","Art of War","Snake Skull","Mercury Hourglass","Omamori","Odd Mushroom","War Paint","Bag of Preparation","Regal Pillow","Singing Bowl","Sozu","Paper Crane","Smiling Mask","Vajra","Oddly Smooth Stone","Bronze Scales","Dodecahedron"],"potions_floor_usage":[55],"damage_taken":[{"damage":2.0,"enemies":"Small Slimes","floor":1.0,"turns":4.0},{"damage":4.0,"enemies":"Jaw Worm","floor":3.0,"turns":4.0},{"damage":32.0,"enemies":"Lagavulin","floor":6.0,"turns":11.0},{"damage":31.0,"enemies":"3 Sentries","floor":8.0,"turns":7.0},{"damage":0.0,"enemies":"2 Louse","floor":12.0,"turns":1.0},{"damage":6.0,"enemies":"The Mushroom Lair","floor":13.0,"turns":3.0},{"damage":1.0,"enemies":"Exordium Thugs","floor":14.0,"turns":3.0},{"damage":4.0,"enemies":"The Guardian","floor":16.0,"turns":8.0},{"damage":2.0,"enemies":"Shell Parasite","floor":18.0,"turns":5.0},{"damage":0.0,"enemies":"Chosen","floor":22.0,"turns":4.0},{"damage":13.0,"enemies":"Slavers","floor":23.0,"turns":5.0},{"damage":6.0,"enemies":"Snake Plant","floor":24.0,"turns":5.0},{"damage":15.0,"enemies":"Book of Stabbing","floor":25.0,"turns":6.0},{"damage":7.0,"enemies":"Sentry and Sphere","floor":29.0,"turns":5.0},{"damage":0.0,"enemies":"Chosen and Byrds","floor":30.0,"turns":6.0},{"damage":9.0,"enemies":"Slavers","floor":31.0,"turns":5.0},{"damage":5.0,"enemies":"Champ","floor":33.0,"turns":13.0},{"damage":0.0,"enemies":"Orb Walker","floor":35.0,"turns":6.0},{"damage":0.0,"enemies":"3 Darklings","floor":38.0,"turns":2.0},{"damage":1.0,"enemies":"Transient","floor":39.0,"turns":5.0},{"damage":0.0,"enemies":"Nemesis","floor":42.0,"turns":7.0},{"damage":0.0,"enemies":"Giant Head","floor":45.0,"turns":6.0},{"damage":0.0,"enemies":"Reptomancer","floor":47.0,"turns":5.0},{"damage":0.0,"enemies":"Sphere and 2 Shapes","floor":48.0,"turns":4.0},{"damage":11.0,"enemies":"Time Eater","floor":50.0,"turns":11.0},{"damage":4,"enemies":"Shield and Spear","floor":54,"turns":5},{"damage":39,"enemies":"The Heart","floor":55,"turns":7}],"seed_played":"3676067877952962807","potions_obtained":[{"floor":1.0,"key":"Poison Potion"},{"floor":3.0,"key":"Strength Potion"},{"floor":8.0,"key":"SmokeBomb"},{"floor":14.0,"key":"Block Potion"},{"floor":24.0,"key":"Energy Potion"},{"floor":25.0,"key":"Fruit Juice"},{"floor":29.0,"key":"GhostInAJar"},{"floor":31.0,"key":"Poison Potion"}],"is_trial":false,"path_per_floor":["?","?","?","M","?","?","?","M","M","?","?","M","?","?"],"character_chosen":"THE_SILENT","items_purchased":["Shuriken","Flying Knee","Noxious Fumes","Corpse Explosion","Paper Crane","Bronze Scales"],"campfire_rested":3,"item_purchase_floors":[4,4,20,37,37,53],"current_hp_per_floor":[75,75,71,71,59,27,50,19,19,19,42,42,36,35,35,31,77,75,75,75,75,75,62,56,46,46,46,46,39,39,30,69,64,82,82,82,82,82,81,81,78,80,80,80,82,82,82,84,84,73,84,84,84,82,43],"gold":67,"neow_bonus":"TEN_PERCENT_HP_BONUS","is_prod":false,"is_daily":false,"chose_seed":false,"campfire_upgraded":5,"win_rate":0,"timestamp":1561616426,"path_taken":["M","?","M","$","?","E","R","E","T","?","R","?","?","M","R","BOSS","M","?","$","?","?","E","?","E","T","?","R","M","M","E","R","BOSS","M","?","$","M","?","R","?","E","T","R","E","?","E","M","R","BOSS","R","$","E","BOSS"],"build_version":"2019-01-23","purchased_purges":3,"victory":true,"max_hp_per_floor":[77,77,77,77,77,77,77,77,77,77,77,77,77,77,77,77,77,77,77,77,77,77,77,77,82,82,82,82,82,82,82,82,82,82,82,82,82,82,82,82,78,80,80,80,82,82,82,84,84,84,84,84,84,86,86],"card_choices":[{"not_picked":["Finisher","Predator"],"picked":"Dagger Spray","floor":1.0},{"not_picked":["Infinite Blades","Calculated Gamble"],"picked":"Catalyst","floor":3.0},{"not_picked":["Sucker Punch","Flechettes","Acrobatics"],"picked":"SKIP","floor":6.0},{"not_picked":["Slice","Eviscerate"],"picked":"Well Laid Plans","floor":8.0},{"not_picked":["Cloak And Dagger","Acrobatics"],"picked":"Poisoned Stab","floor":12.0},{"not_picked":["Backflip","Distraction"],"picked":"Noxious Fumes","floor":14.0},{"not_picked":["Tools of the Trade","Unload"],"picked":"Adrenaline","floor":16.0},{"not_picked":["Leg Sweep","Backflip"],"picked":"Cloak And Dagger","floor":18.0},{"not_picked":["Deadly Poison","Dagger Spray"],"picked":"Footwork+1","floor":22.0},{"not_picked":["Concentrate+1","Terror+1"],"picked":"Blur","floor":23.0},{"not_picked":["Quick Slash","Bane"],"picked":"PiercingWail","floor":24.0},{"not_picked":["Choke","Masterful Stab"],"picked":"Malaise","floor":25.0},{"not_picked":["Underhanded Strike","Deadly Poison","Quick Slash"],"picked":"SKIP","floor":29.0},{"not_picked":["Well Laid Plans","Concentrate+1"],"picked":"Footwork+1","floor":30.0},{"not_picked":["Unload","PiercingWail"],"picked":"Leg Sweep+1","floor":31.0},{"not_picked":["Venomology","Malaise"],"picked":"Burst","floor":33.0},{"not_picked":["Sucker Punch+1","Deflect+1"],"picked":"Dagger Throw+1","floor":35.0},{"not_picked":["Deflect+1","Blade Dance"],"picked":"Cloak And Dagger+1","floor":38.0},{"not_picked":["Distraction","Corpse Explosion"],"picked":"Bouncing Flask","floor":39.0},{"not_picked":["Sucker Punch","Dagger Throw+1","Infinite Blades+1"],"picked":"Singing Bowl","floor":42.0},{"not_picked":["Backflip","Backstab","Terror+1"],"picked":"Singing Bowl","floor":45.0},{"not_picked":["Outmaneuver+1","Eviscerate+1"],"picked":"Backflip","floor":47.0},{"not_picked":["Bane+1","Blade Dance","Expertise+1"],"picked":"Singing Bowl","floor":48.0},{"not_picked":["Prepared+1","Dagger Spray+1","Dagger Throw"],"picked":"Singing Bowl","floor":54}],"player_experience":241081,"relics_obtained":[{"floor":6.0,"key":"Snake Skull"},{"floor":8.0,"key":"Mercury Hourglass"},{"floor":9.0,"key":"Omamori"},{"floor":13.0,"key":"Odd Mushroom"},{"floor":23.0,"key":"War Paint"},{"floor":25.0,"key":"Bag of Preparation"},{"floor":26.0,"key":"Regal Pillow"},{"floor":31.0,"key":"Singing Bowl"},{"floor":42.0,"key":"Smiling Mask"},{"floor":45.0,"key":"Vajra"},{"floor":47.0,"key":"Oddly Smooth Stone"},{"floor":54,"key":"Dodecahedron"}],"event_choices":[{"damage_healed":0.0,"max_hp_gain":0.0,"max_hp_loss":0.0,"gold_gain":175.0,"event_name":"Liars Game","player_choice":"AGREE","floor":2.0,"gold_loss":0.0,"damage_taken":0.0,"cards_obtained":["Doubt"]},{"damage_healed":0.0,"max_hp_gain":0.0,"max_hp_loss":0.0,"gold_gain":0.0,"event_name":"Scrap Ooze","player_choice":"Success","floor":5.0,"gold_loss":0.0,"damage_taken":12.0,"relics_obtained":["Art of War"]},{"cards_removed":["Doubt"],"damage_healed":0.0,"max_hp_gain":0.0,"max_hp_loss":0.0,"gold_gain":0.0,"event_name":"Living Wall","player_choice":"Forget","floor":10.0,"gold_loss":0.0,"damage_taken":0.0},{"damage_healed":0.0,"max_hp_gain":0.0,"max_hp_loss":0.0,"gold_gain":0.0,"event_name":"Mushrooms","player_choice":"Fought Mushrooms","floor":13.0,"gold_loss":0.0,"damage_taken":0.0},{"damage_healed":0.0,"max_hp_gain":0.0,"max_hp_loss":0.0,"gold_gain":99.0,"event_name":"Nest","player_choice":"Stole From Cult","floor":19.0,"gold_loss":0.0,"damage_taken":0.0},{"damage_healed":0.0,"max_hp_gain":0.0,"max_hp_loss":0.0,"gold_gain":100.0,"event_name":"Golden Shrine","player_choice":"Pray","floor":21.0,"gold_loss":0.0,"damage_taken":0.0},{"cards_removed":["Strike_G"],"damage_healed":0.0,"max_hp_gain":0.0,"max_hp_loss":0.0,"gold_gain":0.0,"event_name":"Beggar","player_choice":"Gave Gold","floor":27.0,"gold_loss":75.0,"damage_taken":0.0},{"damage_healed":0.0,"max_hp_gain":0.0,"max_hp_loss":0.0,"gold_gain":0.0,"event_name":"Duplicator","player_choice":"Copied","floor":36.0,"gold_loss":0.0,"damage_taken":0.0,"cards_obtained":["Adrenaline"]},{"damage_healed":0.0,"max_hp_gain":0.0,"max_hp_loss":4.0,"gold_gain":0.0,"event_name":"Winding Halls","player_choice":"Max HP","floor":41.0,"gold_loss":0.0,"damage_taken":0.0},{"cards_removed":["Defend_G"],"damage_healed":0.0,"max_hp_gain":0.0,"max_hp_loss":0.0,"gold_gain":0.0,"event_name":"Falling","player_choice":"Removed Skill","floor":46.0,"gold_loss":0.0,"damage_taken":0.0}],"is_beta":false,"boss_relics":[{"not_picked":["Black Star","Fusion Hammer"],"picked":"Ring of the Serpent"},{"not_picked":["White Beast Statue","Tiny House"],"picked":"Sozu"}],"items_purged_floors":[20,37,53],"is_endless":false,"potions_floor_spawned":[1,3,8,14,24,25,29,31,38,39,42,48],"ascension_level":1}