{"gold_per_floor":[114,114,129,194,209,239,239,289,289,304,319,349,414,441,453,565,577,604,70,120,170,185,215,215,245,245,324,339,369,2,17,17,117,117,132,78,128,143,193,193,223,238,288,338,388,453,725,740,740,740],"floor_reached":51,"playtime":2119,"items_purged":[],"score":1149,"play_id":"63d4d8aa-00de-452f-8f3e-82a241b6f56f","local_time":"20190607160518","daily_mods":["Cursed Run","Vintage","Binary"],"is_ascension_mode":false,"campfire_choices":[{"floor":15.0,"key":"REST"},{"floor":24,"key":"REST"},{"floor":32,"key":"REST"},{"data":"Adrenaline","floor":40,"key":"SMITH"},{"data":"Blur","floor":49,"key":"SMITH"}],"neow_cost":"","seed_source_timestamp":0,"circlet_count":0,"master_deck":["Defend_G+1","Defend_G+1","Defend_G+1","Defend_G+1","Strike_G+1","Strike_G+1","Strike_G+1","Survivor+1","Neutralize+1","Normality","Decay","Normality","Adrenaline+1","Flechettes+1","PiercingWail+1","Finisher+1","Adrenaline+1","Dagger Spray+1","Discovery+1","Shame","Writhe","Dagger Spray+1","Flying Knee+1","Dagger Spray+1","Regret","Infinite Blades+1","Normality","Predator+1","Accuracy+1","Sadistic Nature+1","Night Terror+1","Injury","Neutralize+1","Blur+1"],"special_seed":18054,"relics":["Cursed Key","Darkstone Periapt","Du-Vu Doll","Ninja Scroll","SsserpentHead","Paper Crane","Ancient Tea Set","Dream Catcher","Bag of Preparation","Centennial Puzzle","Anchor","Pen Nib","Regal Pillow","Smiling Mask","MawBank","Happy Flower","Astrolabe","Letter Opener","Bag of Marbles","DollysMirror","Molten Egg 2","Gremlin Horn","Blue Candle","Frozen Egg 2","Singing Bowl","Lantern","Red Mask","Strawberry","Blood Vial","Membership Card","Unceasing Top","FossilizedHelix","HoveringKite","Snake Skull","Oddly Smooth Stone","Potion Belt","Kunai","War Paint","Mark of the Bloom","Orichalcum","Omamori"],"potions_floor_usage":[23,27,27,29,33,42,50,50],"damage_taken":[{"damage":0.0,"enemies":"Jaw Worm","floor":1.0,"turns":4.0},{"damage":0.0,"enemies":"Cultist","floor":3.0,"turns":3.0},{"damage":0.0,"enemies":"Small Slimes","floor":4.0,"turns":3.0},{"damage":13.0,"enemies":"3 Louse","floor":5.0,"turns":3.0},{"damage":8.0,"enemies":"Gremlin Nob","floor":6.0,"turns":6.0},{"damage":0.0,"enemies":"2 Fungi Beasts","floor":10.0,"turns":3.0},{"damage":2.0,"enemies":"Looter","floor":11.0,"turns":2.0},{"damage":9.0,"enemies":"3 Sentries","floor":12.0,"turns":8.0},{"damage":3.0,"enemies":"3 Louse","floor":13.0,"turns":2.0},{"damage":0.0,"enemies":"2 Fungi Beasts","floor":14.0,"turns":3.0},{"damage":76.0,"enemies":"Hexaghost","floor":16.0,"turns":16.0},{"damage":21,"enemies":"Chosen","floor":18,"turns":6},{"damage":0,"enemies":"3 Byrds","floor":22,"turns":2},{"damage":51,"enemies":"Gremlin Leader","floor":23,"turns":5},{"damage":3,"enemies":"Book of Stabbing","floor":25,"turns":1},{"damage":3,"enemies":"Masked Bandits","floor":27,"turns":1},{"damage":3,"enemies":"Shelled Parasite and Fungi","floor":28,"turns":1},{"damage":5,"enemies":"Gremlin Leader","floor":29,"turns":3},{"damage":3,"enemies":"Snake Plant","floor":31,"turns":1},{"damage":5,"enemies":"Automaton","floor":33,"turns":3},{"damage":2,"enemies":"Orb Walker","floor":35,"turns":1},{"damage":0,"enemies":"3 Darklings","floor":38,"turns":1},{"damage":0,"enemies":"Reptomancer","floor":41,"turns":1},{"damage":0,"enemies":"Writhing Mass","floor":42,"turns":1},{"damage":0,"enemies":"Sphere and 2 Shapes","floor":46,"turns":1},{"damage":6,"enemies":"4 Shapes","floor":48,"turns":1},{"damage":5,"enemies":"Time Eater","floor":50,"turns":3}],"seed_played":"-2289250393063293396","potions_obtained":[{"floor":1.0,"key":"PowerPotion"},{"floor":3.0,"key":"LiquidBronze"},{"floor":6.0,"key":"Energy Potion"},{"floor":10.0,"key":"Poison Potion"},{"floor":25,"key":"Weak Potion"},{"floor":27,"key":"Swift Potion"},{"floor":29,"key":"SkillPotion"},{"floor":33,"key":"Swift Potion"},{"floor":41,"key":"PowerPotion"},{"floor":42,"key":"GamblersBrew"}],"is_trial":false,"path_per_floor":["M","?","M","M","M","E","$","T","T","M","M","E","M","M","R","B",null,"M","$","?","?","M","E","R","E","T","?","M","E","$","M","R","B",null,"M","$","?","M","?","R","E","M","T","?","?","M","?","M","R","B",null],"character_chosen":"THE_SILENT","items_purchased":["Bag of Marbles","DollysMirror","Dagger Spray","Discovery","SkillPotion","Membership Card","Unceasing Top","Infinite Blades+1","Predator+1","Accuracy+1"],"campfire_rested":3,"item_purchase_floors":[19,19,19,19,19,30,30,30,36,36],"current_hp_per_floor":[70,70,70,70,57,49,49,55,61,61,59,50,47,47,82,12,88,67,67,73,79,79,28,73,70,76,75,79,76,76,75,119,120,125,123,123,123,125,125,125,125,125,131,131,131,131,131,125,125,120],"gold":740,"neow_bonus":"","is_prod":false,"is_daily":true,"chose_seed":false,"campfire_upgraded":2,"win_rate":0,"timestamp":1559937918,"path_taken":["M","?","M","?","M","E","$","?","T","M","M","E","?","M","R","BOSS","M","$","?","?","M","E","R","E","T","?","M","E","$","M","R","BOSS","M","$","?","M","?","R","E","M","T","?","?","?","?","M","R","BOSS"],"build_version":"2019-01-23","purchased_purges":0,"victory":true,"max_hp_per_floor":[70,70,70,70,70,70,70,76,82,82,82,82,82,82,82,88,88,88,88,94,100,100,100,100,100,106,108,115,117,117,117,119,125,125,125,125,125,125,125,125,125,125,131,131,131,131,131,131,131,131],"card_choices":[{"not_picked":["Catalyst","Flechettes"],"picked":"SKIP","floor":6.0},{"not_picked":["Outmaneuver","Riddle With Holes"],"picked":"SKIP","floor":12.0},{"not_picked":["Glass Knife"],"picked":"Adrenaline","floor":16.0},{"not_picked":["Predator+1"],"picked":"Dagger Spray+1","floor":23},{"not_picked":["Footwork+1"],"picked":"Flying Knee+1","floor":24},{"not_picked":["Riddle With Holes+1"],"picked":"Dagger Spray+1","floor":25},{"not_picked":["Dodge and Roll","Setup"],"picked":"Singing Bowl","floor":27},{"not_picked":["Outmaneuver","Riddle With Holes+1"],"picked":"Singing Bowl","floor":29},{"not_picked":["Backflip","Blade Dance"],"picked":"Singing Bowl","floor":32},{"not_picked":["A Thousand Cuts+1"],"picked":"Adrenaline","floor":33},{"not_picked":["Enlightenment"],"picked":"Sadistic Nature+1","floor":37},{"not_picked":["Deflect"],"picked":"Night Terror","floor":41}],"player_experience":350776,"relics_obtained":[{"floor":1.0,"key":"Ninja Scroll"},{"floor":3.0,"key":"Paper Crane"},{"floor":4.0,"key":"Ancient Tea Set"},{"floor":5.0,"key":"Dream Catcher"},{"floor":6.0,"key":"Bag of Preparation"},{"floor":8.0,"key":"Centennial Puzzle"},{"floor":9.0,"key":"Anchor"},{"floor":10.0,"key":"Pen Nib"},{"floor":11.0,"key":"Regal Pillow"},{"floor":12.0,"key":"Smiling Mask"},{"floor":13.0,"key":"MawBank"},{"floor":14.0,"key":"Happy Flower"},{"floor":18,"key":"Letter Opener"},{"floor":22,"key":"Blue Candle"},{"floor":23,"key":"Frozen Egg 2"},{"floor":25,"key":"Singing Bowl"},{"floor":26,"key":"Lantern"},{"floor":27,"key":"Red Mask"},{"floor":28,"key":"Strawberry"},{"floor":29,"key":"Blood Vial"},{"floor":31,"key":"FossilizedHelix"},{"floor":35,"key":"Snake Skull"},{"floor":38,"key":"Oddly Smooth Stone"},{"floor":41,"key":"Potion Belt"},{"floor":42,"key":"Kunai"},{"floor":43,"key":"War Paint"},{"floor":46,"key":"Orichalcum"},{"floor":48,"key":"Omamori"}],"event_choices":[{"damage_healed":0.0,"max_hp_gain":0.0,"max_hp_loss":0.0,"gold_gain":0.0,"event_name":"FaceTrader","player_choice":"Trade","floor":2.0,"gold_loss":0.0,"damage_taken":0.0,"relics_obtained":["SsserpentHead"]},{"damage_healed":0,"gold_gain":0,"player_choice":"Stole Relic","damage_taken":0,"relics_obtained":["Molten Egg 2"],"max_hp_gain":0,"max_hp_loss":0,"event_name":"Addict","floor":20,"gold_loss":0,"cards_obtained":["Shame"]},{"damage_healed":0,"gold_gain":0,"player_choice":"Opened","damage_taken":0,"relics_obtained":["Gremlin Horn"],"max_hp_gain":0,"max_hp_loss":0,"event_name":"The Mausoleum","floor":21,"gold_loss":0,"cards_obtained":["Writhe"]},{"damage_healed":0,"gold_gain":0,"player_choice":"Fought Bandits","damage_taken":0,"max_hp_gain":0,"max_hp_loss":0,"event_name":"Masked Bandits","floor":27,"gold_loss":0},{"damage_healed":0,"gold_gain":0,"player_choice":"Memory 1","damage_taken":0,"max_hp_gain":0,"max_hp_loss":0,"event_name":"SensoryStone","floor":37,"gold_loss":0},{"cards_removed":["Adrenaline"],"damage_healed":0,"gold_gain":0,"player_choice":"Removed Skill","damage_taken":0,"max_hp_gain":0,"max_hp_loss":0,"event_name":"Falling","floor":39,"gold_loss":0},{"damage_healed":0,"gold_gain":0,"player_choice":"Upgrade","damage_taken":0,"relics_obtained":["Mark of the Bloom"],"max_hp_gain":0,"max_hp_loss":0,"event_name":"MindBloom","floor":44,"gold_loss":0,"cards_upgraded":["Defend_G","Defend_G","Strike_G","Strike_G","Strike_G","Survivor","Neutralize","Adrenaline","Dagger Spray","Discovery","Night Terror"]},{"damage_healed":0,"gold_gain":0,"player_choice":"2 cards matched","damage_taken":0,"max_hp_gain":0,"max_hp_loss":0,"event_name":"Match and Keep!","floor":45,"gold_loss":0,"cards_obtained":["Neutralize","Blur"]},{"damage_healed":0,"gold_gain":222,"player_choice":"Wore Mask","damage_taken":0,"max_hp_gain":0,"max_hp_loss":0,"event_name":"Tomb of Lord Red Mask","floor":47,"gold_loss":0}],"is_beta":false,"boss_relics":[{"not_picked":["Calling Bell","Coffee Dripper"],"picked":"Astrolabe"},{"not_picked":["Empty Cage","Runic Dome"],"picked":"HoveringKite"}],"items_purged_floors":[],"is_endless":false,"potions_floor_spawned":[1,3,6,10,13,25,27,29,33,41,42],"ascension_level":0}