{"gold_per_floor":[112,112,127,137,68,99,99,130,130,130,158,139,172,187,187,285,285,297,308,308,308,319,319,53,78,78,108,108,126,226,237,237,340,340,352,352,352,370,386,418,418,418,444,444,260,114,131,157,157,157],"floor_reached":51,"playtime":3860,"items_purged":["Strike_G","Defend_G"],"score":785,"play_id":"6fb8dcc1-f4ce-4604-9d37-04e3e94ee6d7","local_time":"20190706183020","is_ascension_mode":true,"campfire_choices":[{"data":"Noxious Fumes","floor":7,"key":"SMITH"},{"floor":10,"key":"REST"},{"floor":15,"key":"REST"},{"floor":23,"key":"REST"},{"floor":28,"key":"REST"},{"floor":32,"key":"REST"},{"floor":41,"key":"REST"},{"data":"Catalyst","floor":44,"key":"SMITH"},{"floor":49,"key":"REST"}],"neow_cost":"NONE","seed_source_timestamp":233108218093,"circlet_count":0,"master_deck":["Strike_G+1","Strike_G","Strike_G","Defend_G","Defend_G","Defend_G","Defend_G","Survivor","Neutralize","Forethought","Backflip","Infinite Blades","Noxious Fumes+1","Backstab+1","Leg Sweep","Footwork","Dash","Catalyst+1","Unload","Bane","Backstab","Deadly Poison","Quick Slash","Quick Slash","Bane+1","Glass Knife","Flying Knee+1","Flying Knee+1","Writhe","Catalyst","Backflip","Bouncing Flask+1","Backstab"],"relics":["Ring of the Snake","Pen Nib","Orichalcum","Ornamental Fan","Du-Vu Doll","Question Card","StoneCalendar","Busted Crown","Lantern","Bag of Marbles","Gremlin Horn","PreservedInsect","Pear","Tough Bandages","Philosopher\u0027s Stone","Regal Pillow","Potion Belt","Anchor","Whetstone"],"potions_floor_usage":[27,33,33,48,48,50,50,50,50,50],"damage_taken":[{"damage":0,"enemies":"Cultist","floor":1,"turns":5},{"damage":0,"enemies":"2 Louse","floor":3,"turns":4},{"damage":0,"enemies":"Jaw Worm","floor":4,"turns":4},{"damage":22,"enemies":"3 Sentries","floor":6,"turns":7},{"damage":40,"enemies":"Gremlin Nob","floor":8,"turns":6},{"damage":11,"enemies":"Lagavulin","floor":11,"turns":8},{"damage":7,"enemies":"Exordium Thugs","floor":12,"turns":4},{"damage":4,"enemies":"Gremlin Nob","floor":13,"turns":4},{"damage":3,"enemies":"Blue Slaver","floor":14,"turns":3},{"damage":6,"enemies":"Hexaghost","floor":16,"turns":10},{"damage":6,"enemies":"Spheric Guardian","floor":18,"turns":6},{"damage":13,"enemies":"Chosen","floor":19,"turns":7},{"damage":15,"enemies":"Snake Plant","floor":22,"turns":5},{"damage":0,"enemies":"Gremlin Leader","floor":25,"turns":8},{"damage":32,"enemies":"Slavers","floor":27,"turns":5},{"damage":0,"enemies":"Cultist and Chosen","floor":29,"turns":2},{"damage":0,"enemies":"Colosseum Slavers","floor":30,"turns":4},{"damage":3,"enemies":"Colosseum Nobs","floor":30,"turns":3},{"damage":0,"enemies":"Snecko","floor":31,"turns":4},{"damage":58,"enemies":"Automaton","floor":33,"turns":8},{"damage":18,"enemies":"3 Darklings","floor":35,"turns":4},{"damage":0,"enemies":"Orb Walker","floor":38,"turns":1},{"damage":23,"enemies":"Spire Growth","floor":39,"turns":3},{"damage":28,"enemies":"Reptomancer","floor":40,"turns":5},{"damage":41,"enemies":"Maw","floor":47,"turns":7},{"damage":7,"enemies":"Nemesis","floor":48,"turns":3},{"damage":93,"enemies":"Donu and Deca","floor":50,"turns":10}],"seed_played":"8846080824702179348","potions_obtained":[{"floor":3,"key":"Swift Potion"},{"floor":4,"key":"SkillPotion"},{"floor":8,"key":"FairyPotion"},{"floor":22,"key":"PowerPotion"},{"floor":29,"key":"SkillPotion"},{"floor":30,"key":"Poison Potion"},{"floor":38,"key":"Swift Potion"},{"floor":40,"key":"EntropicBrew"},{"floor":47,"key":"Block Potion"}],"is_trial":false,"path_per_floor":["M","T","M","M","$","E","R","E","T","R","E","M","E","M","R","B",null,"M","M","?","?","M","R","$","E","T","E","R","M","?","M","R","B",null,"M","?","?","M","M","E","R","?","T","R","$","$","M","E","R","B",null],"character_chosen":"THE_SILENT","items_purchased":["Backstab","Lantern","Quick Slash","Catalyst","Backflip","Anchor"],"campfire_rested":7,"item_purchase_floors":[5,24,24,45,45,46],"current_hp_per_floor":[70,70,70,70,70,48,48,8,8,29,18,11,7,4,25,19,70,64,51,51,51,36,57,57,57,57,25,46,46,53,53,77,19,80,62,62,67,67,44,16,55,75,75,75,75,75,34,27,66,25],"gold":157,"neow_bonus":"RANDOM_COLORLESS","is_prod":false,"is_daily":false,"chose_seed":false,"campfire_upgraded":2,"win_rate":0,"timestamp":1562430620,"path_taken":["M","?","M","M","$","E","R","E","T","R","E","M","E","M","R","BOSS","M","M","?","?","?","R","$","E","T","E","R","M","?","M","R","BOSS","M","?","?","?","M","E","R","?","T","R","?","$","M","E","R","BOSS"],"build_version":"2019-07-05","purchased_purges":2,"victory":true,"max_hp_per_floor":[70,70,70,70,70,70,70,70,70,70,70,70,70,70,70,70,70,70,70,70,70,70,70,70,70,70,70,70,70,80,80,80,80,80,80,80,80,80,80,80,80,80,80,80,80,80,80,80,80,80],"card_choices":[{"not_picked":["Prepared","Blade Dance"],"picked":"Backflip","floor":1},{"not_picked":["Cloak And Dagger","Dagger Throw"],"picked":"Infinite Blades","floor":3},{"not_picked":["Dagger Throw","Deadly Poison"],"picked":"Noxious Fumes","floor":4},{"not_picked":["PiercingWail","Endless Agony"],"picked":"Leg Sweep","floor":6},{"not_picked":["Cloak And Dagger","Calculated Gamble"],"picked":"Footwork","floor":8},{"not_picked":["Riddle With Holes","Infinite Blades"],"picked":"Dash","floor":11},{"not_picked":["Bane","Storm of Steel","Acrobatics"],"picked":"Flying Knee","floor":12},{"not_picked":["Blur","Dodge and Roll","Dagger Throw","After Image"],"picked":"SKIP","floor":13},{"not_picked":["Skewer","Quick Slash","All Out Attack"],"picked":"Catalyst","floor":14},{"not_picked":["After Image","Bullet Time","Venomology"],"picked":"Unload","floor":16},{"not_picked":["Cloak And Dagger+1"],"picked":"Bane","floor":18},{"not_picked":["Escape Plan+1"],"picked":"Backstab","floor":19},{"not_picked":["Cloak And Dagger"],"picked":"Quick Slash","floor":22},{"not_picked":["Bouncing Flask+1"],"picked":"Bane+1","floor":25},{"not_picked":["Blade Dance","Glass Knife"],"picked":"SKIP","floor":27},{"not_picked":["Acrobatics","Slice+1"],"picked":"SKIP","floor":29},{"not_picked":["Dodge and Roll+1","Eviscerate+1"],"picked":"SKIP","floor":31},{"not_picked":["Bullet Time"],"picked":"Glass Knife","floor":33},{"not_picked":["Outmaneuver"],"picked":"Flying Knee+1","floor":35},{"not_picked":["Riddle With Holes+1","Dagger Throw"],"picked":"SKIP","floor":38},{"not_picked":["Blur+1"],"picked":"Flying Knee+1","floor":39},{"not_picked":["Storm of Steel","After Image"],"picked":"SKIP","floor":40},{"not_picked":["Deflect+1"],"picked":"Bouncing Flask+1","floor":47},{"not_picked":["Slice+1"],"picked":"Backstab","floor":48}],"player_experience":54921,"relics_obtained":[{"floor":2,"key":"Pen Nib"},{"floor":6,"key":"Orichalcum"},{"floor":8,"key":"Ornamental Fan"},{"floor":9,"key":"Du-Vu Doll"},{"floor":11,"key":"Question Card"},{"floor":13,"key":"StoneCalendar"},{"floor":25,"key":"Bag of Marbles"},{"floor":26,"key":"Gremlin Horn"},{"floor":27,"key":"PreservedInsect"},{"floor":30,"key":"Pear"},{"floor":30,"key":"Tough Bandages"},{"floor":40,"key":"Regal Pillow"},{"floor":43,"key":"Potion Belt"},{"floor":48,"key":"Whetstone"}],"event_choices":[{"damage_healed":0,"gold_gain":0,"player_choice":"Read","damage_taken":0,"max_hp_gain":0,"max_hp_loss":0,"event_name":"The Library","floor":20,"gold_loss":0,"cards_obtained":["Deadly Poison"]},{"damage_healed":0,"gold_gain":0,"player_choice":"0 cards matched","damage_taken":0,"max_hp_gain":0,"max_hp_loss":0,"event_name":"Match and Keep!","floor":21,"gold_loss":0,"cards_obtained":[]},{"damage_healed":0,"gold_gain":0,"player_choice":"Fight","damage_taken":0,"max_hp_gain":0,"max_hp_loss":0,"event_name":"Colosseum","floor":30,"gold_loss":0},{"damage_healed":0,"gold_gain":0,"player_choice":"Fought Nobs","damage_taken":0,"max_hp_gain":0,"max_hp_loss":0,"event_name":"Colosseum","floor":30,"gold_loss":0},{"cards_removed":["Strike_G"],"damage_healed":0,"gold_gain":0,"player_choice":"Removed Attack","damage_taken":0,"max_hp_gain":0,"max_hp_loss":0,"event_name":"Falling","floor":36,"gold_loss":0},{"cards_removed":["Flying Knee"],"damage_healed":5,"gold_gain":0,"player_choice":"Offered Common","damage_taken":0,"max_hp_gain":0,"max_hp_loss":0,"event_name":"Bonfire Elementals","floor":37,"gold_loss":0},{"cards_removed":["Flying Knee"],"damage_healed":5,"gold_gain":0,"player_choice":"Offered Special","damage_taken":0,"max_hp_gain":0,"max_hp_loss":0,"event_name":"Bonfire Elementals","floor":37,"gold_loss":0},{"damage_healed":20,"gold_gain":0,"player_choice":"Writhe","damage_taken":0,"max_hp_gain":0,"max_hp_loss":0,"event_name":"Winding Halls","floor":42,"gold_loss":0,"cards_obtained":["Writhe"]}],"is_beta":false,"boss_relics":[{"not_picked":["HoveringKite","Black Star"],"picked":"Busted Crown"},{"not_picked":["Calling Bell","WristBlade"],"picked":"Philosopher\u0027s Stone"}],"items_purged_floors":[24,45],"is_endless":false,"potions_floor_spawned":[3,4,8,11,13,22,29,30,31,38,40,47],"ascension_level":1}