{"gold_per_floor":[114,129,129,144,159,159,189,189,239,164,182,197,197,25,25,125,125,140,155,155,155,170,170,269,284,284,314,39,54,69,69,69,169,219,234,234,234,246,0,30,30,45,45,75,75,75,90,105,105,105],"floor_reached":51,"playtime":2798,"items_purged":["Normality"],"score":975,"play_id":"b8ed96fb-b474-42ca-b051-aebf84eeecf3","local_time":"20190510230322","daily_mods":["Cursed Run","Diverse","Terminal"],"is_ascension_mode":false,"campfire_choices":[{"data":"Neutralize","floor":6,"key":"SMITH"},{"floor":8,"key":"REST"},{"data":"Apotheosis","floor":15,"key":"SMITH"},{"data":"Seek","floor":23,"key":"SMITH"},{"floor":32,"key":"REST"},{"floor":46,"key":"REST"},{"data":"Purity","floor":49,"key":"SMITH"}],"neow_cost":"","seed_source_timestamp":0,"circlet_count":0,"master_deck":["Survivor+1","Neutralize+1","Prepared+1","Turbo+1","Writhe","Escape Plan+1","Apotheosis+1","Seek+1","Finisher+1","Infernal Blade+1","Storm of Steel+1","Pummel+1","Reboot+1","Tools of the Trade+1","All For One+1","After Image+1","All For One+1","Fire Breathing+1","Anger+1","Shame","Turbo+1","Prepared+1","Shame","Regret","Envenom+1","Force Field+1","Flex+1","Purity+1","Blood for Blood+1","Doubt","Injury","Distraction+1","Decay"],"special_seed":18027,"relics":["Cursed Key","Darkstone Periapt","Du-Vu Doll","Pear","Omamori","Odd Mushroom","Frozen Egg 2","Pandora\u0027s Box","Nilry\u0027s Codex","Gremlin Horn","Blue Candle","Juzu Bracelet","TwistedFunnel","Mummified Hand","Tiny House","Mark of the Bloom","Ginger","Red Mask","Unceasing Top","Letter Opener","Snake Skull","Bottled Flame"],"potions_floor_usage":[7,11,16,22,25,35,44,47,47,50,50],"damage_taken":[{"damage":0,"enemies":"Small Slimes","floor":1,"turns":3},{"damage":0,"enemies":"Jaw Worm","floor":2,"turns":4},{"damage":0,"enemies":"2 Louse","floor":4,"turns":3},{"damage":0,"enemies":"Blue Slaver","floor":5,"turns":4},{"damage":32,"enemies":"Gremlin Nob","floor":7,"turns":7},{"damage":12,"enemies":"The Mushroom Lair","floor":11,"turns":4},{"damage":3,"enemies":"3 Louse","floor":12,"turns":3},{"damage":5,"enemies":"Slime Boss","floor":16,"turns":10},{"damage":0,"enemies":"3 Byrds","floor":18,"turns":2},{"damage":0,"enemies":"Spheric Guardian","floor":19,"turns":2},{"damage":5,"enemies":"Centurion and Healer","floor":22,"turns":4},{"damage":0,"enemies":"Cultist and Chosen","floor":25,"turns":2},{"damage":0,"enemies":"Book of Stabbing","floor":27,"turns":3},{"damage":10,"enemies":"Snake Plant","floor":29,"turns":3},{"damage":0,"enemies":"Snecko","floor":30,"turns":3},{"damage":0,"enemies":"Automaton","floor":33,"turns":3},{"damage":1,"enemies":"Orb Walker","floor":35,"turns":2},{"damage":0,"enemies":"2 Orb Walkers","floor":38,"turns":2},{"damage":4,"enemies":"Reptomancer","floor":40,"turns":2},{"damage":4,"enemies":"3 Shapes","floor":42,"turns":2},{"damage":2,"enemies":"Nemesis","floor":44,"turns":1},{"damage":2,"enemies":"Maw","floor":47,"turns":2},{"damage":4,"enemies":"4 Shapes","floor":48,"turns":2},{"damage":23,"enemies":"Awakened One","floor":50,"turns":5}],"seed_played":"-2800817003503574526","potions_obtained":[{"floor":2,"key":"Swift Potion"},{"floor":7,"key":"Poison Potion"},{"floor":12,"key":"PowerPotion"},{"floor":19,"key":"SkillPotion"},{"floor":22,"key":"Swift Potion"},{"floor":30,"key":"FearPotion"},{"floor":34,"key":"PowerPotion"},{"floor":40,"key":"Fire Potion"},{"floor":42,"key":"AttackPotion"},{"floor":44,"key":"Ancient Potion"},{"floor":48,"key":"Block Potion"}],"is_trial":false,"path_per_floor":["M","M","?","M","M","R","E","R","T","$","?","M","?","$","R","B",null,"M","M","?","T","M","R","?","M","T","E","$","M","M","?","R","B",null,"M","?","?","?","?","E","?","M","T","E","T","R","M","M","R","B",null],"character_chosen":"THE_SILENT","items_purchased":["Escape Plan","Apotheosis","TwistedFunnel"],"campfire_rested":3,"item_purchase_floors":[10,14,28],"current_hp_per_floor":[68,67,66,65,64,63,41,62,68,68,56,53,53,53,53,48,68,67,66,50,56,51,51,51,51,57,57,57,47,47,53,71,76,80,79,78,77,76,75,71,71,67,67,65,65,65,63,59,59,36],"gold":105,"neow_bonus":"","is_prod":false,"is_daily":true,"chose_seed":false,"campfire_upgraded":4,"win_rate":0.0,"timestamp":1557543802,"path_taken":["M","M","?","M","M","R","E","R","T","$","?","M","?","?","R","BOSS","M","M","?","?","?","R","?","M","T","E","$","M","M","?","R","BOSS","M","?","?","?","?","E","?","M","T","E","?","R","M","M","R","BOSS"],"build_version":"2019-01-23","purchased_purges":1,"victory":true,"max_hp_per_floor":[68,67,66,65,64,63,72,71,76,75,74,73,72,71,70,69,68,67,66,65,70,69,68,67,66,71,70,69,68,67,72,71,76,80,79,78,77,76,75,74,73,72,77,76,81,80,79,78,77,82],"card_choices":[{"not_picked":["Terror","Outmaneuver"],"picked":"Prepared","floor":1},{"not_picked":["Beam Cell","Storm of Steel","Poisoned Stab"],"picked":"SKIP","floor":2},{"not_picked":["Clothesline","Undo","Havoc"],"picked":"SKIP","floor":4},{"not_picked":["PiercingWail","Body Slam"],"picked":"Turbo","floor":5},{"not_picked":["Havoc","Tactician","FTL"],"picked":"SKIP","floor":7},{"not_picked":["Steam Power","Searing Blow","Hologram"],"picked":"SKIP","floor":12},{"not_picked":["Double Tap","Offering"],"picked":"Seek","floor":16},{"not_picked":["Eviscerate","Cloak And Dagger"],"picked":"Fire Breathing+1","floor":18},{"not_picked":["Finisher","Warcry"],"picked":"Anger","floor":19},{"not_picked":["Terror","Uppercut","Wild Strike+1"],"picked":"SKIP","floor":22},{"not_picked":["Clash","Blade Dance+1"],"picked":"Turbo","floor":25},{"not_picked":["Rainbow","Cold Snap","Slice"],"picked":"SKIP","floor":27},{"not_picked":["Rainbow","Cold Snap","Slice"],"picked":"SKIP","floor":27},{"not_picked":["Clothesline","Leap+1"],"picked":"Prepared","floor":29},{"not_picked":["Eviscerate","Conserve Battery+1","Heavy Blade+1"],"picked":"SKIP","floor":30},{"not_picked":["Amplify","Unload"],"picked":"Envenom+1","floor":33},{"not_picked":["Dash+1","Flying Knee+1","Steam Power"],"picked":"SKIP","floor":35},{"not_picked":["Clash+1","Loop+1"],"picked":"Force Field+1","floor":38},{"not_picked":["Calculated Gamble","Flame Barrier+1"],"picked":"Flex+1","floor":40},{"not_picked":["Thinking Ahead","Transmutation"],"picked":"Purity","floor":41},{"not_picked":["Slice","Shrug It Off+1"],"picked":"Blood for Blood+1","floor":42},{"not_picked":["Clothesline+1","Armaments","Bloodletting+1"],"picked":"SKIP","floor":44},{"not_picked":["Hologram+1","Dodge and Roll+1"],"picked":"Distraction+1","floor":47},{"not_picked":["Spot Weakness","Steam","Blade Dance"],"picked":"SKIP","floor":48}],"player_experience":107134,"relics_obtained":[{"floor":7,"key":"Pear"},{"floor":9,"key":"Omamori"},{"floor":11,"key":"Odd Mushroom"},{"floor":20,"key":"Nilry\u0027s Codex"},{"floor":21,"key":"Gremlin Horn"},{"floor":26,"key":"Blue Candle"},{"floor":27,"key":"Juzu Bracelet"},{"floor":38,"key":"Ginger"},{"floor":40,"key":"Unceasing Top"},{"floor":43,"key":"Letter Opener"},{"floor":44,"key":"Snake Skull"},{"floor":45,"key":"Bottled Flame"}],"event_choices":[{"damage_healed":0,"gold_gain":0,"player_choice":"Grow","damage_taken":0,"max_hp_gain":0,"max_hp_loss":0,"event_name":"Living Wall","floor":3,"gold_loss":0,"cards_upgraded":["Prepared"]},{"damage_healed":0,"gold_gain":0,"player_choice":"Fought Mushrooms","damage_taken":0,"max_hp_gain":0,"max_hp_loss":0,"event_name":"Mushrooms","floor":11,"gold_loss":0},{"damage_healed":0,"gold_gain":0,"player_choice":"Box","damage_taken":0,"relics_obtained":["Frozen Egg 2"],"max_hp_gain":0,"max_hp_loss":0,"event_name":"Big Fish","floor":13,"gold_loss":0,"cards_obtained":["Regret"]},{"damage_healed":0,"gold_gain":0,"player_choice":"Obtained Book","damage_taken":16,"max_hp_gain":0,"max_hp_loss":0,"event_name":"Cursed Tome","floor":20,"gold_loss":0},{"damage_healed":0,"gold_gain":99,"player_choice":"Stole From Cult","damage_taken":0,"max_hp_gain":0,"max_hp_loss":0,"event_name":"Nest","floor":24,"gold_loss":0},{"damage_healed":0,"gold_gain":0,"player_choice":"Stole Relic","damage_taken":0,"relics_obtained":["Mummified Hand"],"max_hp_gain":0,"max_hp_loss":0,"event_name":"Addict","floor":31,"gold_loss":0,"cards_obtained":["Shame"]},{"cards_removed":["Outmaneuver"],"damage_healed":0,"gold_gain":0,"player_choice":"Removed Skill","damage_taken":0,"max_hp_gain":0,"max_hp_loss":0,"event_name":"Falling","floor":36,"gold_loss":0},{"damage_healed":0,"gold_gain":0,"player_choice":"Upgrade","damage_taken":0,"relics_obtained":["Mark of the Bloom"],"max_hp_gain":0,"max_hp_loss":0,"event_name":"MindBloom","floor":37,"gold_loss":0,"cards_upgraded":["Turbo","Escape Plan","Finisher","Infernal Blade","Storm of Steel","Pummel","Reboot","All For One","All For One","Anger","Turbo","Prepared"]},{"damage_healed":0,"gold_gain":0,"player_choice":"Fight","damage_taken":0,"max_hp_gain":0,"max_hp_loss":0,"event_name":"Mysterious Sphere","floor":38,"gold_loss":0},{"damage_healed":0,"gold_gain":0,"player_choice":"Paid","damage_taken":0,"relics_obtained":["Red Mask"],"max_hp_gain":0,"max_hp_loss":0,"event_name":"Tomb of Lord Red Mask","floor":39,"gold_loss":246},{"damage_healed":0,"gold_gain":0,"player_choice":"Memory 1","damage_taken":0,"max_hp_gain":0,"max_hp_loss":0,"event_name":"SensoryStone","floor":41,"gold_loss":0}],"is_beta":false,"boss_relics":[{"not_picked":["Runic Pyramid","Busted Crown"],"picked":"Pandora\u0027s Box"},{"not_picked":["Empty Cage","White Beast Statue"],"picked":"Tiny House"}],"items_purged_floors":[28],"is_endless":false,"potions_floor_spawned":[2,7,12,19,22,30,40,42,44,48],"ascension_level":0}