{"gold_per_floor":[109,109,120,139,214,214,242,255,255,280,3,19,38,38,38,137,137,150,65,84,101,101,101,115,115,140,151,183,197,197,211,211,308,308,319,339,17,239,258,258,288,288,313,313,332,384,384,399,399,399,399,399,85,85],"floor_reached":54,"playtime":7576,"items_purged":[],"score":781,"play_id":"ab53611e-ed43-4d49-af92-2dffa1b893b5","local_time":"20190512160655","is_ascension_mode":false,"campfire_choices":[{"data":"Chaos","floor":6.0,"key":"SMITH"},{"floor":15.0,"key":"REST"},{"data":"Defragment","floor":25.0,"key":"SMITH"},{"data":"Darkness","floor":30.0,"key":"SMITH"},{"floor":32.0,"key":"REST"},{"floor":40.0,"key":"RECALL"},{"data":"Creative AI","floor":42.0,"key":"SMITH"},{"floor":47,"key":"REST"},{"data":"Defragment","floor":49,"key":"SMITH"},{"data":"Loop","floor":52,"key":"SMITH"}],"neow_cost":"NONE","seed_source_timestamp":1781138109707379,"circlet_count":0,"master_deck":["Strike_B","Strike_B","Strike_B","Strike_B","Defend_B+1","Defend_B","Defend_B","Defend_B+1","Zap","Dualcast","Hologram","Chaos+1","Ball Lightning","Self Repair","Compile Driver","White Noise","Conserve Battery","Loop+1","Redo","Darkness+1","Buffer","Rebound","Self Repair","Loop","Defragment+1","Cold Snap","White Noise","Conserve Battery","Cold Snap","Creative AI+1","Steam+1","Redo","Defragment+1","Turbo","Steam","Coolheaded","Parasite","Force Field","Hologram","Go for the Eyes+1","Ball Lightning","Leap","Reinforced Body","Barrage","Panache"],"special_seed":0,"relics":["Cracked Core","Juzu Bracelet","FossilizedHelix","Regal Pillow","Mercury Hourglass","Inserter","Lantern","Enchiridion","Nloth\u0027s Gift","War Paint","Red Mask","Sozu","OrangePellets","Boot","Dream Catcher","Mango"],"potions_floor_usage":[],"damage_taken":[{"damage":0.0,"enemies":"2 Louse","floor":1.0,"turns":3.0},{"damage":3.0,"enemies":"Jaw Worm","floor":3.0,"turns":3.0},{"damage":0.0,"enemies":"Cultist","floor":4.0,"turns":4.0},{"damage":21.0,"enemies":"Lagavulin","floor":7.0,"turns":5.0},{"damage":2.0,"enemies":"2 Fungi Beasts","floor":8.0,"turns":3.0},{"damage":30.0,"enemies":"3 Sentries","floor":10.0,"turns":7.0},{"damage":0.0,"enemies":"Looter","floor":12.0,"turns":3.0},{"damage":0.0,"enemies":"Exordium Thugs","floor":13.0,"turns":4.0},{"damage":7.0,"enemies":"Slime Boss","floor":16.0,"turns":7.0},{"damage":36.0,"enemies":"2 Thieves","floor":18.0,"turns":5.0},{"damage":10.0,"enemies":"Spheric Guardian","floor":20.0,"turns":4.0},{"damage":1.0,"enemies":"Snecko","floor":21.0,"turns":6.0},{"damage":34.0,"enemies":"Sentry and Sphere","floor":24.0,"turns":6.0},{"damage":15.0,"enemies":"Shelled Parasite and Fungi","floor":27.0,"turns":6.0},{"damage":5.0,"enemies":"Masked Bandits","floor":28.0,"turns":2.0},{"damage":0.0,"enemies":"Cultist and Chosen","floor":29.0,"turns":6.0},{"damage":7.0,"enemies":"Snecko","floor":31.0,"turns":4.0},{"damage":31.0,"enemies":"Automaton","floor":33.0,"turns":9.0},{"damage":12.0,"enemies":"3 Darklings","floor":35.0,"turns":8.0},{"damage":0.0,"enemies":"3 Shapes","floor":36.0,"turns":2.0},{"damage":24.0,"enemies":"3 Darklings","floor":39.0,"turns":7.0},{"damage":0.0,"enemies":"Giant Head","floor":41.0,"turns":15.0},{"damage":23,"enemies":"Writhing Mass","floor":45,"turns":6},{"damage":53,"enemies":"2 Orb Walkers","floor":46,"turns":5},{"damage":0,"enemies":"Maw","floor":48,"turns":8},{"damage":43,"enemies":"Donu and Deca","floor":50,"turns":13},{"damage":100,"enemies":"Shield and Spear","floor":54,"turns":4}],"seed_played":"-6838158659675708576","potions_obtained":[{"floor":10.0,"key":"Ancient Potion"},{"floor":12.0,"key":"Explosive Potion"},{"floor":13.0,"key":"Dexterity Potion"},{"floor":24.0,"key":"Poison Potion"},{"floor":28.0,"key":"Strength Potion"},{"floor":29.0,"key":"Swift Potion"},{"floor":33.0,"key":"FocusPotion"}],"is_trial":false,"path_per_floor":["?","?","?","?","?","?","?","?","T","?"],"character_chosen":"DEFECT","items_purchased":["Conserve Battery","Loop","Regal Pillow","OrangePellets","Defragment","Turbo","Leap","Reinforced Body","Barrage","Panache"],"campfire_rested":3,"item_purchase_floors":[11,11,11,37,37,37,53,53,53,53],"current_hp_per_floor":[82,82,79,79,71,71,50,55,55,32,32,32,39,39,78,71,82,53,53,50,63,47,47,27,27,27,19,14,28,28,28,67,43,82,82,82,82,82,58,58,72,72,72,72,63,31,74,81,81,45,96,96,96,0],"gold":85,"neow_bonus":"TEN_PERCENT_HP_BONUS","is_prod":false,"is_daily":false,"chose_seed":false,"campfire_upgraded":6,"win_rate":0,"timestamp":1557666415,"path_taken":["M","?","M","M","?","R","E","M","T","E","$","M","M","?","R","BOSS","M","?","M","M","?","?","M","R","T","M","?","M","R","M","R","BOSS","M","M","$","?","M","R","E","R","T","?","M","?","R","M","R","BOSS","R","$","E"],"build_version":"2019-01-23","purchased_purges":0,"victory":false,"max_hp_per_floor":[82,82,82,82,82,82,82,82,82,82,82,82,82,82,82,82,82,82,82,82,82,82,82,82,82,82,82,82,82,82,82,82,82,82,82,82,82,82,82,82,82,82,82,82,82,96,96,96,96,96,96,96,96,96],"card_choices":[{"not_picked":["Turbo","Go for the Eyes"],"picked":"Hologram","floor":1.0},{"not_picked":["Steam","Undo"],"picked":"Chaos","floor":3.0},{"not_picked":["Core Surge","Rip and Tear"],"picked":"Ball Lightning","floor":4.0},{"not_picked":["Redo","Compile Driver"],"picked":"Self Repair","floor":7.0},{"not_picked":["Lockon","Barrage"],"picked":"Compile Driver","floor":8.0},{"not_picked":["Cold Snap","Doom and Gloom"],"picked":"White Noise","floor":10.0},{"not_picked":["Lockon","Streamline"],"picked":"Redo","floor":12.0},{"not_picked":["Redo","Steam"],"picked":"Darkness","floor":13.0},{"not_picked":["Meteor Strike","Core Surge"],"picked":"Buffer","floor":16.0},{"not_picked":["Rip and Tear","Compile Driver"],"picked":"Rebound","floor":18.0},{"not_picked":["Steam Power","Skim"],"picked":"Self Repair","floor":20.0},{"not_picked":["Go for the Eyes","Storm"],"picked":"Loop","floor":21.0},{"not_picked":["Barrage+1","Steam"],"picked":"Defragment","floor":24.0},{"not_picked":["Sweeping Beam","Aggregate"],"picked":"Cold Snap","floor":27.0},{"not_picked":["Ball Lightning","Force Field"],"picked":"White Noise","floor":28.0},{"not_picked":["Compile Driver+1","Barrage"],"picked":"Conserve Battery","floor":29.0},{"not_picked":["Streamline+1","Scrape"],"picked":"Cold Snap","floor":31.0},{"not_picked":["Hyperbeam","Fission"],"picked":"Creative AI","floor":33.0},{"not_picked":["Redo+1","Stack"],"picked":"Steam+1","floor":35.0},{"not_picked":["Beam Cell","Doom and Gloom"],"picked":"Redo","floor":36.0},{"not_picked":["Streamline","Hyperbeam"],"picked":"Steam","floor":39.0},{"not_picked":["Go for the Eyes+1","Steam Power"],"picked":"Coolheaded","floor":41.0},{"not_picked":["Stack+1","Auto Shields"],"picked":"Force Field","floor":45},{"not_picked":["Go for the Eyes","Gash+1"],"picked":"Hologram","floor":46},{"not_picked":["Gash","Redo"],"picked":"Go for the Eyes+1","floor":47},{"not_picked":["Sweeping Beam+1","Sunder"],"picked":"Ball Lightning","floor":48}],"player_experience":85906,"relics_obtained":[{"floor":7.0,"key":"Juzu Bracelet"},{"floor":9.0,"key":"Bottled Tornado"},{"floor":10.0,"key":"FossilizedHelix"},{"floor":22.0,"key":"Enchiridion"},{"floor":26.0,"key":"War Paint"},{"floor":28.0,"key":"Red Mask"},{"floor":41.0,"key":"Boot"},{"floor":44.0,"key":"Dream Catcher"},{"floor":46,"key":"Mango"}],"event_choices":[{"damage_healed":0.0,"max_hp_gain":0.0,"max_hp_loss":0.0,"gold_gain":0.0,"event_name":"The Cleric","player_choice":"Leave","floor":2.0,"gold_loss":0.0,"damage_taken":0.0},{"damage_healed":0.0,"max_hp_gain":0.0,"max_hp_loss":0.0,"gold_gain":75.0,"event_name":"FaceTrader","player_choice":"Touch","floor":5.0,"gold_loss":0.0,"damage_taken":8.0},{"damage_healed":0.0,"max_hp_gain":0.0,"max_hp_loss":0.0,"gold_gain":0.0,"event_name":"Dead Adventurer","player_choice":"Searched \u00271\u0027 times","floor":14.0,"gold_loss":0.0,"damage_taken":0.0,"relics_obtained":["Mercury Hourglass"]},{"damage_healed":0.0,"max_hp_gain":0.0,"max_hp_loss":0.0,"gold_gain":0.0,"event_name":"Addict","player_choice":"Obtained Relic","floor":19.0,"gold_loss":85.0,"damage_taken":0.0,"relics_obtained":["Lantern"]},{"damage_healed":0.0,"max_hp_gain":0.0,"max_hp_loss":0.0,"gold_gain":0.0,"event_name":"Cursed Tome","player_choice":"Obtained Book","floor":22.0,"gold_loss":0.0,"damage_taken":16.0},{"damage_healed":0.0,"max_hp_gain":0.0,"max_hp_loss":0.0,"gold_gain":0.0,"event_name":"N\u0027loth","player_choice":"Traded Relic","floor":23.0,"relics_lost":["Bottled Tornado"],"gold_loss":0.0,"damage_taken":0.0,"relics_obtained":["Nloth\u0027s Gift"]},{"damage_healed":0.0,"max_hp_gain":0.0,"max_hp_loss":0.0,"gold_gain":0.0,"event_name":"Masked Bandits","player_choice":"Fought Bandits","floor":28.0,"gold_loss":0.0,"damage_taken":0.0},{"damage_healed":0.0,"max_hp_gain":0.0,"max_hp_loss":0.0,"gold_gain":222.0,"event_name":"Tomb of Lord Red Mask","player_choice":"Wore Mask","floor":38.0,"gold_loss":0.0,"damage_taken":0.0},{"damage_healed":0,"gold_gain":0,"player_choice":"Fight","damage_taken":0,"max_hp_gain":0,"max_hp_loss":0,"event_name":"Mysterious Sphere","floor":46,"gold_loss":0}],"is_beta":false,"boss_relics":[{"not_picked":["Cursed Key","Eternal Feather"],"picked":"Inserter"},{"not_picked":["Fusion Hammer","Orrery"],"picked":"Sozu"}],"items_purged_floors":[],"is_endless":false,"potions_floor_spawned":[10,12,13,16,24,28,29,33,39,41],"killed_by":"Shield and Spear","ascension_level":0}