{"gold_per_floor":[118,118,118,118,134,134,149,181,181,195,222,322,322,355,355,450,780,795,782,793,807,167,167,184,184,184,197,208,208,241,253,265,379,391,414,426,456,485,497,509],"floor_reached":40,"playtime":3006,"items_purged":["Clumsy"],"score":474,"play_id":"0e15fc2c-a40e-45bb-9cb7-dd3bf009ea79","local_time":"20190706005401","is_ascension_mode":true,"campfire_choices":[{"data":"Survivor","floor":6,"key":"SMITH"},{"floor":13,"key":"REST"},{"data":"Noxious Fumes","floor":15,"key":"SMITH"},{"floor":23,"key":"REST"},{"floor":25,"key":"REST"},{"floor":29,"key":"REST"},{"data":"Finisher","floor":32,"key":"SMITH"}],"neow_cost":"NONE","seed_source_timestamp":1299605755498,"circlet_count":0,"master_deck":["Strike_G","Strike_G","Strike_G","Strike_G","Defend_G","Defend_G","Defend_G","Defend_G","Survivor+1","Neutralize","Sucker Punch","Acrobatics","Poisoned Stab+1","Flying Knee","Heel Hook+1","Noxious Fumes+1","Bouncing Flask","Die Die Die","Parasite","Quick Slash","Terror","Dagger Throw","Noxious Fumes+1","Finisher+1","Flying Knee","Writhe","A Thousand Cuts","Distraction+1","Dash+1","Bane+1"],"relics":["Ring of the Snake","Pantograph","Gremlin Horn","Vajra","Whetstone","Orichalcum","Calling Bell","Old Coin","Darkstone Periapt","Tiny Chest","Regal Pillow","Bag of Preparation","DollysMirror","Dodecahedron","MawBank","Boot","Velvet Choker","Blue Candle"],"potions_floor_usage":[14,16,16,20,24,30,33,33,37,40],"damage_taken":[{"damage":1,"enemies":"Jaw Worm","floor":1,"turns":6},{"damage":0,"enemies":"Small Slimes","floor":5,"turns":3},{"damage":0,"enemies":"Cultist","floor":7,"turns":3},{"damage":19,"enemies":"Lagavulin","floor":8,"turns":8},{"damage":4,"enemies":"Blue Slaver","floor":10,"turns":3},{"damage":18,"enemies":"3 Sentries","floor":11,"turns":9},{"damage":9,"enemies":"Lagavulin","floor":14,"turns":5},{"damage":22,"enemies":"Slime Boss","floor":16,"turns":6},{"damage":22,"enemies":"3 Byrds","floor":18,"turns":6},{"damage":13,"enemies":"2 Thieves","floor":19,"turns":4},{"damage":27,"enemies":"Cultist and Chosen","floor":20,"turns":5},{"damage":9,"enemies":"Snecko","floor":21,"turns":4},{"damage":13,"enemies":"Centurion and Healer","floor":24,"turns":6},{"damage":11,"enemies":"3 Cultists","floor":27,"turns":4},{"damage":25,"enemies":"Shelled Parasite and Fungi","floor":28,"turns":5},{"damage":15,"enemies":"Gremlin Leader","floor":30,"turns":5},{"damage":49,"enemies":"Collector","floor":33,"turns":7},{"damage":17,"enemies":"3 Shapes","floor":35,"turns":5},{"damage":11,"enemies":"3 Darklings","floor":37,"turns":5},{"damage":24,"enemies":"Sphere and 2 Shapes","floor":38,"turns":6},{"damage":54,"enemies":"Giant Head","floor":40,"turns":6}],"seed_played":"1200064413560852809","potions_obtained":[{"floor":1,"key":"SteroidPotion"},{"floor":10,"key":"Swift Potion"},{"floor":11,"key":"Block Potion"},{"floor":16,"key":"EssenceOfSteel"},{"floor":21,"key":"Fire Potion"},{"floor":24,"key":"SpeedPotion"},{"floor":27,"key":"Regen Potion"},{"floor":30,"key":"AttackPotion"},{"floor":35,"key":"SpeedPotion"}],"is_trial":false,"path_per_floor":["M","?","?","?","M","R","M","E","T","M","E","?","R","E","R","B",null,"M","M","M","M","$","R","M","R","T","M","M","R","E","?","R","B",null,"M","?","M","M","T","E"],"character_chosen":"THE_SILENT","items_purchased":["Dagger Throw","Regal Pillow","Bag of Preparation","DollysMirror","Block Potion"],"campfire_rested":4,"item_purchase_floors":[22,22,22,22,22],"current_hp_per_floor":[76,73,73,73,73,73,73,54,54,50,32,32,55,46,46,49,77,55,42,15,6,6,44,31,69,69,58,33,71,56,62,62,48,83,66,66,55,31,31,0],"gold":509,"neow_bonus":"TEN_PERCENT_HP_BONUS","is_prod":false,"is_daily":false,"chose_seed":false,"campfire_upgraded":3,"win_rate":0,"timestamp":1562367241,"path_taken":["M","?","?","?","?","R","M","E","T","M","E","?","R","E","R","BOSS","M","?","M","M","$","R","M","R","T","M","M","R","E","?","R","BOSS","M","?","?","?","?","E"],"build_version":"2019-07-05","purchased_purges":1,"victory":false,"max_hp_per_floor":[77,77,77,77,77,77,77,77,77,77,77,77,77,77,77,77,77,77,77,77,77,77,77,77,77,77,77,77,77,77,83,83,83,83,83,83,83,83,83,83],"card_choices":[{"not_picked":["Distraction","Acrobatics"],"picked":"Sucker Punch","floor":1},{"not_picked":["Tactician","Underhanded Strike"],"picked":"Acrobatics","floor":5},{"not_picked":["Underhanded Strike","Bane"],"picked":"Poisoned Stab","floor":7},{"not_picked":["Predator","Dodge and Roll"],"picked":"Flying Knee","floor":8},{"not_picked":["Blade Dance","Slice"],"picked":"Heel Hook","floor":10},{"not_picked":["Die Die Die","Skewer"],"picked":"Noxious Fumes","floor":11},{"not_picked":["Tactician","All Out Attack"],"picked":"Bouncing Flask","floor":14},{"not_picked":["Bullet Time","Unload"],"picked":"Die Die Die","floor":16},{"not_picked":["Poisoned Stab","Outmaneuver"],"picked":"Quick Slash","floor":18},{"not_picked":["PiercingWail+1","Poisoned Stab","Prepared"],"picked":"SKIP","floor":19},{"not_picked":["Predator","Underhanded Strike"],"picked":"Terror","floor":20},{"not_picked":["Blur","Bullet Time","Dodge and Roll"],"picked":"SKIP","floor":21},{"not_picked":["Blur","Dagger Throw","Poisoned Stab"],"picked":"SKIP","floor":24},{"not_picked":["Underhanded Strike","Dodge and Roll","Dagger Spray"],"picked":"SKIP","floor":27},{"not_picked":["Slice","Escape Plan"],"picked":"Finisher","floor":28},{"not_picked":["Deadly Poison","Flechettes"],"picked":"Flying Knee","floor":30},{"not_picked":["Corpse Explosion","Doppelganger"],"picked":"A Thousand Cuts","floor":33},{"not_picked":["Flying Knee","Predator"],"picked":"Distraction+1","floor":35},{"not_picked":["Escape Plan+1","Endless Agony"],"picked":"Dash+1","floor":37},{"not_picked":["Terror+1","Calculated Gamble"],"picked":"Bane+1","floor":38}],"player_experience":50153,"relics_obtained":[{"floor":8,"key":"Gremlin Horn"},{"floor":9,"key":"Vajra"},{"floor":11,"key":"Whetstone"},{"floor":14,"key":"Orichalcum"},{"floor":17,"key":"Old Coin"},{"floor":17,"key":"Darkstone Periapt"},{"floor":17,"key":"Tiny Chest"},{"floor":26,"key":"Dodecahedron"},{"floor":30,"key":"MawBank"},{"floor":39,"key":"Blue Candle"}],"event_choices":[{"damage_healed":0,"gold_gain":0,"player_choice":"Success","damage_taken":3,"relics_obtained":["Pantograph"],"max_hp_gain":0,"max_hp_loss":0,"event_name":"Scrap Ooze","floor":2,"gold_loss":0},{"cards_removed":["Strike_G"],"damage_healed":0,"gold_gain":0,"player_choice":"Forget","damage_taken":0,"max_hp_gain":0,"max_hp_loss":0,"event_name":"Living Wall","floor":3,"gold_loss":0},{"cards_removed":["Defend_G"],"damage_healed":0,"gold_gain":0,"player_choice":"Purged","damage_taken":0,"max_hp_gain":0,"max_hp_loss":0,"event_name":"Purifier","floor":4,"gold_loss":0},{"damage_healed":0,"gold_gain":100,"player_choice":"Gold","damage_taken":0,"max_hp_gain":0,"max_hp_loss":0,"event_name":"Wheel of Change","floor":12,"gold_loss":0},{"damage_healed":0,"gold_gain":0,"player_choice":"Opened","damage_taken":0,"relics_obtained":["Boot"],"max_hp_gain":0,"max_hp_loss":0,"event_name":"The Mausoleum","floor":31,"gold_loss":0,"cards_obtained":["Writhe"]},{"cards_removed":["Injury"],"damage_healed":0,"gold_gain":0,"player_choice":"Card Removal","damage_taken":0,"max_hp_gain":0,"max_hp_loss":0,"event_name":"Wheel of Change","floor":36,"gold_loss":0}],"is_beta":false,"boss_relics":[{"not_picked":["Ring of the Serpent","Runic Dome"],"picked":"Calling Bell"},{"not_picked":["Tiny House","Astrolabe"],"picked":"Velvet Choker"}],"items_purged_floors":[22],"is_endless":false,"potions_floor_spawned":[1,10,11,16,21,24,27,30,35],"killed_by":"Giant Head","ascension_level":1}