{"gold_per_floor":[114,114,289,304,319,349,349,364,389,404,419,449,449,464,464,564,564,579,342,357,632,647,647,647,121,171,171,186,186,201,201],"floor_reached":31,"playtime":2249,"items_purged":["Regret"],"score":269,"play_id":"8e8cb4a1-5369-443e-a125-afacd147193c","local_time":"20190507210729","daily_mods":["Draft","Green Cards","Binary"],"is_ascension_mode":false,"campfire_choices":[{"data":"White Noise","floor":7.0,"key":"SMITH"},{"data":"Caltrops","floor":15.0,"key":"SMITH"},{"floor":24,"key":"REST"},{"floor":27,"key":"REST"},{"floor":29,"key":"REST"}],"neow_cost":"","seed_source_timestamp":0,"circlet_count":0,"master_deck":["Bane","Rip and Tear","White Noise+1","Backflip","Sweeping Beam","Beam Cell","Hello World","Acrobatics","Poisoned Stab","Caltrops","Backflip","Turbo","Conserve Battery","Sweeping Beam","Conserve Battery","Turbo","Infinite Blades","Caltrops+1","Dagger Throw","Electrodynamics","Conserve Battery","Static Discharge","Double Energy","Envenom","Footwork+1","Noxious Fumes","Well Laid Plans","Skewer","Biased Cognition","Bandage Up","Sweeping Beam+1","Force Field+1"],"special_seed":18023,"relics":["Cracked Core","Question Card","Blood Vial","Oddly Smooth Stone","NlothsMask","Empty Cage","TheAbacus","Cauldron"],"potions_floor_usage":[20,22,23,23,28,28,28,31],"damage_taken":[{"damage":0.0,"enemies":"Small Slimes","floor":1.0,"turns":2.0},{"damage":6.0,"enemies":"2 Louse","floor":4.0,"turns":2.0},{"damage":1.0,"enemies":"Cultist","floor":5.0,"turns":3.0},{"damage":9.0,"enemies":"3 Sentries","floor":6.0,"turns":5.0},{"damage":0.0,"enemies":"Lots of Slimes","floor":8.0,"turns":2.0},{"damage":12.0,"enemies":"3 Louse","floor":10.0,"turns":2.0},{"damage":7.0,"enemies":"Red Slaver","floor":11.0,"turns":3.0},{"damage":12.0,"enemies":"Lagavulin","floor":12.0,"turns":4.0},{"damage":0.0,"enemies":"Lots of Slimes","floor":14.0,"turns":3.0},{"damage":16.0,"enemies":"Hexaghost","floor":16.0,"turns":5.0},{"damage":10,"enemies":"Spheric Guardian","floor":18,"turns":4},{"damage":46,"enemies":"2 Thieves","floor":20,"turns":3},{"damage":27,"enemies":"Snecko","floor":22,"turns":6},{"damage":0,"enemies":"Gremlin Leader","floor":23,"turns":3},{"damage":43,"enemies":"3 Cultists","floor":28,"turns":5},{"damage":19,"enemies":"Sentry and Sphere","floor":30,"turns":4},{"damage":28,"enemies":"Snake Plant","floor":31,"turns":2}],"seed_played":"-4448055644271088173","potions_obtained":[{"floor":1.0,"key":"Dexterity Potion"},{"floor":6.0,"key":"Fire Potion"},{"floor":10.0,"key":"SmokeBomb"},{"floor":16.0,"key":"Regen Potion"},{"floor":22,"key":"Fire Potion"},{"floor":25,"key":"SkillPotion"},{"floor":25,"key":"FocusPotion"},{"floor":25,"key":"Poison Potion"},{"floor":28,"key":"FearPotion"}],"is_trial":false,"path_per_floor":["M","$","?","M","M","E","R","M","T","M","M","E","?","M","R","B",null,"M","$","M","?","M","E","R","$","T","R","M","R","M","M"],"character_chosen":"DEFECT","items_purchased":["Noxious Fumes","TheAbacus","Biased Cognition","Cauldron","Bandage Up"],"campfire_rested":3,"item_purchase_floors":[19,19,25,25,25],"current_hp_per_floor":[75,75,75,69,68,59,59,59,59,49,44,34,34,36,36,22,75,65,65,30,30,5,7,29,29,29,51,14,36,19,0],"gold":201,"neow_bonus":"","is_prod":false,"is_daily":true,"chose_seed":false,"campfire_upgraded":2,"win_rate":0.0,"timestamp":1557277649,"path_taken":["M","$","?","M","M","E","R","M","T","M","M","E","?","?","R","BOSS","M","?","M","?","?","E","R","$","T","R","M","R","M","?"],"build_version":"2019-01-23","purchased_purges":1,"victory":false,"max_hp_per_floor":[75,75,75,75,75,75,75,75,75,75,75,75,75,75,75,75,75,75,75,75,75,75,75,75,75,75,75,75,75,75,75],"card_choices":[{"not_picked":["Endless Agony","Predator"],"picked":"Bane","floor":0.0},{"not_picked":["Eviscerate","Leap"],"picked":"Rip and Tear","floor":0.0},{"not_picked":["Self Repair","Infinite Blades"],"picked":"White Noise","floor":0.0},{"not_picked":["Deadly Poison","Underhanded Strike"],"picked":"Backflip","floor":0.0},{"not_picked":["Tempest","Conserve Battery"],"picked":"Sweeping Beam","floor":0.0},{"not_picked":["Deflect","Sucker Punch"],"picked":"Beam Cell","floor":0.0},{"not_picked":["Dagger Spray","Flying Knee"],"picked":"Hello World","floor":0.0},{"not_picked":["Underhanded Strike","Rebound"],"picked":"Acrobatics","floor":0.0},{"not_picked":["Skim","Beam Cell"],"picked":"Poisoned Stab","floor":0.0},{"not_picked":["Go for the Eyes","Cold Snap"],"picked":"Caltrops","floor":0.0},{"not_picked":["Bane","Stack"],"picked":"Backflip","floor":0.0},{"not_picked":["Genetic Algorithm","Coolheaded"],"picked":"Turbo","floor":0.0},{"not_picked":["Self Repair","Cold Snap"],"picked":"Conserve Battery","floor":0.0},{"not_picked":["Loop","Poisoned Stab"],"picked":"Sweeping Beam","floor":0.0},{"not_picked":["Rebound","Redo"],"picked":"Conserve Battery","floor":0.0},{"not_picked":["Masterful Stab"],"picked":"Turbo","floor":1.0},{"not_picked":["Coolheaded"],"picked":"Infinite Blades","floor":4.0},{"not_picked":["Cold Snap"],"picked":"Caltrops","floor":5.0},{"not_picked":["Fusion"],"picked":"Dagger Throw","floor":6.0},{"not_picked":["Sucker Punch","Bane"],"picked":"Electrodynamics","floor":8.0},{"not_picked":["Setup","Steam"],"picked":"Conserve Battery","floor":10.0},{"not_picked":["Acrobatics","Coolheaded"],"picked":"Static Discharge","floor":11.0},{"not_picked":["Heel Hook","Steam Power"],"picked":"Double Energy","floor":12.0},{"not_picked":["BootSequence","Terror"],"picked":"Steam Power","floor":14.0},{"not_picked":["Fission","Burst"],"picked":"Envenom","floor":16.0},{"not_picked":["Blizzard","BootSequence"],"picked":"Footwork+1","floor":18},{"not_picked":["Conserve Battery+1","Streamline"],"picked":"Well Laid Plans","floor":20},{"not_picked":["Expertise","Static Discharge"],"picked":"Skewer","floor":22},{"not_picked":["Dagger Spray","Backflip+1"],"picked":"Sweeping Beam+1","floor":28},{"not_picked":["Calculated Gamble","Conserve Battery+1"],"picked":"Force Field+1","floor":30}],"player_experience":65329,"relics_obtained":[{"floor":6.0,"key":"Question Card"},{"floor":9.0,"key":"Blood Vial"},{"floor":12.0,"key":"Oddly Smooth Stone"}],"event_choices":[{"damage_healed":0.0,"max_hp_gain":0.0,"max_hp_loss":0.0,"gold_gain":175.0,"event_name":"Liars Game","player_choice":"AGREE","floor":3.0,"gold_loss":0.0,"damage_taken":0.0,"cards_obtained":["Doubt"]},{"damage_healed":0.0,"max_hp_gain":0.0,"max_hp_loss":0.0,"gold_gain":0.0,"event_name":"FaceTrader","player_choice":"Trade","floor":13.0,"gold_loss":0.0,"damage_taken":0.0,"relics_obtained":["NlothsMask"]},{"damage_healed":0,"gold_gain":275,"player_choice":"Desecrate","damage_taken":0,"max_hp_gain":0,"max_hp_loss":0,"event_name":"Golden Shrine","floor":21,"gold_loss":0,"cards_obtained":["Regret"]}],"is_beta":false,"boss_relics":[{"not_picked":["Runic Dome","Ectoplasm"],"picked":"Empty Cage"}],"items_purged_floors":[25],"is_endless":false,"potions_floor_spawned":[1,6,10,16,22,28],"killed_by":"Snake Plant","ascension_level":0}