{"gold_per_floor":[361,436,447,96,109,109,133,133,213,248,248,266,266,299,299,375,375,395,414,192,192,210,210,229,229,229,242,117,117,117,117],"floor_reached":31,"playtime":1333,"items_purged":["Decay","Strike_B","Writhe"],"score":426,"play_id":"a22d8d7c-2b70-4942-8b19-ae1a5b3414c5","local_time":"20190713223556","is_ascension_mode":true,"campfire_choices":[{"data":"Zap","floor":6.0,"key":"SMITH"},{"floor":11.0,"key":"REST"},{"data":"Rip and Tear","floor":13.0,"key":"SMITH"},{"floor":15.0,"key":"REST"},{"data":"Fusion","floor":23.0,"key":"SMITH"},{"data":"Loop","floor":25.0,"key":"SMITH"},{"floor":30.0,"key":"REST"}],"neow_cost":"CURSE","seed_source_timestamp":102686222397676,"circlet_count":0,"master_deck":["AscendersBane","Defend_B","Defend_B","Defend_B","Defend_B","Zap+1","Dualcast","Cold Snap","Capacitor","Rip and Tear+1","Darkness+1","Conserve Battery","Conserve Battery","Echo Form","Multi-Cast","Fusion+1","Doom and Gloom","Loop+1","Bite","Bite","Bite","Bite","Bite"],"special_seed":0,"relics":["Cracked Core","Pantograph","Odd Mushroom","Gremlin Horn","Mercury Hourglass","Gambling Chip","Black Star","Kunai","Blue Candle"],"potions_floor_usage":[],"damage_taken":[{"damage":0.0,"enemies":"Small Slimes","floor":1.0,"turns":3.0},{"damage":9.0,"enemies":"2 Louse","floor":3.0,"turns":2.0},{"damage":0.0,"enemies":"Cultist","floor":5.0,"turns":3.0},{"damage":12.0,"enemies":"The Mushroom Lair","floor":7.0,"turns":5.0},{"damage":16.0,"enemies":"3 Sentries","floor":10.0,"turns":5.0},{"damage":4.0,"enemies":"Looter","floor":12.0,"turns":3.0},{"damage":22.0,"enemies":"Gremlin Nob","floor":14.0,"turns":4.0},{"damage":14.0,"enemies":"The Guardian","floor":16.0,"turns":9.0},{"damage":2.0,"enemies":"Spheric Guardian","floor":18.0,"turns":3.0},{"damage":6.0,"enemies":"Chosen","floor":19.0,"turns":5.0},{"damage":20.0,"enemies":"Centurion and Healer","floor":22.0,"turns":5.0},{"damage":16.0,"enemies":"Snecko","floor":24.0,"turns":4.0},{"damage":21.0,"enemies":"Snake Plant","floor":27.0,"turns":3.0},{"damage":28,"enemies":"Book of Stabbing","floor":31,"turns":3}],"seed_played":"2043746834340821289","potions_obtained":[{"floor":1.0,"key":"AttackPotion"},{"floor":7.0,"key":"LiquidBronze"},{"floor":12.0,"key":"Explosive Potion"},{"floor":16.0,"key":"FocusPotion"}],"is_trial":false,"path_per_floor":["?","?","?","M","?","?"],"character_chosen":"DEFECT","items_purchased":["Rip and Tear","Pantograph","Fusion","Doom and Gloom"],"campfire_rested":3,"item_purchase_floors":[4,4,20,20],"current_hp_per_floor":[68,57,48,48,48,48,36,36,36,20,42,38,38,16,38,49,69,67,61,61,61,41,41,25,25,25,4,4,4,19,0],"gold":117,"neow_bonus":"TWO_FIFTY_GOLD","is_prod":false,"is_daily":false,"chose_seed":false,"campfire_upgraded":4,"win_rate":0,"timestamp":1563046556,"path_taken":["M","?","M","$","M","R","?","?","T","E","R","?","R","E","R","BOSS","M","M","$","?","M","R","M","R","T","M","$","?","R","E"],"build_version":"2019-01-23","purchased_purges":3,"victory":false,"max_hp_per_floor":[75,75,75,75,75,75,75,75,75,75,75,75,75,75,75,75,75,75,75,75,75,75,75,75,75,75,75,75,52,52,52],"card_choices":[{"not_picked":["Rip and Tear","Turbo"],"picked":"Cold Snap","floor":1.0},{"not_picked":["Leap","Redo"],"picked":"Capacitor","floor":3.0},{"not_picked":["Rip and Tear","Gash","Leap"],"picked":"SKIP","floor":5.0},{"not_picked":["Genetic Algorithm","Go for the Eyes"],"picked":"Darkness","floor":7.0},{"not_picked":["All For One","Reprogram","Go for the Eyes"],"picked":"SKIP","floor":10.0},{"not_picked":["Reinforced Body","Rebound"],"picked":"Conserve Battery","floor":12.0},{"not_picked":["Aggregate","Chill"],"picked":"Conserve Battery","floor":14.0},{"not_picked":["Reboot","Buffer"],"picked":"Echo Form","floor":16.0},{"not_picked":["Steam","Stack+1","Go for the Eyes"],"picked":"SKIP","floor":18.0},{"not_picked":["Redo","Streamline"],"picked":"Multi-Cast","floor":19.0},{"not_picked":["Reprogram","Go for the Eyes"],"picked":"Loop","floor":22.0},{"not_picked":["Leap","Turbo","Doom and Gloom"],"picked":"SKIP","floor":24.0},{"not_picked":["Conserve Battery","Sweeping Beam","Barrage"],"picked":"SKIP","floor":27.0}],"player_experience":402669,"relics_obtained":[{"floor":7.0,"key":"Odd Mushroom"},{"floor":9.0,"key":"Gremlin Horn"},{"floor":10.0,"key":"Mercury Hourglass"},{"floor":14.0,"key":"Gambling Chip"},{"floor":26.0,"key":"Blue Candle"}],"event_choices":[{"damage_healed":0.0,"max_hp_gain":0.0,"max_hp_loss":0.0,"gold_gain":75.0,"event_name":"World of Goop","player_choice":"Gather Gold","floor":2.0,"gold_loss":0.0,"damage_taken":11.0},{"damage_healed":0.0,"max_hp_gain":0.0,"max_hp_loss":0.0,"gold_gain":0.0,"event_name":"Mushrooms","player_choice":"Fought Mushrooms","floor":7.0,"gold_loss":0.0,"damage_taken":0.0},{"damage_healed":0.0,"max_hp_gain":0.0,"max_hp_loss":0.0,"gold_gain":0.0,"event_name":"Upgrade Shrine","player_choice":"Upgraded","floor":8.0,"gold_loss":0.0,"damage_taken":0.0,"cards_upgraded":["Darkness"]},{"damage_healed":0.0,"max_hp_gain":0.0,"max_hp_loss":0.0,"gold_gain":0.0,"event_name":"The Mausoleum","player_choice":"Opened","floor":21.0,"gold_loss":0.0,"damage_taken":0.0,"relics_obtained":["Kunai"],"cards_obtained":["Writhe"]},{"damage_healed":0.0,"max_hp_gain":0.0,"max_hp_loss":23.0,"gold_gain":0.0,"event_name":"Vampires","player_choice":"Became a vampire","floor":29.0,"gold_loss":0.0,"damage_taken":0.0,"cards_obtained":["Bite","Bite","Bite","Bite","Bite"]}],"is_beta":false,"boss_relics":[{"not_picked":["Runic Dome","Fusion Hammer"],"picked":"Black Star"}],"items_purged_floors":[4,20,28],"is_endless":false,"potions_floor_spawned":[1,7,12,16,19,27],"killed_by":"Book of Stabbing","ascension_level":13}