{"gold_per_floor":[113,113,113,132,144,144,171,224,224,224,251,326,326,343,343,446,446,460,56,56,56,56,84,84,412,412,439,456,489,521,567,579,695,707,737,769,797,827,25,90,125,155,182,209,221,15,15,28,28,28],"floor_reached":51,"playtime":12351,"items_purged":["Defend_R","Searing Blow+1","Strike_R+1"],"score":1133,"play_id":"dd690a90-6f5e-4219-921c-2981fc66eb0c","local_time":"20190715170749","is_ascension_mode":true,"campfire_choices":[{"data":"Searing Blow","floor":6.0,"key":"SMITH"},{"floor":15.0,"key":"REST"},{"data":"J.A.X.","floor":24.0,"key":"SMITH"},{"floor":32.0,"key":"REST"},{"data":"Fiend Fire","floor":49,"key":"SMITH"}],"neow_cost":"NONE","seed_source_timestamp":243803712342432,"circlet_count":0,"master_deck":["Strike_R+1","Strike_R+1","Strike_R+1","Defend_R+1","Defend_R+1","Defend_R+1","Bash","Battle Trance","Thunderclap","Anger","Shrug It Off","Fiend Fire+1","Disarm","Uppercut","True Grit","Immolate","Disarm","Seeing Red","J.A.X.+1","Sword Boomerang+1","Feel No Pain","Feed","Shrug It Off","Battle Trance","Inflame","Reaper","Iron Wave+1","Pommel Strike+1","Infernal Blade+1","Shockwave+1","Flame Barrier+1","Reckless Charge+1","Inflame+1","Heavy Blade+1","Spot Weakness+1","Corruption+1","Feel No Pain"],"special_seed":0,"relics":["Burning Blood","WarpedTongs","Orichalcum","Red Skull","Pocketwatch","PreservedInsect","Orrery","Bottled Lightning","Matryoshka","Old Coin","Bag of Marbles","Gambling Chip","Lantern","MawBank","Toxic Egg 2","Sozu","Incense Burner","WingedGreaves","Tiny Chest","Prayer Wheel","Champion Belt","Pen Nib","Vajra","Bird Faced Urn"],"potions_floor_usage":[50,50,50],"damage_taken":[{"damage":2.0,"enemies":"2 Louse","floor":1.0,"turns":4.0},{"damage":13.0,"enemies":"Jaw Worm","floor":4.0,"turns":4.0},{"damage":4.0,"enemies":"Cultist","floor":5.0,"turns":4.0},{"damage":36.0,"enemies":"Gremlin Nob","floor":7.0,"turns":4.0},{"damage":6.0,"enemies":"3 Sentries","floor":11.0,"turns":5.0},{"damage":4.0,"enemies":"Exordium Thugs","floor":14.0,"turns":3.0},{"damage":16.0,"enemies":"The Guardian","floor":16.0,"turns":13.0},{"damage":4.0,"enemies":"Chosen","floor":18.0,"turns":3.0},{"damage":19.0,"enemies":"Book of Stabbing","floor":23.0,"turns":4.0},{"damage":6.0,"enemies":"Gremlin Leader","floor":25.0,"turns":4.0},{"damage":12.0,"enemies":"Slavers","floor":27.0,"turns":3.0},{"damage":3.0,"enemies":"2 Thieves","floor":28.0,"turns":2.0},{"damage":16.0,"enemies":"Book of Stabbing","floor":29.0,"turns":4.0},{"damage":8.0,"enemies":"Centurion and Healer","floor":30.0,"turns":4.0},{"damage":16.0,"enemies":"Slavers","floor":31.0,"turns":3.0},{"damage":56.0,"enemies":"Champ","floor":33.0,"turns":8.0},{"damage":3.0,"enemies":"Orb Walker","floor":35.0,"turns":2.0},{"damage":6.0,"enemies":"3 Darklings","floor":36.0,"turns":3.0},{"damage":12.0,"enemies":"4 Shapes","floor":37.0,"turns":5.0},{"damage":3.0,"enemies":"Sphere and 2 Shapes","floor":38.0,"turns":3.0},{"damage":22.0,"enemies":"Giant Head","floor":40.0,"turns":7.0},{"damage":21.0,"enemies":"Reptomancer","floor":41.0,"turns":3.0},{"damage":5.0,"enemies":"Giant Head","floor":42.0,"turns":3.0},{"damage":5.0,"enemies":"Nemesis","floor":44.0,"turns":5.0},{"damage":7,"enemies":"Writhing Mass","floor":45,"turns":3},{"damage":10,"enemies":"Maw","floor":48,"turns":5},{"damage":37,"enemies":"Donu and Deca","floor":50,"turns":6}],"seed_played":"-4951433136217356109","potions_obtained":[{"floor":1.0,"key":"Swift Potion"},{"floor":4.0,"key":"FearPotion"},{"floor":14.0,"key":"Weak Potion"},{"floor":25.0,"key":"Regen Potion"}],"is_trial":false,"path_per_floor":["?","?","M","T","?","?","?","?","?","?","M","?"],"character_chosen":"IRONCLAD","items_purchased":["Bottled Lightning","Disarm","Incense Burner","Flame Barrier+1","Infernal Blade+1","WingedGreaves","Feel No Pain"],"campfire_rested":2,"item_purchase_floors":[19,19,39,39,39,39,46],"current_hp_per_floor":[80,64,64,57,59,59,29,29,29,22,22,11,11,13,37,27,67,69,69,69,69,69,56,56,56,56,50,53,46,44,37,62,12,68,71,86,89,92,92,92,80,81,81,92,92,92,92,90,90,86],"gold":28,"neow_bonus":"REMOVE_CARD","is_prod":false,"is_daily":false,"chose_seed":false,"campfire_upgraded":3,"win_rate":0,"timestamp":1563199669,"path_taken":["M","?","?","?","M","R","E","?","T","?","E","?","?","M","R","BOSS","M","$","?","?","?","E","R","E","T","E","?","E","M","E","R","BOSS","M","M","M","M","$","E","E","E","T","E","M","$","?","M","R","BOSS"],"build_version":"2019-01-23","purchased_purges":3,"victory":true,"max_hp_per_floor":[80,80,80,80,80,80,80,80,80,80,80,80,80,80,80,80,80,80,80,80,80,80,80,80,80,80,80,80,83,83,86,86,86,86,86,86,89,92,92,92,92,92,92,92,92,92,92,92,92,95],"card_choices":[{"not_picked":["Pommel Strike","True Grit"],"picked":"Searing Blow","floor":1.0},{"not_picked":["Inflame","Ghostly Armor"],"picked":"Battle Trance","floor":4.0},{"not_picked":["Havoc","Intimidate"],"picked":"Thunderclap","floor":5.0},{"not_picked":["Power Through","Burning Pact"],"picked":"Anger","floor":7.0},{"not_picked":["Berserk","Anger"],"picked":"Shrug It Off","floor":11.0},{"not_picked":["Armaments","Sword Boomerang","Blood for Blood"],"picked":"SKIP","floor":14.0},{"not_picked":["Immolate","Reaper"],"picked":"Fiend Fire","floor":16.0},{"not_picked":["Dual Wield","Warcry"],"picked":"Disarm","floor":17.0},{"not_picked":["Blood for Blood","Shrug It Off"],"picked":"Uppercut","floor":17.0},{"not_picked":["Havoc","Body Slam"],"picked":"True Grit","floor":17.0},{"not_picked":["Twin Strike","Bloodletting"],"picked":"Immolate","floor":18.0},{"not_picked":["Fire Breathing","Searing Blow"],"picked":"Sword Boomerang+1","floor":23.0},{"not_picked":["Clothesline","Sentinel+1"],"picked":"Feel No Pain","floor":25.0},{"not_picked":["Cleave","Seeing Red"],"picked":"Feed","floor":27.0},{"not_picked":["Wild Strike","Havoc+1"],"picked":"Shrug It Off","floor":28.0},{"not_picked":["Body Slam","Reaper"],"picked":"Battle Trance","floor":29.0},{"not_picked":["Sentinel","True Grit"],"picked":"Inflame","floor":30.0},{"not_picked":["Wild Strike","Ghostly Armor","Flex"],"picked":"SKIP","floor":31.0},{"not_picked":["Bludgeon","Juggernaut"],"picked":"Reaper","floor":33.0},{"not_picked":["Thunderclap","Sword Boomerang"],"picked":"Iron Wave+1","floor":35.0},{"not_picked":["Rage+1","Iron Wave+1"],"picked":"Pommel Strike+1","floor":36.0},{"not_picked":["Shrug It Off+1","Cleave"],"picked":"Infernal Blade+1","floor":37.0},{"not_picked":["Sentinel+1","Wild Strike+1"],"picked":"Shockwave+1","floor":38.0},{"not_picked":["Burning Pact+1","Battle Trance+1"],"picked":"Reckless Charge+1","floor":40.0},{"not_picked":["Evolve","Perfected Strike"],"picked":"Inflame+1","floor":41.0},{"not_picked":["Bludgeon","Body Slam"],"picked":"Heavy Blade+1","floor":42.0},{"not_picked":["Reckless Charge","Bludgeon"],"picked":"Spot Weakness+1","floor":44.0},{"not_picked":["Searing Blow","Shockwave+1"],"picked":"Corruption+1","floor":45},{"not_picked":["Flex+1","Thunderclap+1","Twin Strike+1"],"picked":"SKIP","floor":45},{"not_picked":["Armaments+1","Thunderclap","Pommel Strike+1"],"picked":"SKIP","floor":48},{"not_picked":["Anger","Cleave","Iron Wave+1"],"picked":"SKIP","floor":48}],"player_experience":434735,"relics_obtained":[{"floor":7.0,"key":"Orichalcum"},{"floor":8.0,"key":"Red Skull"},{"floor":9.0,"key":"Pocketwatch"},{"floor":11.0,"key":"PreservedInsect"},{"floor":23.0,"key":"Matryoshka"},{"floor":25.0,"key":"Old Coin"},{"floor":26.0,"key":"Bag of Marbles"},{"floor":26.0,"key":"Gambling Chip"},{"floor":27.0,"key":"Lantern"},{"floor":29.0,"key":"MawBank"},{"floor":31.0,"key":"Toxic Egg 2"},{"floor":40.0,"key":"Tiny Chest"},{"floor":41.0,"key":"Prayer Wheel"},{"floor":42.0,"key":"Champion Belt"},{"floor":43.0,"key":"Pen Nib"},{"floor":43.0,"key":"Vajra"},{"floor":44.0,"key":"Bird Faced Urn"}],"event_choices":[{"damage_healed":0.0,"max_hp_gain":0.0,"max_hp_loss":0.0,"gold_gain":0.0,"event_name":"Shining Light","player_choice":"Entered Light","floor":2.0,"gold_loss":0.0,"damage_taken":16.0,"cards_upgraded":["Strike_R","Defend_R"]},{"damage_healed":0.0,"max_hp_gain":0.0,"max_hp_loss":0.0,"gold_gain":0.0,"event_name":"Accursed Blacksmith","player_choice":"Rummage","floor":3.0,"gold_loss":0.0,"damage_taken":0.0,"relics_obtained":["WarpedTongs"],"cards_obtained":["Pain"]},{"cards_removed":["Pain"],"damage_healed":0.0,"max_hp_gain":0.0,"max_hp_loss":0.0,"gold_gain":0.0,"event_name":"Golden Wing","player_choice":"Card Removal","floor":10.0,"gold_loss":0.0,"damage_taken":7.0},{"damage_healed":0.0,"max_hp_gain":0.0,"max_hp_loss":0.0,"gold_gain":75.0,"event_name":"World of Goop","player_choice":"Gather Gold","floor":12.0,"gold_loss":0.0,"damage_taken":11.0},{"damage_healed":0.0,"max_hp_gain":0.0,"max_hp_loss":0.0,"gold_gain":0.0,"event_name":"Liars Game","player_choice":"Ignored","floor":13.0,"gold_loss":0.0,"damage_taken":0.0},{"damage_healed":0.0,"max_hp_gain":0.0,"max_hp_loss":0.0,"gold_gain":0.0,"event_name":"The Library","player_choice":"Read","floor":20.0,"gold_loss":0.0,"damage_taken":0.0,"cards_obtained":["Seeing Red"]},{"damage_healed":0.0,"max_hp_gain":0.0,"max_hp_loss":0.0,"gold_gain":0.0,"event_name":"Back to Basics","player_choice":"Simplicity","floor":21.0,"gold_loss":0.0,"damage_taken":0.0,"cards_upgraded":["Strike_R","Strike_R","Strike_R","Defend_R","Defend_R"]},{"damage_healed":0.0,"max_hp_gain":0.0,"max_hp_loss":0.0,"gold_gain":0.0,"event_name":"Drug Dealer","player_choice":"Obtain J.A.X.","floor":22.0,"gold_loss":0.0,"damage_taken":0.0,"cards_obtained":["J.A.X."]},{"cards_removed":["Infernal Blade"],"damage_healed":0,"gold_gain":0,"player_choice":"Removed Skill","damage_taken":0,"max_hp_gain":0,"max_hp_loss":0,"event_name":"Falling","floor":47,"gold_loss":0}],"is_beta":false,"boss_relics":[{"not_picked":["Calling Bell","White Beast Statue"],"picked":"Orrery"},{"not_picked":["Mark of Pain","Pandora\u0027s Box"],"picked":"Sozu"}],"items_purged_floors":[19,39,46],"is_endless":false,"potions_floor_spawned":[1,4,14,18,25,30,31,35,38,41,44,45,48],"ascension_level":5}