{"gold_per_floor":[114,129,129,144,144,144,33,52,102,121,76,95,95,114,114,239,239,258,277,202,2,21,21,40,59,84,122,122,137,237,252,252,352,352,367,382,103,118,133,133,163,85,85,100,115,115,115,115,115,115],"floor_reached":51,"playtime":2077,"items_purged":["Barricade"],"score":820,"play_id":"bc13ed31-c70a-403a-a700-0060c941fedb","local_time":"20190518215832","daily_mods":["SealedDeck","Vintage","Lethality"],"is_ascension_mode":false,"campfire_choices":[{"floor":6,"key":"REST"},{"data":"Flex","floor":15,"key":"SMITH"},{"data":"Fire Breathing","floor":23,"key":"SMITH"},{"data":"Cleave","floor":32,"key":"SMITH"},{"data":"Pommel Strike","floor":40,"key":"SMITH"},{"data":"Pommel Strike","floor":46,"key":"SMITH"},{"data":"Headbutt","floor":49,"key":"SMITH"}],"neow_cost":"","seed_source_timestamp":0,"circlet_count":0,"master_deck":["Pommel Strike+1","Fire Breathing+1","Pommel Strike+1","Warcry+1","Headbutt+1","Headbutt+1","Warcry+1","Cleave+1","Flex+1","Jack Of All Trades+1","All For One+1","Warcry+1","Limit Break+1","Madness+1","Madness+1"],"special_seed":18035,"relics":["Burning Blood","Pen Nib","Centennial Puzzle","Mummified Hand","Bloody Idol","Champion Belt","Mercury Hourglass","Regal Pillow","Blue Candle","Letter Opener","Kunai","White Beast Statue","Bottled Flame","Gambling Chip","PrismaticShard","Pocketwatch","Sundial","Lantern","Omamori","Potion Belt","Orichalcum","Charon\u0027s Ashes","Toxic Egg 2","Meat on the Bone","Runic Pyramid","Molten Egg 2","Bottled Lightning","Vajra","Bronze Scales","Singing Bowl","FossilizedHelix","Paper Frog","Whetstone","Juzu Bracelet"],"potions_floor_usage":[10,18,18,22,27,27,29,30,30,33,33,38,38,41,44],"damage_taken":[{"damage":10.0,"enemies":"Small Slimes","floor":1.0,"turns":2.0},{"damage":14.0,"enemies":"Jaw Worm","floor":2.0,"turns":2.0},{"damage":0,"enemies":"2 Louse","floor":4,"turns":1},{"damage":0,"enemies":"Gremlin Gang","floor":8,"turns":1},{"damage":13,"enemies":"Exordium Thugs","floor":10,"turns":2},{"damage":0,"enemies":"3 Louse","floor":12,"turns":1},{"damage":0,"enemies":"Lots of Slimes","floor":14,"turns":1},{"damage":36,"enemies":"Slime Boss","floor":16,"turns":4},{"damage":0,"enemies":"Shell Parasite","floor":18,"turns":1},{"damage":26,"enemies":"2 Thieves","floor":19,"turns":2},{"damage":0,"enemies":"Centurion and Healer","floor":22,"turns":1},{"damage":30,"enemies":"Snake Plant","floor":24,"turns":2},{"damage":16,"enemies":"Cultist and Chosen","floor":25,"turns":2},{"damage":10,"enemies":"Book of Stabbing","floor":27,"turns":2},{"damage":15,"enemies":"Snecko","floor":29,"turns":3},{"damage":0,"enemies":"Colosseum Slavers","floor":30,"turns":1},{"damage":0,"enemies":"Colosseum Nobs","floor":30,"turns":1},{"damage":0,"enemies":"Snake Plant","floor":31,"turns":2},{"damage":50,"enemies":"Collector","floor":33,"turns":4},{"damage":6,"enemies":"3 Shapes","floor":35,"turns":1},{"damage":0,"enemies":"3 Darklings","floor":36,"turns":1},{"damage":23,"enemies":"Transient","floor":38,"turns":5},{"damage":0,"enemies":"Jaw Worm Horde","floor":39,"turns":2},{"damage":0,"enemies":"Reptomancer","floor":41,"turns":3},{"damage":6,"enemies":"4 Shapes","floor":44,"turns":1},{"damage":0,"enemies":"Spire Growth","floor":45,"turns":2},{"damage":9,"enemies":"Time Eater","floor":50,"turns":4}],"seed_played":"-6451152529473643589","potions_obtained":[{"floor":2,"key":"Strength Potion"},{"floor":8,"key":"Dexterity Potion"},{"floor":16,"key":"FearPotion"},{"floor":18,"key":"Ancient Potion"},{"floor":19,"key":"AttackPotion"},{"floor":22,"key":"Ancient Potion"},{"floor":24,"key":"EssenceOfSteel"},{"floor":25,"key":"EssenceOfSteel"},{"floor":27,"key":"Regen Potion"},{"floor":29,"key":"SteroidPotion"},{"floor":30,"key":"Poison Potion"},{"floor":31,"key":"SkillPotion"},{"floor":33,"key":"GamblersBrew"},{"floor":35,"key":"Energy Potion"},{"floor":36,"key":"SkillPotion"},{"floor":38,"key":"EssenceOfSteel"},{"floor":39,"key":"GamblersBrew"},{"floor":41,"key":"SteroidPotion"},{"floor":44,"key":"Fire Potion"},{"floor":45,"key":"BloodPotion"}],"is_trial":false,"path_per_floor":["M","M","?","M","?","R","?","M","T","M","$","M","$","M","R","B",null,"M","M","?","$","M","R","M","M","T","E","?","M","?","M","R","B",null,"M","M","$","M","M","R","E","$","T","M","M","R","?","?","R","B",null],"character_chosen":"IRONCLAD","items_purchased":["Flex","PrismaticShard","Vajra","Warcry+1","Limit Break+1"],"campfire_rested":1,"item_purchase_floors":[11,21,37,37,42],"current_hp_per_floor":[76,68,52,58,38,62,62,68,68,61,61,67,67,73,73,43,80,80,60,60,60,66,66,42,32,32,28,28,33,50,61,61,34,80,80,80,80,68,79,79,82,82,82,82,82,82,82,72,72,69],"gold":115,"neow_bonus":"","is_prod":false,"is_daily":true,"chose_seed":false,"campfire_upgraded":6,"win_rate":0,"timestamp":1558231112,"path_taken":["M","M","?","M","?","R","?","M","T","?","$","M","?","M","R","BOSS","M","?","?","?","?","R","M","M","T","E","?","M","?","?","R","BOSS","M","M","$","?","M","R","E","?","T","M","M","R","?","?","R","BOSS"],"build_version":"2019-01-23","purchased_purges":1,"victory":true,"max_hp_per_floor":[80,80,80,80,80,80,80,80,80,80,80,80,80,80,80,80,80,80,80,80,80,80,80,80,80,80,80,80,80,80,80,80,80,80,80,80,80,80,80,80,82,82,82,82,82,82,82,82,82,82],"card_choices":[{"not_picked":["Reaper","Bludgeon"],"picked":"Barricade","floor":16},{"not_picked":["Expertise","Sucker Punch+1"],"picked":"Jack Of All Trades+1","floor":27},{"not_picked":["Bullet Time+1","Barricade"],"picked":"All For One","floor":33},{"not_picked":["Acrobatics+1","Conserve Battery+1","Predator+1"],"picked":"Singing Bowl","floor":41}],"player_experience":172148,"relics_obtained":[{"floor":1.0,"key":"Pen Nib"},{"floor":2,"key":"Centennial Puzzle"},{"floor":4,"key":"Mummified Hand"},{"floor":8,"key":"Mercury Hourglass"},{"floor":9,"key":"Regal Pillow"},{"floor":10,"key":"Blue Candle"},{"floor":12,"key":"Letter Opener"},{"floor":14,"key":"Kunai"},{"floor":18,"key":"Bottled Flame"},{"floor":19,"key":"Gambling Chip"},{"floor":22,"key":"Pocketwatch"},{"floor":24,"key":"Sundial"},{"floor":25,"key":"Lantern"},{"floor":26,"key":"Omamori"},{"floor":27,"key":"Potion Belt"},{"floor":29,"key":"Orichalcum"},{"floor":30,"key":"Charon\u0027s Ashes"},{"floor":30,"key":"Toxic Egg 2"},{"floor":31,"key":"Meat on the Bone"},{"floor":35,"key":"Molten Egg 2"},{"floor":36,"key":"Bottled Lightning"},{"floor":38,"key":"Bronze Scales"},{"floor":39,"key":"Singing Bowl"},{"floor":41,"key":"FossilizedHelix"},{"floor":43,"key":"Paper Frog"},{"floor":44,"key":"Whetstone"},{"floor":45,"key":"Juzu Bracelet"}],"event_choices":[{"damage_healed":0,"gold_gain":0,"player_choice":"Entered Light","damage_taken":16,"max_hp_gain":0,"max_hp_loss":0,"event_name":"Shining Light","floor":3,"gold_loss":0,"cards_upgraded":["Warcry","Warcry"]},{"damage_healed":0,"gold_gain":0,"player_choice":"Take Damage","damage_taken":20,"relics_obtained":["Golden Idol"],"max_hp_gain":0,"max_hp_loss":0,"event_name":"Golden Idol","floor":5,"gold_loss":0},{"damage_healed":0,"gold_gain":0,"player_choice":"Paid Gold","damage_taken":0,"relics_obtained":["Champion Belt"],"max_hp_gain":0,"max_hp_loss":0,"event_name":"WeMeetAgain","floor":7,"gold_loss":111},{"cards_removed":["Warcry"],"damage_healed":0,"gold_gain":0,"player_choice":"Gave Gold","damage_taken":0,"max_hp_gain":0,"max_hp_loss":0,"event_name":"Beggar","floor":20,"gold_loss":75},{"damage_healed":0,"gold_gain":0,"player_choice":"Gave Idol","damage_taken":0,"relics_obtained":["Bloody Idol"],"max_hp_gain":0,"max_hp_loss":0,"event_name":"Forgotten Altar","floor":28,"relics_lost":["Golden Idol"],"gold_loss":0},{"damage_healed":0,"gold_gain":0,"player_choice":"Fight","damage_taken":0,"max_hp_gain":0,"max_hp_loss":0,"event_name":"Colosseum","floor":30,"gold_loss":0},{"damage_healed":0,"gold_gain":0,"player_choice":"Fought Nobs","damage_taken":0,"max_hp_gain":0,"max_hp_loss":0,"event_name":"Colosseum","floor":30,"gold_loss":0},{"cards_removed":["Headbutt"],"damage_healed":0,"gold_gain":0,"player_choice":"Purged","damage_taken":0,"max_hp_gain":0,"max_hp_loss":0,"event_name":"Purifier","floor":47,"gold_loss":0},{"damage_healed":0,"gold_gain":0,"player_choice":"Embrace Madness","damage_taken":10,"max_hp_gain":0,"max_hp_loss":0,"event_name":"Winding Halls","floor":48,"gold_loss":0,"cards_obtained":["Madness","Madness"]}],"is_beta":false,"boss_relics":[{"not_picked":["Runic Dome","Philosopher\u0027s Stone"],"picked":"White Beast Statue"},{"not_picked":["Velvet Choker","Empty Cage"],"picked":"Runic Pyramid"}],"items_purged_floors":[37],"is_endless":false,"potions_floor_spawned":[2,8,16,18,19,22,24,25,27,29,30,30,31,33,35,36,38,39,41,44,45],"ascension_level":0}