{"gold_per_floor":[359,359,371,3,53,378,378,392,419,469,469,534,534,657,657,752,752,764,778,470,553,603,617,617,145,145,160,7,7,36,56,56,153,153,168,68,118,188,120,120,137,137],"floor_reached":42,"playtime":1865,"items_purged":["Shame","Defend_R","Defend_R","Normality"],"score":478,"play_id":"2cfcf0dc-810e-4463-8dac-2e767ae869af","local_time":"20190215221128","is_ascension_mode":true,"campfire_choices":[{"floor":7,"key":"REST"},{"data":"Rampage","floor":11,"key":"SMITH"},{"data":"Spot Weakness","floor":15,"key":"SMITH"},{"data":"Apotheosis","floor":24,"key":"SMITH"},{"floor":29,"key":"REST"},{"floor":32,"key":"REST"},{"data":"Brutality","floor":40,"key":"SMITH"}],"neow_cost":"CURSE","seed_source_timestamp":22783363599785,"circlet_count":0,"master_deck":["Strike_R","Strike_R","Strike_R","Strike_R","Defend_R","Defend_R","Bash","Clothesline","Cleave","Reckless Charge","Whirlwind","Rampage+1","Bash","Spot Weakness+1","Immolate","Heavy Blade","Metallicize","Apotheosis+1","Clash","Rage+1","Reaper","Limit Break","Iron Wave","Clash","Brutality+1","Flex+1","Spot Weakness+1","Inflame","Ghostly Armor+1"],"relics":["Burning Blood","SsserpentHead","FossilizedHelix","Turnip","Old Coin","Orichalcum","Cursed Key","Red Mask","HandDrill","Dodecahedron","Omamori","Dream Catcher","White Beast Statue"],"potions_floor_usage":[19,21,27,30,33,35,38,42],"damage_taken":[{"damage":12,"enemies":"Jaw Worm","floor":1,"turns":3},{"damage":10,"enemies":"Cultist","floor":3,"turns":4},{"damage":41,"enemies":"3 Sentries","floor":6,"turns":8},{"damage":8,"enemies":"Small Slimes","floor":8,"turns":3},{"damage":0,"enemies":"Red Slaver","floor":12,"turns":3},{"damage":32,"enemies":"The Guardian","floor":16,"turns":10},{"damage":6,"enemies":"3 Byrds","floor":18,"turns":4},{"damage":11,"enemies":"Shell Parasite","floor":19,"turns":4},{"damage":0,"enemies":"Masked Bandits","floor":21,"turns":2},{"damage":6,"enemies":"Shelled Parasite and Fungi","floor":23,"turns":3},{"damage":19,"enemies":"Snake Plant","floor":27,"turns":3},{"damage":33,"enemies":"Slavers","floor":30,"turns":4},{"damage":69,"enemies":"Automaton","floor":33,"turns":11},{"damage":1,"enemies":"Orb Walker","floor":35,"turns":3},{"damage":31,"enemies":"3 Shapes","floor":38,"turns":4},{"damage":1,"enemies":"Jaw Worm Horde","floor":41,"turns":2},{"damage":85,"enemies":"4 Shapes","floor":42,"turns":3}],"seed_played":"-4635137156857724385","potions_obtained":[{"floor":6,"key":"Ancient Potion"},{"floor":8,"key":"SkillPotion"},{"floor":19,"key":"AttackPotion"},{"floor":21,"key":"Weak Potion"},{"floor":27,"key":"PowerPotion"},{"floor":31,"key":"GamblersBrew"},{"floor":31,"key":"Dexterity Potion"},{"floor":33,"key":"EssenceOfSteel"},{"floor":35,"key":"Weak Potion"},{"floor":38,"key":"Block Potion"}],"is_trial":false,"path_per_floor":["M","?","M","$","T","E","R","M","T","?","R","M","?","?","R","B",null,"M","M","$","?","?","M","R","$","T","M","$","R","E","?","R","B",null,"M","$","?","M","$","R","M","M"],"character_chosen":"IRONCLAD","items_purchased":["FossilizedHelix","Metallicize","Apotheosis","HandDrill","Reaper","Omamori","Inflame"],"campfire_rested":3,"item_purchase_floors":[4,20,20,25,25,28,39],"current_hp_per_floor":[74,74,70,70,70,35,59,57,57,57,57,63,63,63,63,37,80,80,75,75,80,65,65,65,65,65,52,52,77,61,61,85,22,85,85,85,85,77,77,77,82,0],"gold":137,"neow_bonus":"TWO_FIFTY_GOLD","is_prod":false,"is_daily":false,"chose_seed":false,"campfire_upgraded":4,"win_rate":0,"timestamp":1550286688,"path_taken":["M","?","M","$","?","E","R","M","T","?","R","?","?","?","R","BOSS","M","M","$","?","?","M","R","$","T","M","$","R","E","?","R","BOSS","M","?","?","?","$","R","M","M"],"build_version":"2019-01-23","purchased_purges":4,"victory":false,"max_hp_per_floor":[80,80,80,80,80,80,80,80,80,80,80,80,80,80,80,80,80,80,80,80,80,85,85,85,85,85,85,85,85,85,85,85,85,85,85,85,85,85,85,85,85,85],"card_choices":[{"not_picked":["Pommel Strike","Flex"],"picked":"Clothesline","floor":1},{"not_picked":["Armaments","Anger"],"picked":"Cleave","floor":3},{"not_picked":["Second Wind","Armaments"],"picked":"Reckless Charge","floor":6},{"not_picked":["Headbutt","Clothesline"],"picked":"Whirlwind","floor":8},{"not_picked":["Flame Barrier","Reckless Charge"],"picked":"Spot Weakness","floor":12},{"not_picked":["Bludgeon","Fiend Fire"],"picked":"Immolate","floor":16},{"not_picked":["Twin Strike","Headbutt"],"picked":"Heavy Blade","floor":18},{"not_picked":["Clothesline","Sentinel","Warcry"],"picked":"SKIP","floor":19},{"not_picked":["Twin Strike","Clothesline"],"picked":"Clash","floor":21},{"not_picked":["Anger","Body Slam"],"picked":"Rage+1","floor":23},{"not_picked":["Heavy Blade","Warcry+1","Limit Break"],"picked":"SKIP","floor":27},{"not_picked":["Heavy Blade","Warcry+1"],"picked":"Limit Break","floor":27},{"not_picked":["True Grit","Armaments"],"picked":"Iron Wave","floor":30},{"not_picked":["Second Wind","Dropkick"],"picked":"Clash","floor":32},{"not_picked":["Dark Embrace","Exhume"],"picked":"Brutality","floor":33},{"not_picked":["Body Slam+1","Pommel Strike"],"picked":"Flex+1","floor":35},{"not_picked":["Cleave","Shockwave+1","Twin Strike"],"picked":"SKIP","floor":38},{"not_picked":["Sword Boomerang","Warcry+1"],"picked":"Ghostly Armor+1","floor":41}],"player_experience":93654,"relics_obtained":[{"floor":5,"key":"Turnip"},{"floor":6,"key":"Old Coin"},{"floor":9,"key":"Orichalcum"},{"floor":21,"key":"Red Mask"},{"floor":26,"key":"Dodecahedron"},{"floor":30,"key":"Dream Catcher"}],"event_choices":[{"damage_healed":0,"gold_gain":0,"player_choice":"Trade","damage_taken":0,"relics_obtained":["SsserpentHead"],"max_hp_gain":0,"max_hp_loss":0,"event_name":"FaceTrader","floor":2,"gold_loss":0},{"damage_healed":0,"gold_gain":0,"player_choice":"2 cards matched","damage_taken":0,"max_hp_gain":0,"max_hp_loss":0,"event_name":"Match and Keep!","floor":10,"gold_loss":0,"cards_obtained":["Rampage","Bash"]},{"cards_removed":["Strike_R"],"damage_healed":0,"gold_gain":0,"player_choice":"Card Removal","damage_taken":0,"max_hp_gain":0,"max_hp_loss":0,"event_name":"The Cleric","floor":13,"gold_loss":50},{"damage_healed":0,"gold_gain":73,"player_choice":"Gained Gold","damage_taken":0,"max_hp_gain":0,"max_hp_loss":0,"event_name":"Golden Wing","floor":14,"gold_loss":0},{"damage_healed":0,"gold_gain":0,"player_choice":"Fought Bandits","damage_taken":0,"max_hp_gain":0,"max_hp_loss":0,"event_name":"Masked Bandits","floor":21,"gold_loss":0},{"damage_healed":0,"gold_gain":0,"player_choice":"Shed Blood","damage_taken":20,"max_hp_gain":5,"max_hp_loss":0,"event_name":"Forgotten Altar","floor":22,"gold_loss":0},{"damage_healed":0,"gold_gain":0,"player_choice":"Bought 2 Potions","damage_taken":0,"max_hp_gain":0,"max_hp_loss":0,"event_name":"The Woman in Blue","floor":31,"gold_loss":0},{"damage_healed":0,"gold_gain":0,"player_choice":"Copied","damage_taken":0,"max_hp_gain":0,"max_hp_loss":0,"event_name":"Duplicator","floor":37,"gold_loss":0,"cards_obtained":["Spot Weakness"]}],"is_beta":false,"boss_relics":[{"not_picked":["Astrolabe","Coffee Dripper"],"picked":"Cursed Key"},{"not_picked":["Busted Crown","Philosopher\u0027s Stone"],"picked":"White Beast Statue"}],"items_purged_floors":[4,20,25,36],"is_endless":false,"potions_floor_spawned":[6,8,19,21,27,33,35,38,41],"killed_by":"4 Shapes","ascension_level":2}