{"gold_per_floor":[113,188,188,199,199,227,227,257,332,351,403,403,415,450,450,450],"floor_reached":16,"playtime":858,"items_purged":[],"score":133,"play_id":"8347955c-b359-4ccd-9dff-314f041edd4f","local_time":"20190506010241","is_ascension_mode":false,"campfire_choices":[{"data":"Loop","floor":7,"key":"SMITH"},{"floor":15,"key":"REST"}],"neow_cost":"NONE","seed_source_timestamp":2160724936366781,"circlet_count":0,"master_deck":["Strike_B","Strike_B","Strike_B","Strike_B","Defend_B","Defend_B","Defend_B","Defend_B+1","Zap","Rebound+1","Machine Learning","Zap","Ball Lightning","Loop+1","Heatsinks","Rebound","Defend_G","Redo","Sunder"],"relics":["Cracked Core","NeowsBlessing","Ornamental Fan","Odd Mushroom","Kunai","Oddly Smooth Stone"],"potions_floor_usage":[8,13,14],"damage_taken":[{"damage":0,"enemies":"2 Louse","floor":1,"turns":1},{"damage":0,"enemies":"Small Slimes","floor":4,"turns":1},{"damage":0,"enemies":"Lagavulin","floor":6,"turns":1},{"damage":23,"enemies":"The Mushroom Lair","floor":8,"turns":3},{"damage":6,"enemies":"Cultist","floor":10,"turns":3},{"damage":7,"enemies":"Blue Slaver","floor":13,"turns":3},{"damage":10,"enemies":"Gremlin Nob","floor":14,"turns":3},{"damage":28,"enemies":"Hexaghost","floor":16,"turns":7}],"seed_played":"7915310891380382237","potions_obtained":[{"floor":4,"key":"Energy Potion"},{"floor":8,"key":"EssenceOfSteel"},{"floor":10,"key":"SkillPotion"}],"is_trial":false,"path_per_floor":["M","?","?","M","?","E","R","?","T","M","T","?","M","E","R","B"],"character_chosen":"DEFECT","items_purchased":[],"campfire_rested":1,"item_purchase_floors":[],"current_hp_per_floor":[75,64,64,64,49,49,49,26,26,20,20,20,13,3,25,0],"gold":450,"neow_bonus":"THREE_ENEMY_KILL","is_prod":false,"is_daily":false,"chose_seed":false,"campfire_upgraded":1,"win_rate":0.0,"timestamp":1557118961,"path_taken":["M","?","?","?","?","E","R","?","T","M","?","?","M","E","R","BOSS"],"build_version":"2019-01-23","purchased_purges":0,"victory":false,"max_hp_per_floor":[75,75,75,75,75,75,75,75,75,75,75,75,75,75,75,75],"card_choices":[{"not_picked":["Streamline","Leap"],"picked":"Rebound","floor":1},{"not_picked":["Fusion","Auto Shields"],"picked":"Ball Lightning","floor":4},{"not_picked":["Ball Lightning","Darkness"],"picked":"Loop","floor":6},{"not_picked":["Storm","Conserve Battery"],"picked":"Heatsinks","floor":8},{"not_picked":["Conserve Battery","Cold Snap"],"picked":"Rebound","floor":10},{"not_picked":["Aggregate","Meteor Strike"],"picked":"Redo","floor":13},{"not_picked":["Reprogram","Compile Driver"],"picked":"Sunder","floor":14}],"player_experience":40509,"relics_obtained":[{"floor":6,"key":"Ornamental Fan"},{"floor":8,"key":"Odd Mushroom"},{"floor":9,"key":"Kunai"},{"floor":11,"key":"Oddly Smooth Stone"}],"event_choices":[{"damage_healed":0,"gold_gain":75,"player_choice":"Gather Gold","damage_taken":11,"max_hp_gain":0,"max_hp_loss":0,"event_name":"World of Goop","floor":2,"gold_loss":0},{"damage_healed":0,"gold_gain":0,"player_choice":"2 cards matched","damage_taken":0,"max_hp_gain":0,"max_hp_loss":0,"event_name":"Match and Keep!","floor":3,"gold_loss":0,"cards_obtained":["Machine Learning","Zap"]},{"damage_healed":0,"gold_gain":0,"player_choice":"Entered Light","damage_taken":15,"max_hp_gain":0,"max_hp_loss":0,"event_name":"Shining Light","floor":5,"gold_loss":0,"cards_upgraded":["Defend_B","Rebound"]},{"damage_healed":0,"gold_gain":0,"player_choice":"Fought Mushrooms","damage_taken":0,"max_hp_gain":0,"max_hp_loss":0,"event_name":"Mushrooms","floor":8,"gold_loss":0},{"cards_removed":["Dualcast"],"damage_healed":0,"gold_gain":0,"player_choice":"Took Card","damage_taken":0,"max_hp_gain":0,"max_hp_loss":0,"event_name":"NoteForYourself","floor":12,"gold_loss":0,"cards_obtained":["Defend_G"]}],"is_beta":false,"boss_relics":[],"items_purged_floors":[],"is_endless":false,"potions_floor_spawned":[4,8,10],"killed_by":"Hexaghost","ascension_level":0}