{"gold_per_floor":[117,117,117,127,140,140,199,199,224,251,261,339,367,380,380,457,457,471,471,499,499,512,398,398,398,476,486,486,504,538,549,549,620,620,636,736,746,646,746,746,778,260,339,371,371,402,402,421,421,421],"floor_reached":51,"playtime":3455,"items_purged":["Strike_B","Strike_B","Strike_B"],"score":1686,"play_id":"6d8a974d-436f-4deb-a736-4ab0ff3a9439","local_time":"20190715120715","is_ascension_mode":true,"campfire_choices":[{"data":"Zap","floor":6.0,"key":"SMITH"},{"floor":8.0,"key":"REST"},{"floor":15.0,"key":"REST"},{"data":"Fission","floor":24.0,"key":"SMITH"},{"data":"Fission","floor":28.0,"key":"SMITH"},{"data":"Defragment","floor":32.0,"key":"SMITH"},{"data":"Biased Cognition","floor":40.0,"key":"SMITH"},{"data":"Darkness","floor":49,"key":"SMITH"}],"neow_cost":"NONE","seed_source_timestamp":0,"circlet_count":0,"master_deck":["AscendersBane","Strike_B","Defend_B","Defend_B","Defend_B+1","Defend_B","Zap+1","Dualcast","Echo Form","Chill","Ball Lightning","FTL","Doom and Gloom","Cold Snap","Fission+1","Conserve Battery","Biased Cognition+1","Conserve Battery","Ghostly","Ghostly+1","Ghostly","Ghostly","Ghostly","Fission+1","Defragment+1","Compile Driver","Capacitor","Undo","Biased Cognition","Darkness+1","Darkness+1","Defragment+1"],"special_seed":0,"relics":["Cracked Core","Bag of Marbles","Anchor","Tiny Chest","Omamori","Darkstone Periapt","Cables","Du-Vu Doll","Black Star","Red Mask","DataDisk","Kunai","Bronze Scales","War Paint","Sozu","Thread and Needle","Happy Flower","Orichalcum","Bag of Preparation","Strange Spoon","Singing Bowl","Potion Belt","Juzu Bracelet","Toxic Egg 2","Oddly Smooth Stone"],"potions_floor_usage":[41,50],"damage_taken":[{"damage":7.0,"enemies":"Small Slimes","floor":1.0,"turns":3.0},{"damage":0.0,"enemies":"2 Louse","floor":4.0,"turns":2.0},{"damage":0.0,"enemies":"Cultist","floor":5.0,"turns":3.0},{"damage":26.0,"enemies":"Gremlin Nob","floor":7.0,"turns":4.0},{"damage":14.0,"enemies":"3 Sentries","floor":10.0,"turns":7.0},{"damage":1.0,"enemies":"Exordium Thugs","floor":11.0,"turns":2.0},{"damage":10.0,"enemies":"Lagavulin","floor":13.0,"turns":5.0},{"damage":3.0,"enemies":"Large Slime","floor":14.0,"turns":3.0},{"damage":35.0,"enemies":"The Guardian","floor":16.0,"turns":8.0},{"damage":24.0,"enemies":"2 Thieves","floor":18.0,"turns":3.0},{"damage":2.0,"enemies":"Masked Bandits","floor":20.0,"turns":6.0},{"damage":0.0,"enemies":"Shell Parasite","floor":22.0,"turns":6.0},{"damage":0.0,"enemies":"Shelled Parasite and Fungi","floor":27.0,"turns":7.0},{"damage":0.0,"enemies":"3 Cultists","floor":29.0,"turns":6.0},{"damage":0.0,"enemies":"Gremlin Leader","floor":30.0,"turns":6.0},{"damage":2.0,"enemies":"Snecko","floor":31.0,"turns":4.0},{"damage":0.0,"enemies":"Champ","floor":33.0,"turns":10.0},{"damage":1.0,"enemies":"Orb Walker","floor":35.0,"turns":4.0},{"damage":0.0,"enemies":"Mind Bloom Boss Battle","floor":36.0,"turns":7.0},{"damage":0.0,"enemies":"3 Shapes","floor":37.0,"turns":2.0},{"damage":0,"enemies":"Nemesis","floor":41,"turns":7},{"damage":0,"enemies":"Reptomancer","floor":44,"turns":7},{"damage":0,"enemies":"Giant Head","floor":46,"turns":8},{"damage":0,"enemies":"Maw","floor":48,"turns":6},{"damage":0,"enemies":"Time Eater","floor":50,"turns":8}],"seed_played":"-4918728004001772589","potions_obtained":[{"floor":10.0,"key":"PowerPotion"},{"floor":14.0,"key":"Fire Potion"},{"floor":18.0,"key":"Fruit Juice"},{"floor":30.0,"key":"Energy Potion"},{"floor":31.0,"key":"FocusPotion"}],"is_trial":false,"path_per_floor":["?","?","M","T","?","?","T","?","?","?","?","?"],"character_chosen":"DEFECT","items_purchased":["Defragment","Bag of Preparation","Darkness","Strange Spoon"],"campfire_rested":2,"item_purchase_floors":[23,42,42,42],"current_hp_per_floor":[61,54,54,54,54,54,28,50,50,36,35,35,25,22,44,9,59,40,40,38,38,38,38,38,33,33,33,33,33,33,31,31,31,42,41,41,41,41,41,41,41,41,41,41,43,43,43,45,45,45],"gold":421,"neow_bonus":"ONE_RANDOM_RARE_CARD","is_prod":false,"is_daily":false,"chose_seed":false,"campfire_upgraded":6,"win_rate":0,"timestamp":1563181635,"path_taken":["M","?","?","M","?","R","E","R","T","E","M","?","E","M","R","BOSS","M","?","?","?","M","$","R","?","T","M","R","M","E","M","R","BOSS","M","?","M","$","?","R","E","$","T","E","?","E","?","M","R","BOSS"],"build_version":"2019-01-23","purchased_purges":3,"victory":true,"max_hp_per_floor":[75,75,75,75,75,75,75,75,75,75,75,75,75,75,75,75,75,80,40,40,40,40,40,40,45,45,45,45,45,45,45,45,45,45,45,45,45,45,45,45,45,45,45,45,47,47,45,47,47,47],"card_choices":[{"not_picked":["Redo","Barrage"],"picked":"Chill","floor":1.0},{"not_picked":["Undo","Beam Cell"],"picked":"Ball Lightning","floor":4.0},{"not_picked":["Rebound","Go for the Eyes"],"picked":"FTL","floor":5.0},{"not_picked":["Leap","Steam Power","Melter"],"picked":"SKIP","floor":7.0},{"not_picked":["Turbo","Compile Driver"],"picked":"Doom and Gloom","floor":10.0},{"not_picked":["Barrage","Leap"],"picked":"Cold Snap","floor":11.0},{"not_picked":["Go for the Eyes","Rebound"],"picked":"Fission","floor":13.0},{"not_picked":["Barrage","Compile Driver"],"picked":"Conserve Battery","floor":14.0},{"not_picked":["Multi-Cast","Core Surge"],"picked":"Biased Cognition","floor":16.0},{"not_picked":["Go for the Eyes","Leap"],"picked":"Conserve Battery","floor":18.0},{"not_picked":["Barrage","Ball Lightning"],"picked":"Fission","floor":20.0},{"not_picked":["Glacier","Turbo","BootSequence"],"picked":"SKIP","floor":22.0},{"not_picked":["Sweeping Beam","Auto Shields"],"picked":"Compile Driver","floor":27.0},{"not_picked":["Auto Shields","Self Repair","Steam Power+1"],"picked":"SKIP","floor":29.0},{"not_picked":["Hologram","Double Energy"],"picked":"Capacitor","floor":30.0},{"not_picked":["Turbo","Hologram"],"picked":"Undo","floor":31.0},{"not_picked":["Rainbow","Meteor Strike"],"picked":"Biased Cognition","floor":33.0},{"not_picked":["Barrage","Gash","Coolheaded"],"picked":"SKIP","floor":35.0},{"not_picked":["Hologram","Steam Power+1","Ball Lightning+1"],"picked":"SKIP","floor":37.0},{"not_picked":["Capacitor","Leap","Rip and Tear"],"picked":"SKIP","floor":41},{"not_picked":["Creative AI","Compile Driver+1"],"picked":"Darkness+1","floor":44},{"not_picked":["Dark Shackles","Secret Weapon","Jack Of All Trades"],"picked":"Singing Bowl","floor":45},{"not_picked":["Force Field","Ball Lightning"],"picked":"Defragment+1","floor":46},{"not_picked":["Darkness+1","Force Field+1","Aggregate+1"],"picked":"Singing Bowl","floor":48}],"player_experience":429076,"relics_obtained":[{"floor":3.0,"key":"Anchor"},{"floor":7.0,"key":"Tiny Chest"},{"floor":9.0,"key":"Omamori"},{"floor":10.0,"key":"Darkstone Periapt"},{"floor":12.0,"key":"Cables"},{"floor":13.0,"key":"Du-Vu Doll"},{"floor":20.0,"key":"Red Mask"},{"floor":21.0,"key":"DataDisk"},{"floor":26.0,"key":"Kunai"},{"floor":30.0,"key":"Bronze Scales"},{"floor":30.0,"key":"War Paint"},{"floor":36.0,"key":"Thread and Needle"},{"floor":41,"key":"Happy Flower"},{"floor":41,"key":"Orichalcum"},{"floor":43,"key":"Singing Bowl"},{"floor":44,"key":"Potion Belt"},{"floor":44,"key":"Juzu Bracelet"},{"floor":46,"key":"Toxic Egg 2"},{"floor":46,"key":"Oddly Smooth Stone"}],"event_choices":[{"damage_healed":0.0,"max_hp_gain":0.0,"max_hp_loss":0.0,"gold_gain":0.0,"event_name":"Scrap Ooze","player_choice":"Success","floor":2.0,"gold_loss":0.0,"damage_taken":7.0,"relics_obtained":["Bag of Marbles"]},{"damage_healed":0.0,"max_hp_gain":0.0,"max_hp_loss":0.0,"gold_gain":0.0,"event_name":"Wheel of Change","player_choice":"Relic","floor":3.0,"gold_loss":0.0,"damage_taken":0.0},{"damage_healed":0.0,"max_hp_gain":0.0,"max_hp_loss":40.0,"gold_gain":0.0,"event_name":"Ghosts","player_choice":"Became a Ghost","floor":19.0,"gold_loss":0.0,"damage_taken":0.0,"cards_obtained":["Ghostly","Ghostly","Ghostly","Ghostly","Ghostly"]},{"damage_healed":0.0,"max_hp_gain":0.0,"max_hp_loss":0.0,"gold_gain":0.0,"event_name":"Masked Bandits","player_choice":"Fought Bandits","floor":20.0,"gold_loss":0.0,"damage_taken":0.0},{"damage_healed":0.0,"max_hp_gain":5.0,"max_hp_loss":0.0,"gold_gain":0.0,"event_name":"Forgotten Altar","player_choice":"Shed Blood","floor":25.0,"gold_loss":0.0,"damage_taken":10.0},{"damage_healed":0.0,"max_hp_gain":0.0,"max_hp_loss":0.0,"gold_gain":0.0,"event_name":"MindBloom","player_choice":"Fight","floor":36.0,"gold_loss":0.0,"damage_taken":0.0},{"damage_healed":0.0,"max_hp_gain":0.0,"max_hp_loss":0.0,"gold_gain":100.0,"event_name":"Golden Shrine","player_choice":"Pray","floor":39.0,"gold_loss":0.0,"damage_taken":0.0},{"damage_healed":0,"gold_gain":0,"player_choice":"Memory 1","damage_taken":0,"max_hp_gain":0,"max_hp_loss":0,"event_name":"SensoryStone","floor":45,"gold_loss":0},{"damage_healed":0,"gold_gain":0,"player_choice":"Max HP","damage_taken":0,"max_hp_gain":0,"max_hp_loss":2,"event_name":"Winding Halls","floor":47,"gold_loss":0}],"is_beta":false,"boss_relics":[{"not_picked":["Runic Dome","Tiny House"],"picked":"Black Star"},{"not_picked":["Philosopher\u0027s Stone","White Beast Statue"],"picked":"Sozu"}],"items_purged_floors":[23,38,42],"is_endless":false,"potions_floor_spawned":[10,14,16,18,30,31,33,37,46],"ascension_level":13}