{"gold_per_floor":[144,189,189,189,238,238,238,336,336,385,385,434,146,244,244,569,569,588,74,74,74,123,123,221,221],"floor_reached":25,"playtime":2855,"items_purged":["Normality"],"score":229,"play_id":"80e42d01-fa5b-4ec1-a026-ad772aba8430","local_time":"20190505212515","daily_mods":["Chimera","Colorless Cards","Midas"],"is_ascension_mode":false,"campfire_choices":[{"floor":15,"key":"REST"},{"floor":23,"key":"REST"}],"neow_cost":"","seed_source_timestamp":2143098737963351,"circlet_count":0,"master_deck":["Bash+1","Survivor+1","Zap","Dual Wield","Second Wind+1","Injury","Headbutt","Metallicize","Armaments+1","Enlightenment+1","Headbutt","Metallicize","Thunderclap","Sword Boomerang","Offering+1","HandOfGreed","Sentinel+1","Magnetism","Limit Break+1","Impervious+1","Apotheosis+1","Trip+1","Uppercut","Havoc+1","Metallicize"],"special_seed":18022,"relics":["Burning Blood","Golden Idol","Ginger","Toxic Egg 2","Regal Pillow","Letter Opener","Red Skull","Potion Belt","Pandora\u0027s Box","Shuriken","War Paint","Bag of Marbles","Ice Cream","Smiling Mask"],"potions_floor_usage":[10,10,14,16,25],"damage_taken":[{"damage":10,"enemies":"Jaw Worm","floor":1,"turns":3},{"damage":0,"enemies":"Small Slimes","floor":2,"turns":3},{"damage":7,"enemies":"2 Louse","floor":5,"turns":3},{"damage":37,"enemies":"3 Sentries","floor":8,"turns":9},{"damage":16,"enemies":"Large Slime","floor":10,"turns":6},{"damage":8,"enemies":"Lots of Slimes","floor":12,"turns":4},{"damage":10,"enemies":"Lagavulin","floor":14,"turns":5},{"damage":30,"enemies":"Slime Boss","floor":16,"turns":13},{"damage":38,"enemies":"2 Thieves","floor":18,"turns":5},{"damage":12,"enemies":"Spheric Guardian","floor":22,"turns":5},{"damage":53,"enemies":"Gremlin Leader","floor":24,"turns":6},{"damage":26,"enemies":"Colosseum Slavers","floor":25,"turns":4},{"damage":21,"enemies":"Colosseum Nobs","floor":25,"turns":2}],"seed_played":"2603549402228900304","potions_obtained":[{"floor":5,"key":"BloodPotion"},{"floor":8,"key":"PowerPotion"},{"floor":14,"key":"Regen Potion"},{"floor":24,"key":"Energy Potion"}],"is_trial":false,"path_per_floor":["M","M","?","?","M","?","T","E","T","M","?","M","$","E","R","B",null,"M","$","?","T","M","R","E","?"],"character_chosen":"IRONCLAD","items_purchased":["Metallicize","Thunderclap","SkillPotion","Red Skull","Shuriken","War Paint","Uppercut"],"campfire_rested":2,"item_purchase_floors":[13,13,13,13,19,19,19],"current_hp_per_floor":[76,80,80,64,63,56,56,25,25,23,23,21,21,17,56,47,80,48,48,48,48,42,80,33,0],"gold":221,"neow_bonus":"","is_prod":false,"is_daily":true,"chose_seed":false,"campfire_upgraded":0,"win_rate":0.0,"timestamp":1557105915,"path_taken":["M","M","?","?","M","?","?","E","T","M","?","M","$","E","R","BOSS","M","?","?","?","M","R","E","?"],"build_version":"2019-01-23","purchased_purges":1,"victory":false,"max_hp_per_floor":[80,80,80,80,80,80,80,80,80,80,80,80,80,80,80,80,80,80,80,80,80,80,80,80,80],"card_choices":[{"not_picked":["Wild Strike","Clothesline"],"picked":"Dual Wield","floor":1},{"not_picked":["Havoc","Flex"],"picked":"Second Wind","floor":2},{"not_picked":["Wild Strike","Perfected Strike"],"picked":"Headbutt","floor":5},{"not_picked":["Wild Strike","Twin Strike"],"picked":"Metallicize","floor":8},{"not_picked":["Bandage Up+1","Brutality"],"picked":"Armaments+1","floor":10},{"not_picked":["Purity+1","Body Slam"],"picked":"Headbutt","floor":12},{"not_picked":["Iron Wave","Havoc+1"],"picked":"Sword Boomerang","floor":14},{"not_picked":["Fiend Fire","Immolate"],"picked":"Offering+1","floor":16},{"not_picked":["Headbutt","Carnage"],"picked":"Trip+1","floor":18},{"not_picked":["Perfected Strike+1","Hemokinesis"],"picked":"Havoc+1","floor":22},{"not_picked":["Headbutt+1","Pommel Strike"],"picked":"Metallicize","floor":24}],"player_experience":27377,"relics_obtained":[{"floor":7,"key":"Toxic Egg 2"},{"floor":8,"key":"Regal Pillow"},{"floor":9,"key":"Letter Opener"},{"floor":14,"key":"Potion Belt"},{"floor":21,"key":"Ice Cream"},{"floor":24,"key":"Smiling Mask"}],"event_choices":[{"damage_healed":0,"gold_gain":0,"player_choice":"Take Wound","damage_taken":0,"relics_obtained":["Golden Idol"],"max_hp_gain":0,"max_hp_loss":0,"event_name":"Golden Idol","floor":3,"gold_loss":0,"cards_obtained":["Injury"]},{"damage_healed":0,"gold_gain":0,"player_choice":"Entered Light","damage_taken":16,"max_hp_gain":0,"max_hp_loss":0,"event_name":"Shining Light","floor":4,"gold_loss":0,"cards_upgraded":["Strike_R","Bash"]},{"damage_healed":0,"gold_gain":0,"player_choice":"Success","damage_taken":7,"relics_obtained":["Ginger"],"max_hp_gain":0,"max_hp_loss":0,"event_name":"Scrap Ooze","floor":6,"gold_loss":0},{"damage_healed":0,"gold_gain":0,"player_choice":"2 cards matched","damage_taken":0,"max_hp_gain":0,"max_hp_loss":0,"event_name":"Match and Keep!","floor":11,"gold_loss":0,"cards_obtained":["Normality","Enlightenment"]},{"damage_healed":0,"gold_gain":0,"player_choice":"Opened","damage_taken":0,"relics_obtained":["Bag of Marbles"],"max_hp_gain":0,"max_hp_loss":0,"event_name":"The Mausoleum","floor":20,"gold_loss":0},{"damage_healed":0,"gold_gain":0,"player_choice":"Fight","damage_taken":0,"max_hp_gain":0,"max_hp_loss":0,"event_name":"Colosseum","floor":25,"gold_loss":0},{"damage_healed":0,"gold_gain":0,"player_choice":"Fought Nobs","damage_taken":0,"max_hp_gain":0,"max_hp_loss":0,"event_name":"Colosseum","floor":25,"gold_loss":0}],"is_beta":false,"boss_relics":[{"not_picked":["Black Star","Empty Cage"],"picked":"Pandora\u0027s Box"}],"items_purged_floors":[19],"is_endless":false,"potions_floor_spawned":[5,8,14,24,25],"killed_by":"Colosseum Nobs","ascension_level":0}