{"gold_per_floor":[112,187,201,201,219,253,269,284,308,308,323,340,340,353,353,451,451,471,471,471,483,260,260,286,298,310,421,446,476,413,425],"floor_reached":31,"playtime":1056,"items_purged":["Strike_B"],"score":272,"play_id":"d35fdd01-d932-46a5-828b-cded6ecc7eae","local_time":"20190711143806","is_ascension_mode":true,"campfire_choices":[{"data":"Zap","floor":10,"key":"SMITH"},{"floor":13,"key":"REST"},{"floor":15,"key":"REST"},{"data":"Fission","floor":23,"key":"SMITH"},{"floor":25,"key":"REST"}],"neow_cost":"CURSE","seed_source_timestamp":1090997724666144,"circlet_count":0,"master_deck":["Strike_B","Strike_B","Strike_B","Defend_B","Defend_B","Defend_B","Defend_B","Zap+1","Dualcast","Rip and Tear","Defend_R","White Noise","Sweeping Beam","Tempest","Ball Lightning","Fission+1","Defragment","Hologram+1","Genetic Algorithm+1","Glacier+1","Defragment"],"relics":["Cracked Core","Potion Belt","Juzu Bracelet","Nuclear Battery","Nilry\u0027s Codex","DataDisk","MawBank","Symbiotic Virus"],"potions_floor_usage":[24,24,29,29,29,29,31],"damage_taken":[{"damage":6,"enemies":"2 Louse","floor":1,"turns":2},{"damage":4,"enemies":"Jaw Worm","floor":3,"turns":4},{"damage":0,"enemies":"Cultist","floor":5,"turns":3},{"damage":17,"enemies":"Lagavulin","floor":6,"turns":6},{"damage":14,"enemies":"Blue Slaver","floor":7,"turns":3},{"damage":7,"enemies":"2 Fungi Beasts","floor":8,"turns":3},{"damage":6,"enemies":"Exordium Wildlife","floor":11,"turns":3},{"damage":5,"enemies":"Looter","floor":12,"turns":3},{"damage":4,"enemies":"Blue Slaver","floor":14,"turns":3},{"damage":8,"enemies":"Slime Boss","floor":16,"turns":7},{"damage":6,"enemies":"Chosen","floor":18,"turns":5},{"damage":24,"enemies":"Spheric Guardian","floor":21,"turns":4},{"damage":24,"enemies":"Gremlin Leader","floor":24,"turns":4},{"damage":20,"enemies":"3 Cultists","floor":28,"turns":4},{"damage":6,"enemies":"Snake Plant","floor":29,"turns":2},{"damage":4,"enemies":"Slavers","floor":31,"turns":3}],"seed_played":"7664094359195342574","potions_obtained":[{"floor":1,"key":"AttackPotion"},{"floor":5,"key":"AttackPotion"},{"floor":14,"key":"LiquidBronze"},{"floor":16,"key":"FocusPotion"},{"floor":21,"key":"Strength Potion"},{"floor":24,"key":"Strength Potion"},{"floor":29,"key":"LiquidBronze"}],"is_trial":false,"path_per_floor":["?","?","M","?","?","$","?","?"],"character_chosen":"DEFECT","items_purchased":["DataDisk"],"campfire_rested":3,"item_purchase_floors":[22],"current_hp_per_floor":[69,58,54,54,54,37,23,16,16,16,10,5,27,23,45,37,75,69,69,53,29,29,29,5,27,27,27,7,1,1,0],"gold":425,"neow_bonus":"THREE_RARE_CARDS","is_prod":false,"is_daily":false,"chose_seed":false,"campfire_upgraded":2,"win_rate":0,"timestamp":1562845086,"path_taken":["M","?","M","?","?","E","M","M","T","R","M","M","R","M","R","BOSS","M","?","?","M","?","R","E","R","T","?","M","M","?","E"],"build_version":"2019-01-23","purchased_purges":1,"victory":false,"max_hp_per_floor":[75,75,75,75,75,75,75,75,75,75,75,75,75,75,75,75,75,75,75,75,75,75,75,75,75,75,75,75,75,75,75],"card_choices":[{"not_picked":["Core Surge","Electrodynamics"],"picked":"Biased Cognition","floor":0},{"not_picked":["Conserve Battery","Static Discharge"],"picked":"Rip and Tear","floor":1},{"not_picked":["Streamline","BootSequence","Double Energy"],"picked":"SKIP","floor":3},{"not_picked":["Capacitor","Streamline"],"picked":"White Noise","floor":5},{"not_picked":["Steam Power","Creative AI"],"picked":"Sweeping Beam","floor":6},{"not_picked":["Skim","BootSequence"],"picked":"Tempest","floor":7},{"not_picked":["Leap","Skim","Gash"],"picked":"SKIP","floor":8},{"not_picked":["Static Discharge","Barrage","Streamline"],"picked":"SKIP","floor":11},{"not_picked":["Beam Cell","Stack"],"picked":"Ball Lightning","floor":12},{"not_picked":["Streamline","Creative AI","White Noise"],"picked":"SKIP","floor":14},{"not_picked":["Amplify","Seek"],"picked":"Fission","floor":16},{"not_picked":["Blizzard+1","Gash","Hologram"],"picked":"SKIP","floor":18},{"not_picked":["Barrage","Go for the Eyes+1"],"picked":"Hologram+1","floor":21},{"not_picked":["Hologram","Core Surge"],"picked":"Genetic Algorithm+1","floor":24},{"not_picked":["Streamline","Sweeping Beam+1"],"picked":"Glacier+1","floor":28},{"not_picked":["Steam+1","Cold Snap"],"picked":"Defragment","floor":29}],"player_experience":368651,"relics_obtained":[{"floor":6,"key":"Potion Belt"},{"floor":9,"key":"Juzu Bracelet"},{"floor":20,"key":"Nilry\u0027s Codex"},{"floor":24,"key":"MawBank"},{"floor":26,"key":"Symbiotic Virus"}],"event_choices":[{"damage_healed":0,"gold_gain":75,"player_choice":"Gather Gold","damage_taken":11,"max_hp_gain":0,"max_hp_loss":0,"event_name":"World of Goop","floor":2,"gold_loss":0},{"cards_removed":["Biased Cognition"],"damage_healed":0,"gold_gain":0,"player_choice":"Took Card","damage_taken":0,"max_hp_gain":0,"max_hp_loss":0,"event_name":"NoteForYourself","floor":4,"gold_loss":0,"cards_obtained":["Defend_R"]},{"damage_healed":0,"gold_gain":0,"player_choice":"Read","damage_taken":0,"max_hp_gain":0,"max_hp_loss":0,"event_name":"The Library","floor":19,"gold_loss":0,"cards_obtained":["Defragment"]},{"damage_healed":0,"gold_gain":0,"player_choice":"Obtained Book","damage_taken":16,"max_hp_gain":0,"max_hp_loss":0,"event_name":"Cursed Tome","floor":20,"gold_loss":0},{"damage_healed":0,"gold_gain":99,"player_choice":"Stole From Cult","damage_taken":0,"max_hp_gain":0,"max_hp_loss":0,"event_name":"Nest","floor":27,"gold_loss":0},{"cards_removed":["Shame"],"damage_healed":0,"gold_gain":0,"player_choice":"Gave Gold","damage_taken":0,"max_hp_gain":0,"max_hp_loss":0,"event_name":"Beggar","floor":30,"gold_loss":75}],"is_beta":false,"boss_relics":[{"not_picked":["Orrery","Lizard Tail"],"picked":"Nuclear Battery"}],"items_purged_floors":[22],"is_endless":false,"potions_floor_spawned":[1,5,14,16,21,24,29],"killed_by":"Slavers","ascension_level":1}