{"gold_per_floor":[114,114,129,144,159,189,28,83,83,98,157,157,157,195,195,195],"floor_reached":16,"playtime":997,"items_purged":[],"score":135,"play_id":"8c35b496-9999-4f0e-a4ee-0aae139eb41b","local_time":"20190523194928","daily_mods":["Draft","Blue Cards","Terminal"],"is_ascension_mode":false,"campfire_choices":[{"data":"White Noise","floor":13,"key":"SMITH"},{"data":"White Noise","floor":15,"key":"SMITH"}],"neow_cost":"","seed_source_timestamp":0,"circlet_count":0,"master_deck":["Perfected Strike","Rebound","Cleave","Sweeping Beam","Twin Strike","White Noise+1","Headbutt","Clash","Fire Breathing","Melter","Bloodletting","Thunderclap","Steam","Cleave","White Noise+1","White Noise","Cleave","Inflame","Corruption","Turbo","Exhume","White Noise","Anger+1","Injury"],"special_seed":18039,"relics":["Burning Blood","PreservedInsect","Blue Candle","Dodecahedron","Molten Egg 2","Golden Idol","Ice Cream"],"potions_floor_usage":[6,14,14,16],"damage_taken":[{"damage":6,"enemies":"Jaw Worm","floor":1,"turns":2},{"damage":7,"enemies":"Cultist","floor":3,"turns":3},{"damage":0,"enemies":"2 Louse","floor":4,"turns":2},{"damage":4,"enemies":"2 Fungi Beasts","floor":5,"turns":2},{"damage":11,"enemies":"3 Sentries","floor":6,"turns":3},{"damage":4,"enemies":"3 Sentries","floor":8,"turns":2},{"damage":0,"enemies":"Large Slime","floor":10,"turns":3},{"damage":11,"enemies":"Lagavulin","floor":14,"turns":3},{"damage":63,"enemies":"Hexaghost","floor":16,"turns":4}],"seed_played":"-1599869473394492483","potions_obtained":[{"floor":4,"key":"FearPotion"},{"floor":5,"key":"Swift Potion"},{"floor":8,"key":"Weak Potion"},{"floor":10,"key":"Swift Potion"}],"is_trial":false,"path_per_floor":["M","?","M","M","M","E","$","?","T","M","?","?","R","E","R","B"],"character_chosen":"IRONCLAD","items_purchased":["Exhume"],"campfire_rested":0,"item_purchase_floors":[7],"current_hp_per_floor":[78,77,76,75,74,69,69,71,70,69,68,67,66,61,61,0],"gold":195,"neow_bonus":"","is_prod":false,"is_daily":true,"chose_seed":false,"campfire_upgraded":2,"win_rate":0,"timestamp":1558655368,"path_taken":["M","?","M","M","M","E","?","?","T","M","?","?","R","E","R","BOSS"],"build_version":"2019-01-23","purchased_purges":0,"victory":false,"max_hp_per_floor":[78,77,76,75,74,73,72,71,70,69,68,67,66,65,64,64],"card_choices":[{"not_picked":["True Grit","Consume"],"picked":"Perfected Strike","floor":0},{"not_picked":["Havoc","Chaos"],"picked":"Rebound","floor":0},{"not_picked":["Shrug It Off","Beam Cell"],"picked":"Cleave","floor":0},{"not_picked":["Melter","Clash"],"picked":"Sweeping Beam","floor":0},{"not_picked":["Rampage","Sever Soul"],"picked":"Twin Strike","floor":0},{"not_picked":["Inflame","Sweeping Beam"],"picked":"White Noise","floor":0},{"not_picked":["Recycle","Ghostly Armor"],"picked":"Headbutt","floor":0},{"not_picked":["Hologram","Streamline"],"picked":"Clash","floor":0},{"not_picked":["Flex","Body Slam"],"picked":"Fire Breathing","floor":0},{"not_picked":["Compile Driver","Heavy Blade"],"picked":"Melter","floor":0},{"not_picked":["Power Through","Sunder"],"picked":"Bloodletting","floor":0},{"not_picked":["Flex","Pummel"],"picked":"Thunderclap","floor":0},{"not_picked":["Leap","Power Through"],"picked":"Steam","floor":0},{"not_picked":["Iron Wave","Coolheaded"],"picked":"Cleave","floor":0},{"not_picked":["Flex","Streamline"],"picked":"White Noise","floor":0},{"not_picked":["Defragment","Loop"],"picked":"White Noise","floor":1},{"not_picked":["Genetic Algorithm","Seeing Red"],"picked":"Cleave","floor":3},{"not_picked":["Twin Strike","Conserve Battery"],"picked":"Inflame","floor":4},{"not_picked":["Steam","Armaments"],"picked":"Corruption","floor":5},{"not_picked":["Juggernaut","Iron Wave"],"picked":"Turbo","floor":6},{"not_picked":["FTL","Doom and Gloom"],"picked":"White Noise","floor":8},{"not_picked":["Wild Strike+1","Seeing Red"],"picked":"Anger+1","floor":10},{"not_picked":["Twin Strike+1","Aggregate","Beam Cell+1"],"picked":"SKIP","floor":14}],"player_experience":231204,"relics_obtained":[{"floor":2,"key":"PreservedInsect"},{"floor":6,"key":"Blue Candle"},{"floor":8,"key":"Dodecahedron"},{"floor":9,"key":"Molten Egg 2"},{"floor":14,"key":"Ice Cream"}],"event_choices":[{"damage_healed":0,"gold_gain":0,"player_choice":"Relic","damage_taken":0,"max_hp_gain":0,"max_hp_loss":0,"event_name":"Wheel of Change","floor":2,"gold_loss":0},{"damage_healed":0,"gold_gain":30,"player_choice":"Searched \u00273\u0027 times","damage_taken":0,"max_hp_gain":0,"max_hp_loss":0,"event_name":"Dead Adventurer","floor":8,"gold_loss":0},{"damage_healed":0,"gold_gain":59,"player_choice":"Gained Gold","damage_taken":0,"max_hp_gain":0,"max_hp_loss":0,"event_name":"Golden Wing","floor":11,"gold_loss":0},{"damage_healed":0,"gold_gain":0,"player_choice":"Take Wound","damage_taken":0,"relics_obtained":["Golden Idol"],"max_hp_gain":0,"max_hp_loss":0,"event_name":"Golden Idol","floor":12,"gold_loss":0,"cards_obtained":["Injury"]}],"is_beta":false,"boss_relics":[],"items_purged_floors":[],"is_endless":false,"potions_floor_spawned":[4,5,8,10],"killed_by":"Hexaghost","ascension_level":0}