{"gold_per_floor":[114,114,129,144,159,189,189,204,229,244,259,289,289,289,289,389,389,404,419,434,449,12,42,42,57,107,107,122,152,167,182,182,282,282,297,297,336,0,0,0,30,45,45,45],"floor_reached":44,"playtime":3640,"items_purged":[],"score":494,"play_id":"4705c8a2-195e-4e9f-9a25-749355adc9e1","local_time":"20190506215659","daily_mods":["Draft","Green Cards","Binary"],"is_ascension_mode":false,"campfire_choices":[{"data":"Genetic Algorithm","floor":7,"key":"SMITH"},{"floor":15,"key":"REST"},{"data":"Genetic Algorithm","floor":27,"key":"SMITH"},{"floor":32,"key":"REST"},{"data":"After Image","floor":40,"key":"SMITH"}],"neow_cost":"","seed_source_timestamp":0,"circlet_count":0,"master_deck":["Endless Agony","Rip and Tear","White Noise+1","Backflip","Sweeping Beam","Beam Cell","Dagger Spray","Rebound","Skim","Backflip","Genetic Algorithm+1","Self Repair","Sweeping Beam","Rebound","Turbo","Dagger Throw","Static Discharge","Dagger Spray","Electrodynamics","Calculated Gamble","Genetic Algorithm+1","Lockon","Magnetism","Dagger Spray","Choke","Sweeping Beam","Well Laid Plans","Concentrate+1","Corpse Explosion","Dark Shackles","After Image+1","All Out Attack+1","Calculated Gamble"],"special_seed":18023,"relics":["Cracked Core","Question Card","Blood Vial","Oddly Smooth Stone","Bag of Marbles","Empty Cage","Letter Opener","Art of War","Bronze Scales","Regal Pillow","Lizard Tail","Dead Branch","Red Mask","Ginger","Pen Nib"],"potions_floor_usage":[16,20,23,23,23,28,37],"damage_taken":[{"damage":0,"enemies":"Small Slimes","floor":1,"turns":2},{"damage":4,"enemies":"2 Louse","floor":3,"turns":2},{"damage":0,"enemies":"Cultist","floor":4,"turns":2},{"damage":10,"enemies":"Lots of Slimes","floor":5,"turns":2},{"damage":15,"enemies":"3 Sentries","floor":6,"turns":3},{"damage":13,"enemies":"3 Louse","floor":8,"turns":2},{"damage":13,"enemies":"Red Slaver","floor":10,"turns":2},{"damage":0,"enemies":"Lots of Slimes","floor":11,"turns":1},{"damage":22,"enemies":"Lagavulin","floor":12,"turns":4},{"damage":24,"enemies":"Hexaghost","floor":16,"turns":5},{"damage":10,"enemies":"Spheric Guardian","floor":18,"turns":3},{"damage":10,"enemies":"2 Thieves","floor":19,"turns":3},{"damage":15,"enemies":"Snecko","floor":20,"turns":4},{"damage":10,"enemies":"3 Cultists","floor":21,"turns":3},{"damage":23,"enemies":"Gremlin Leader","floor":23,"turns":5},{"damage":0,"enemies":"Sentry and Sphere","floor":25,"turns":3},{"damage":21,"enemies":"Snake Plant","floor":28,"turns":4},{"damage":28,"enemies":"Book of Stabbing","floor":29,"turns":5},{"damage":4,"enemies":"Cultist and Chosen","floor":30,"turns":3},{"damage":0,"enemies":"3 Cultists","floor":31,"turns":2},{"damage":58,"enemies":"Champ","floor":33,"turns":10},{"damage":26,"enemies":"3 Darklings","floor":35,"turns":4},{"damage":39,"enemies":"2 Orb Walkers","floor":37,"turns":4},{"damage":33,"enemies":"Nemesis","floor":41,"turns":11},{"damage":12,"enemies":"3 Shapes","floor":42,"turns":3},{"damage":38,"enemies":"Giant Head","floor":44,"turns":6}],"seed_played":"-4448055644271088173","potions_obtained":[{"floor":1,"key":"Dexterity Potion"},{"floor":5,"key":"Fire Potion"},{"floor":8,"key":"SmokeBomb"},{"floor":16,"key":"Regen Potion"},{"floor":19,"key":"AttackPotion"},{"floor":21,"key":"EssenceOfSteel"},{"floor":25,"key":"SkillPotion"},{"floor":28,"key":"FairyPotion"},{"floor":33,"key":"Strength Potion"},{"floor":41,"key":"SteroidPotion"}],"is_trial":false,"path_per_floor":["M","$","M","M","M","E","R","M","T","M","M","E","?","?","R","B",null,"M","M","M","M","$","E","?","M","T","R","M","E","M","M","R","B",null,"M","?","?","?","$","R","E","M","T","E"],"character_chosen":"DEFECT","items_purchased":["Letter Opener","Magnetism"],"campfire_rested":2,"item_purchase_floors":[22,22],"current_hp_per_floor":[75,75,71,71,61,53,53,40,40,36,38,25,22,22,44,29,75,72,64,58,50,50,50,50,59,59,59,40,14,12,14,51,7,75,56,56,26,26,26,26,44,34,34,0],"gold":45,"neow_bonus":"","is_prod":false,"is_daily":true,"chose_seed":false,"campfire_upgraded":3,"win_rate":0.0,"timestamp":1557194219,"path_taken":["M","$","M","M","M","E","R","M","T","M","M","E","?","?","R","BOSS","M","M","M","?","?","E","?","M","T","R","M","E","?","?","R","BOSS","M","?","?","?","$","R","E","?","T","E"],"build_version":"2019-01-23","purchased_purges":0,"victory":false,"max_hp_per_floor":[75,75,75,75,75,75,75,75,75,75,75,75,75,75,75,75,75,75,75,75,75,75,75,75,75,75,75,75,75,75,75,75,75,75,75,75,75,75,75,75,75,75,75,75],"card_choices":[{"not_picked":["Predator","Bane"],"picked":"Endless Agony","floor":0},{"not_picked":["Eviscerate","Leap"],"picked":"Rip and Tear","floor":0},{"not_picked":["Self Repair","Infinite Blades"],"picked":"White Noise","floor":0},{"not_picked":["Deadly Poison","Underhanded Strike"],"picked":"Backflip","floor":0},{"not_picked":["Tempest","Conserve Battery"],"picked":"Sweeping Beam","floor":0},{"not_picked":["Deflect","Sucker Punch"],"picked":"Beam Cell","floor":0},{"not_picked":["Flying Knee","Hello World"],"picked":"Dagger Spray","floor":0},{"not_picked":["Underhanded Strike","Acrobatics"],"picked":"Rebound","floor":0},{"not_picked":["Beam Cell","Poisoned Stab"],"picked":"Skim","floor":0},{"not_picked":["Go for the Eyes","Cold Snap"],"picked":"Caltrops","floor":0},{"not_picked":["Bane","Stack"],"picked":"Backflip","floor":0},{"not_picked":["Coolheaded","Turbo"],"picked":"Genetic Algorithm","floor":0},{"not_picked":["Conserve Battery","Cold Snap"],"picked":"Self Repair","floor":0},{"not_picked":["Loop","Poisoned Stab"],"picked":"Sweeping Beam","floor":0},{"not_picked":["Conserve Battery","Redo"],"picked":"Rebound","floor":0},{"not_picked":["Masterful Stab"],"picked":"Turbo","floor":1},{"not_picked":["Coolheaded"],"picked":"Infinite Blades","floor":3},{"not_picked":["Caltrops","Cold Snap"],"picked":"SKIP","floor":4},{"not_picked":["Fusion"],"picked":"Dagger Throw","floor":5},{"not_picked":["Sucker Punch","Bane"],"picked":"SKIP","floor":6},{"not_picked":["Backflip","Setup","BootSequence"],"picked":"SKIP","floor":8},{"not_picked":["Go for the Eyes","Acrobatics"],"picked":"Static Discharge","floor":10},{"not_picked":["Backflip","Heel Hook","Steam Power"],"picked":"SKIP","floor":11},{"not_picked":["Wraith Form v2","BootSequence"],"picked":"Dagger Spray","floor":12},{"not_picked":["Rainbow","Doppelganger"],"picked":"Electrodynamics","floor":16},{"not_picked":["Footwork+1","Blizzard","BootSequence"],"picked":"SKIP","floor":18},{"not_picked":["Steam","Doom and Gloom"],"picked":"Calculated Gamble","floor":19},{"not_picked":["Melter","Prepared"],"picked":"Genetic Algorithm","floor":20},{"not_picked":["Bane+1","Expertise"],"picked":"Lockon","floor":21},{"not_picked":["Compile Driver","Deadly Poison"],"picked":"Sunder","floor":23},{"not_picked":["PiercingWail","Compile Driver"],"picked":"Choke","floor":25},{"not_picked":["Chaos","Streamline"],"picked":"Sweeping Beam","floor":28},{"not_picked":["Leap+1","Echo Form","Gash"],"picked":"SKIP","floor":29},{"not_picked":["Leg Sweep","Acrobatics"],"picked":"Well Laid Plans","floor":30},{"not_picked":["Undo","Endless Agony"],"picked":"Concentrate+1","floor":31},{"not_picked":["Echo Form","Machine Learning"],"picked":"Corpse Explosion","floor":33},{"not_picked":["Rebound","Go for the Eyes+1","Acrobatics+1"],"picked":"SKIP","floor":35},{"not_picked":["Good Instincts","Madness"],"picked":"Dark Shackles","floor":36},{"not_picked":["Coolheaded+1","Outmaneuver+1"],"picked":"After Image","floor":37},{"not_picked":["Steam","Blade Dance+1"],"picked":"All Out Attack+1","floor":41},{"not_picked":["Reinforced Body","Dodge and Roll+1"],"picked":"Calculated Gamble","floor":42}],"player_experience":57180,"relics_obtained":[{"floor":6,"key":"Question Card"},{"floor":9,"key":"Blood Vial"},{"floor":12,"key":"Oddly Smooth Stone"},{"floor":23,"key":"Art of War"},{"floor":26,"key":"Bronze Scales"},{"floor":29,"key":"Regal Pillow"},{"floor":37,"key":"Dead Branch"},{"floor":41,"key":"Ginger"},{"floor":43,"key":"Pen Nib"}],"event_choices":[{"damage_healed":0,"gold_gain":0,"player_choice":"Success","damage_taken":3,"relics_obtained":["Bag of Marbles"],"max_hp_gain":0,"max_hp_loss":0,"event_name":"Scrap Ooze","floor":13,"gold_loss":0},{"damage_healed":0,"gold_gain":0,"player_choice":"Upgraded","damage_taken":0,"max_hp_gain":0,"max_hp_loss":0,"event_name":"Upgrade Shrine","floor":14,"gold_loss":0,"cards_upgraded":["White Noise"]},{"damage_healed":0,"gold_gain":0,"cards_transformed":["Sunder"],"player_choice":"Transformed","damage_taken":0,"max_hp_gain":0,"max_hp_loss":0,"event_name":"Transmorgrifier","floor":24,"gold_loss":0,"cards_obtained":["Dagger Spray"]},{"damage_healed":0,"gold_gain":0,"player_choice":"Memory 1","damage_taken":0,"max_hp_gain":0,"max_hp_loss":0,"event_name":"SensoryStone","floor":36,"gold_loss":0},{"damage_healed":0,"gold_gain":0,"player_choice":"Fight","damage_taken":0,"max_hp_gain":0,"max_hp_loss":0,"event_name":"Mysterious Sphere","floor":37,"gold_loss":0},{"damage_healed":0,"gold_gain":0,"player_choice":"Paid","damage_taken":0,"relics_obtained":["Red Mask"],"max_hp_gain":0,"max_hp_loss":0,"event_name":"Tomb of Lord Red Mask","floor":38,"gold_loss":336}],"is_beta":false,"boss_relics":[{"not_picked":["Runic Dome","Ectoplasm"],"picked":"Empty Cage"},{"not_picked":["Nuclear Battery","Busted Crown"],"picked":"Lizard Tail"}],"items_purged_floors":[],"is_endless":false,"potions_floor_spawned":[1,5,8,16,19,21,25,28,33,41],"killed_by":"Giant Head","ascension_level":0}