{"gold_per_floor":[114,88,103,103,118,148,148,108,158,188,203,228,228,243,243,343,343,358,358,373,19,19,49,49,78,78,78,97,118,118,93,93,207,207,228,246],"floor_reached":36,"playtime":2621,"items_purged":[],"score":454,"play_id":"19b6cde6-2170-4718-9b2d-535eb2e0634f","local_time":"20190520210943","daily_mods":["Chimera","Flight","Night Terrors"],"is_ascension_mode":false,"campfire_choices":[{"data":"Slimebound:Repurpose","floor":15,"key":"SMITH"},{"data":"Slimebound:Recycling","floor":24,"key":"SMITH"},{"data":"Slimebound:Gluttony","floor":30,"key":"SMITH"},{"data":"Slimebound:GoopTackle","floor":32,"key":"SMITH"}],"neow_cost":"","seed_source_timestamp":287877850959304,"circlet_count":0,"master_deck":["Bash","Survivor","Zap","Slimebound:SlimeTap","Slimebound:SplitMire","Slimebound:FirmFortitude","Slimebound:ItLooksTasty","Slimebound:Repurpose+1","Slimebound:AcidGelatin","Slimebound:SamplingLick","Slimebound:Recycling+1","Slimebound:Replication+1","Slimebound:ItLooksTasty","Slimebound:GoopSpray","Slimebound:HungryTackle","Slimebound:SlimeSpikes","Slimebound:Recollect","Slimebound:ItLooksTasty+1","Slimebound:Replication+1","Slimebound:OozeBath","infinitespire:Virus","Slimebound:Recollect+1","Slimebound:Gluttony+1","Slimebound:DisruptingSlam+1","Slimebound:Overexert","Slimebound:GoopTackle+1","Slimebound:DisruptingSlam","Slimebound:CheckThePlaybook","Slimebound:GrowthPunch","Slimebound:LevelUp+1","Slimebound:Recycling+1","Slimebound:LevelUp+1","Slimebound:SamplingLick","Slimebound:LeadByExample+1","Slimebound:SplitAcid+1","hubris:NaturalOne"],"special_seed":18037,"relics":["Burning Blood","hubris:Icosahedron","Ornamental Fan","infinitespire:Magic Flask","infinitespire:Cubic Diamond","Orichalcum","Potion Belt","Bronze Scales","Orrery","DollysMirror","infinitespire:Midas Blood","Frozen Egg 2","Lantern","Pandora\u0027s Box"],"potions_floor_usage":[14,14,16,25,27,29,33],"damage_taken":[{"damage":3,"enemies":"Cultist","floor":1,"turns":3},{"damage":11,"enemies":"2 Louse","floor":3,"turns":3},{"damage":14,"enemies":"Jaw Worm","floor":5,"turns":3},{"damage":51,"enemies":"Lagavulin","floor":6,"turns":7},{"damage":0,"enemies":"Exordium Wildlife","floor":11,"turns":3},{"damage":13,"enemies":"Exordium Thugs","floor":14,"turns":4},{"damage":47,"enemies":"Slime Boss","floor":16,"turns":10},{"damage":29,"enemies":"Shell Parasite","floor":18,"turns":5},{"damage":27,"enemies":"Spheric Guardian","floor":20,"turns":5},{"damage":32,"enemies":"Nightmare","floor":23,"turns":6},{"damage":38,"enemies":"3 Cultists","floor":25,"turns":5},{"damage":34,"enemies":"Book of Stabbing","floor":27,"turns":5},{"damage":7,"enemies":"Snecko","floor":28,"turns":4},{"damage":16,"enemies":"Snake Plant","floor":29,"turns":3},{"damage":35,"enemies":"3 Cultists","floor":31,"turns":5},{"damage":84,"enemies":"Champ","floor":33,"turns":10},{"damage":9,"enemies":"3 Shapes","floor":35,"turns":3},{"damage":103,"enemies":"2 Orb Walkers","floor":36,"turns":4}],"seed_played":"-7280386136630335372","potions_obtained":[{"floor":3,"key":"GamblersBrew"},{"floor":11,"key":"Slimebound:SlimyTonguePotion"},{"floor":14,"key":"Dexterity Potion"},{"floor":23,"key":"Energy Potion"},{"floor":25,"key":"Swift Potion"},{"floor":28,"key":"Slimebound:SpawnSlimePotion"},{"floor":29,"key":"Regen Potion"},{"floor":31,"key":"Fire Potion"}],"is_trial":false,"path_per_floor":["M","$","M","?","M","E","?","$","T","?","M","T","?","M","R","B",null,"M","?","M","$","?","NM","R","M","T","E","M","M","R","M","R","B",null,"M","?"],"character_chosen":"SLIMEBOUND","items_purchased":["Slimebound:SplitMire","Slimebound:Repurpose","DollysMirror","Slimebound:OozeBath"],"campfire_rested":0,"item_purchase_floors":[2,8,21,21],"current_hp_per_floor":[70,70,68,68,62,20,20,20,20,20,29,29,52,54,54,37,70,59,59,52,52,52,55,55,50,50,38,60,56,56,36,36,43,70,70,0],"gold":246,"neow_bonus":"","is_prod":false,"is_daily":true,"chose_seed":false,"campfire_upgraded":4,"win_rate":0,"timestamp":1558400983,"path_taken":["M","?","?","?","?","E","?","?","T","?","?","?","?","?","R","BOSS","M","?","?","?","?","NM","R","?","T","E","M","M","R","M","R","BOSS","M","?"],"build_version":"2019-01-23","purchased_purges":0,"victory":false,"max_hp_per_floor":[70,70,70,70,70,70,70,70,70,70,70,70,70,70,70,70,70,70,70,70,70,70,70,70,70,70,70,70,70,70,70,70,70,70,70,70],"card_choices":[{"not_picked":["Slimebound:SoulSicken","Slimebound:BestDefense"],"picked":"Slimebound:SlimeTap","floor":1},{"not_picked":["Slimebound:Recollect","Slimebound:DivideAndConquer"],"picked":"Slimebound:FirmFortitude","floor":3},{"not_picked":["Slimebound:ComboTackle","Slimebound:TongueLash","Slimebound:FinishingTackle"],"picked":"SKIP","floor":5},{"not_picked":["Slimebound:Chomp","Slimebound:SoulSicken"],"picked":"Slimebound:ItLooksTasty","floor":6},{"not_picked":["Slimebound:SamplingLick","Slimebound:LeadByExample"],"picked":"Slimebound:AcidGelatin","floor":11},{"not_picked":["Slimebound:BestDefense","Slimebound:SplitBruiser"],"picked":"Slimebound:SamplingLick","floor":14},{"not_picked":["Slimebound:Teamwork","Slimebound:MassFeed"],"picked":"Slimebound:Recycling","floor":16},{"not_picked":["Slimebound:Gluttony","Slimebound:PressTheAttack"],"picked":"Slimebound:Replication","floor":17},{"not_picked":["Slimebound:AcidGelatin","Slimebound:HauntingLick"],"picked":"Slimebound:ItLooksTasty","floor":17},{"not_picked":["Slimebound:DivideAndConquer","Slimebound:Chomp"],"picked":"Slimebound:GoopSpray","floor":17},{"not_picked":["Slimebound:SplitMire","Slimebound:SamplingLick"],"picked":"Slimebound:HungryTackle","floor":17},{"not_picked":["Slimebound:FlameTackle","Slimebound:VenomTackle"],"picked":"Slimebound:SlimeSpikes","floor":17},{"not_picked":["Slimebound:Lick","Slimebound:QuickStudy"],"picked":"Slimebound:Recollect","floor":18},{"not_picked":["Slimebound:FormOfPuddle","Slimebound:GoopSpray"],"picked":"Slimebound:ItLooksTasty+1","floor":20},{"not_picked":["infinitespire:Fortify","infinitespire:FinalStrike"],"picked":"infinitespire:Virus","floor":23},{"not_picked":["Slimebound:ServeAndProtect+1","Slimebound:SplitBruiser+1"],"picked":"Slimebound:Recollect+1","floor":23},{"not_picked":["Slimebound:AcidGelatin","Slimebound:SplitMire"],"picked":"Slimebound:Gluttony","floor":25},{"not_picked":["Slimebound:SplitBruiser","Slimebound:ViciousTackle+1"],"picked":"Slimebound:DisruptingSlam+1","floor":27},{"not_picked":["Slimebound:SplitLeeching","Slimebound:LeechEnergy"],"picked":"Slimebound:Overexert","floor":28},{"not_picked":["Slimebound:LeechingTouch","Slimebound:LeechEnergy"],"picked":"Slimebound:GoopTackle","floor":29},{"not_picked":["Slimebound:Lick","Slimebound:VenomTackle"],"picked":"Slimebound:DisruptingSlam","floor":31},{"not_picked":["Slimebound:DuplicatedForm+1","Slimebound:Overexert"],"picked":"Slimebound:CheckThePlaybook","floor":33},{"not_picked":["Slimebound:Lick","Slimebound:ComboTackle"],"picked":"Slimebound:SplitAcid+1","floor":35}],"player_experience":265459,"relics_obtained":[{"floor":6,"key":"Ornamental Fan"},{"floor":9,"key":"Orichalcum"},{"floor":12,"key":"Bronze Scales"},{"floor":23,"key":"infinitespire:Midas Blood"},{"floor":26,"key":"Frozen Egg 2"},{"floor":27,"key":"Lantern"}],"event_choices":[{"damage_healed":0,"gold_gain":30,"player_choice":"Searched \u00272\u0027 times","damage_taken":0,"relics_obtained":["Potion Belt"],"max_hp_gain":0,"max_hp_loss":0,"event_name":"Dead Adventurer","floor":10,"gold_loss":0},{"damage_healed":23,"gold_gain":0,"player_choice":"Banana","damage_taken":0,"max_hp_gain":0,"max_hp_loss":0,"event_name":"Big Fish","floor":13,"gold_loss":0},{"damage_healed":0,"gold_gain":0,"player_choice":"Upgraded","damage_taken":0,"max_hp_gain":0,"max_hp_loss":0,"event_name":"Upgrade Shrine","floor":19,"gold_loss":0,"cards_upgraded":["Slimebound:Replication"]},{"damage_healed":0,"gold_gain":0,"player_choice":"Ignored","damage_taken":0,"max_hp_gain":0,"max_hp_loss":0,"event_name":"Ghosts","floor":22,"gold_loss":0},{"damage_healed":0,"gold_gain":0,"player_choice":"Fight","damage_taken":0,"max_hp_gain":0,"max_hp_loss":0,"event_name":"Mysterious Sphere","floor":36,"gold_loss":0}],"is_beta":false,"boss_relics":[{"not_picked":["hubris:HollowSoul","Eternal Feather"],"picked":"Orrery"},{"not_picked":["Astrolabe","hubris:VirtuousBlindfold"],"picked":"Pandora\u0027s Box"}],"items_purged_floors":[],"is_endless":true,"potions_floor_spawned":[3,11,14,23,25,28,29,31],"killed_by":"2 Orb Walkers","ascension_level":0}