{"gold_per_floor":[114,129,181,196,211,241,241,116,191,191,210,210,210,229,229,354,354,373,373,392,411,430,468,468,468,493,512,531,531,131,150,150,275,275,294,394,413,432,451,451,451],"floor_reached":41,"playtime":2503,"items_purged":["Body Slam","Flash of Steel"],"score":419,"play_id":"3e5dd6e3-ba99-4b84-89d1-68ad5f1d602e","local_time":"20190525231602","daily_mods":["Draft","Colorless Cards","Lethality"],"is_ascension_mode":false,"campfire_choices":[{"data":"Armaments","floor":10,"key":"SMITH"},{"floor":12,"key":"REST"},{"data":"Bloodletting","floor":15,"key":"SMITH"},{"floor":25,"key":"REST"},{"data":"Infernal Blade","floor":29,"key":"SMITH"},{"data":"Infernal Blade","floor":32,"key":"SMITH"},{"floor":40,"key":"REST"}],"neow_cost":"","seed_source_timestamp":0,"circlet_count":0,"master_deck":["Uppercut","Warcry","Hemokinesis","Armaments+1","Pommel Strike","Feel No Pain","Dramatic Entrance","Thunderclap","Discovery","Bloodletting+1","Pommel Strike","Infernal Blade+1","Cleave","Thunderclap","Madness","Seeing Red","Berserk","Clash","Headbutt","Brutality","Evolve","Thunderclap","Pommel Strike","Rampage","Cleave","Enlightenment+1","Infernal Blade+1","Headbutt","Panache","Headbutt+1","Rampage+1"],"special_seed":18042,"relics":["Burning Blood","Meat on the Bone","Golden Idol","Ornamental Fan","Orrery","Dream Catcher","Vajra","Incense Burner","Runic Dome"],"potions_floor_usage":[16,16,18,18,21,22,33,33,33,41,41],"damage_taken":[{"damage":0,"enemies":"Cultist","floor":1,"turns":2},{"damage":3,"enemies":"2 Louse","floor":2,"turns":1},{"damage":6,"enemies":"Jaw Worm","floor":4,"turns":1},{"damage":13,"enemies":"Looter","floor":5,"turns":2},{"damage":16,"enemies":"Gremlin Nob","floor":6,"turns":3},{"damage":20,"enemies":"Red Slaver","floor":11,"turns":2},{"damage":0,"enemies":"2 Fungi Beasts","floor":14,"turns":1},{"damage":41,"enemies":"The Guardian","floor":16,"turns":4},{"damage":3,"enemies":"Chosen","floor":18,"turns":1},{"damage":8,"enemies":"Shell Parasite","floor":20,"turns":2},{"damage":25,"enemies":"3 Cultists","floor":21,"turns":3},{"damage":23,"enemies":"Chosen and Byrds","floor":22,"turns":5},{"damage":24,"enemies":"Book of Stabbing","floor":23,"turns":3},{"damage":22,"enemies":"Snecko","floor":27,"turns":3},{"damage":14,"enemies":"3 Cultists","floor":28,"turns":3},{"damage":16,"enemies":"Cultist and Chosen","floor":31,"turns":2},{"damage":10,"enemies":"Automaton","floor":33,"turns":5},{"damage":16,"enemies":"Orb Walker","floor":35,"turns":2},{"damage":0,"enemies":"3 Shapes","floor":37,"turns":1},{"damage":35,"enemies":"Maw","floor":38,"turns":6},{"damage":31,"enemies":"Writhing Mass","floor":39,"turns":3},{"damage":83,"enemies":"Giant Head","floor":41,"turns":6}],"seed_played":"7031275536137985016","potions_obtained":[{"floor":2,"key":"Dexterity Potion"},{"floor":6,"key":"Energy Potion"},{"floor":11,"key":"FearPotion"},{"floor":16,"key":"Swift Potion"},{"floor":20,"key":"PowerPotion"},{"floor":21,"key":"Fire Potion"},{"floor":23,"key":"Poison Potion"},{"floor":27,"key":"Weak Potion"},{"floor":28,"key":"Energy Potion"},{"floor":35,"key":"Dexterity Potion"},{"floor":37,"key":"Dexterity Potion"},{"floor":39,"key":"Strength Potion"}],"is_trial":false,"path_per_floor":["M","M","?","M","M","E","?","$","T","R","M","R","$","M","R","B",null,"M","?","M","M","M","E","?","R","T","M","M","R","$","M","R","B",null,"M","?","M","M","M","R","E"],"character_chosen":"IRONCLAD","items_purchased":["Clash","Incense Burner"],"campfire_rested":3,"item_purchase_floors":[8,30],"current_hp_per_floor":[80,80,80,80,73,63,43,43,43,43,41,65,65,71,71,48,80,80,80,78,59,54,48,48,72,72,56,48,48,48,50,50,58,80,70,70,76,47,34,58,0],"gold":451,"neow_bonus":"","is_prod":false,"is_daily":true,"chose_seed":false,"campfire_upgraded":4,"win_rate":0,"timestamp":1558840562,"path_taken":["M","?","?","M","M","E","?","$","T","R","M","R","$","M","R","BOSS","M","?","M","M","?","E","?","R","T","M","M","R","$","?","R","BOSS","M","?","M","M","M","R","E"],"build_version":"2019-01-23","purchased_purges":2,"victory":false,"max_hp_per_floor":[80,80,80,80,80,80,80,80,80,80,80,80,80,80,80,80,80,80,80,80,80,80,80,80,80,80,80,80,80,80,80,80,80,80,80,80,80,80,80,80,80],"card_choices":[{"not_picked":["Twin Strike","Perfected Strike"],"picked":"Uppercut","floor":0},{"not_picked":["Ghostly Armor","True Grit"],"picked":"Warcry","floor":0},{"not_picked":["Dual Wield","Sentinel"],"picked":"Hemokinesis","floor":0},{"not_picked":["Perfected Strike","Twin Strike"],"picked":"Armaments","floor":0},{"not_picked":["Anger","Sword Boomerang"],"picked":"Pommel Strike","floor":0},{"not_picked":["Reckless Charge","Twin Strike"],"picked":"Feel No Pain","floor":0},{"not_picked":["Iron Wave","Twin Strike"],"picked":"Dramatic Entrance","floor":0},{"not_picked":["Cleave","Twin Strike"],"picked":"Thunderclap","floor":0},{"not_picked":["Twin Strike","Iron Wave"],"picked":"Body Slam","floor":0},{"not_picked":["Second Wind","Anger"],"picked":"Discovery","floor":0},{"not_picked":["Entrench","Sword Boomerang"],"picked":"Bloodletting","floor":0},{"not_picked":["Twin Strike","Anger"],"picked":"Pommel Strike","floor":0},{"not_picked":["Thunderclap","Perfected Strike"],"picked":"Infernal Blade","floor":0},{"not_picked":["Anger","Deep Breath"],"picked":"Cleave","floor":0},{"not_picked":["Clothesline","Forethought"],"picked":"Thunderclap","floor":0},{"not_picked":["Body Slam","Disarm","Perfected Strike"],"picked":"SKIP","floor":1},{"not_picked":["Flex","Pummel"],"picked":"Madness","floor":2},{"not_picked":["Iron Wave","Body Slam"],"picked":"Seeing Red","floor":4},{"not_picked":["Sword Boomerang","Second Wind"],"picked":"Berserk","floor":5},{"not_picked":["Clothesline","Fire Breathing","Pummel"],"picked":"SKIP","floor":6},{"not_picked":["Flame Barrier","Pommel Strike"],"picked":"Headbutt","floor":11},{"not_picked":["Deep Breath","Flex","Intimidate"],"picked":"SKIP","floor":14},{"not_picked":["Barricade","Feed"],"picked":"Brutality","floor":16},{"not_picked":["Metallicize","True Grit"],"picked":"Evolve","floor":17},{"not_picked":["Armaments","Seeing Red"],"picked":"Flash of Steel","floor":17},{"not_picked":["Sword Boomerang","Second Wind"],"picked":"Thunderclap","floor":17},{"not_picked":["Havoc","Armaments"],"picked":"Pommel Strike","floor":17},{"not_picked":["True Grit","Clothesline"],"picked":"Rampage","floor":18},{"not_picked":["Sword Boomerang+1","Iron Wave","Battle Trance"],"picked":"SKIP","floor":20},{"not_picked":["Intimidate","Body Slam"],"picked":"Cleave","floor":21},{"not_picked":["Fire Breathing","Jack Of All Trades"],"picked":"Enlightenment+1","floor":22},{"not_picked":["Spot Weakness","Magnetism","Bandage Up+1"],"picked":"SKIP","floor":23},{"not_picked":["Anger+1","Carnage"],"picked":"Infernal Blade","floor":25},{"not_picked":["Armaments","Blood for Blood"],"picked":"Headbutt","floor":27},{"not_picked":["Cleave","Dark Shackles","Carnage+1"],"picked":"SKIP","floor":28},{"not_picked":["Reckless Charge+1","Headbutt","Madness"],"picked":"SKIP","floor":31},{"not_picked":["Limit Break","Offering"],"picked":"Panache","floor":33},{"not_picked":["Armaments","Blind"],"picked":"Headbutt+1","floor":35},{"not_picked":["Twin Strike","Blood for Blood","Iron Wave"],"picked":"SKIP","floor":37},{"not_picked":["Shrug It Off+1","Armaments+1"],"picked":"Rampage+1","floor":38},{"not_picked":["Purity","Clothesline+1","Spot Weakness+1"],"picked":"SKIP","floor":39}],"player_experience":249438,"relics_obtained":[{"floor":6,"key":"Meat on the Bone"},{"floor":9,"key":"Ornamental Fan"},{"floor":23,"key":"Dream Catcher"},{"floor":26,"key":"Vajra"}],"event_choices":[{"damage_healed":0,"gold_gain":52,"player_choice":"Gained Gold","damage_taken":0,"max_hp_gain":0,"max_hp_loss":0,"event_name":"Golden Wing","floor":3,"gold_loss":0},{"damage_healed":0,"gold_gain":0,"player_choice":"Take Damage","damage_taken":20,"relics_obtained":["Golden Idol"],"max_hp_gain":0,"max_hp_loss":0,"event_name":"Golden Idol","floor":7,"gold_loss":0},{"damage_healed":0,"gold_gain":0,"player_choice":"Ignored","damage_taken":0,"max_hp_gain":0,"max_hp_loss":0,"event_name":"WeMeetAgain","floor":19,"gold_loss":0},{"damage_healed":0,"gold_gain":0,"player_choice":"0 cards matched","damage_taken":0,"max_hp_gain":0,"max_hp_loss":0,"event_name":"Match and Keep!","floor":24,"gold_loss":0,"cards_obtained":[]},{"damage_healed":0,"gold_gain":100,"player_choice":"Pray","damage_taken":0,"max_hp_gain":0,"max_hp_loss":0,"event_name":"Golden Shrine","floor":36,"gold_loss":0}],"is_beta":false,"boss_relics":[{"not_picked":["Ectoplasm","Sozu"],"picked":"Orrery"},{"not_picked":["Snecko Eye","Black Star"],"picked":"Runic Dome"}],"items_purged_floors":[8,30],"is_endless":false,"potions_floor_spawned":[2,6,11,16,20,21,23,27,28,35,37,39],"killed_by":"Giant Head","ascension_level":0}