{"gold_per_floor":[115,133,133,145,68,68,243,72,117,142,160,193,193],"floor_reached":13,"playtime":560,"items_purged":["Doubt"],"score":93,"play_id":"82c094d2-da8f-4fd8-b9d5-81ddee08d2bc","local_time":"20190506231521","is_ascension_mode":false,"campfire_choices":[{"data":"Defragment","floor":6,"key":"SMITH"}],"neow_cost":"NONE","seed_source_timestamp":2240988466667563,"circlet_count":0,"master_deck":["Strike_B","Strike_B","Strike_B","Strike_B","Defend_B","Defend_B","Defend_B","Defend_B","Zap","Dualcast","Coolheaded","Zap","Ball Lightning","Defragment+1","Capacitor","Sweeping Beam","Conserve Battery","Conserve Battery","Reboot"],"relics":["Cracked Core","NeowsBlessing","Lantern","Juzu Bracelet","Shuriken"],"potions_floor_usage":[10,12],"damage_taken":[{"damage":0,"enemies":"Cultist","floor":1,"turns":1},{"damage":0,"enemies":"Jaw Worm","floor":2,"turns":1},{"damage":0,"enemies":"2 Louse","floor":4,"turns":1},{"damage":36,"enemies":"Lagavulin","floor":10,"turns":4},{"damage":11,"enemies":"Large Slime","floor":11,"turns":5},{"damage":25,"enemies":"3 Sentries","floor":12,"turns":6},{"damage":9,"enemies":"3 Sentries","floor":13,"turns":2}],"seed_played":"7765562693119432688","potions_obtained":[{"floor":2,"key":"SpeedPotion"},{"floor":4,"key":"AttackPotion"},{"floor":10,"key":"EssenceOfSteel"}],"is_trial":false,"path_per_floor":["M","M","?","M","$","R","?","$","T","E","M","E","?"],"character_chosen":"DEFECT","items_purchased":["Defragment","Capacitor","Sweeping Beam"],"campfire_rested":0,"item_purchase_floors":[5,8,8],"current_hp_per_floor":[75,75,75,75,75,75,75,75,75,39,28,3,0],"gold":193,"neow_bonus":"THREE_ENEMY_KILL","is_prod":false,"is_daily":false,"chose_seed":false,"campfire_upgraded":1,"win_rate":0.0,"timestamp":1557198921,"path_taken":["M","M","?","?","$","R","?","$","T","E","M","E","?"],"build_version":"2019-01-23","purchased_purges":1,"victory":false,"max_hp_per_floor":[75,75,75,75,75,75,75,75,75,75,75,75,75],"card_choices":[{"not_picked":["Hologram","Force Field"],"picked":"Coolheaded","floor":1},{"not_picked":["Force Field","Chaos","Stack"],"picked":"SKIP","floor":2},{"not_picked":["Streamline","Leap"],"picked":"Ball Lightning","floor":4},{"not_picked":["Hologram","Go for the Eyes"],"picked":"Conserve Battery","floor":10},{"not_picked":["Compile Driver","Hologram"],"picked":"Conserve Battery","floor":11},{"not_picked":["Go for the Eyes","Fusion"],"picked":"Reboot","floor":12}],"player_experience":64769,"relics_obtained":[{"floor":9,"key":"Lantern"},{"floor":10,"key":"Juzu Bracelet"},{"floor":12,"key":"Shuriken"}],"event_choices":[{"damage_healed":0,"gold_gain":0,"player_choice":"1 cards matched","damage_taken":0,"max_hp_gain":0,"max_hp_loss":0,"event_name":"Match and Keep!","floor":3,"gold_loss":0,"cards_obtained":["Zap"]},{"damage_healed":0,"gold_gain":175,"player_choice":"AGREE","damage_taken":0,"max_hp_gain":0,"max_hp_loss":0,"event_name":"Liars Game","floor":7,"gold_loss":0,"cards_obtained":["Doubt"]},{"damage_healed":0,"gold_gain":0,"player_choice":"Searched \u00271\u0027 times","damage_taken":0,"max_hp_gain":0,"max_hp_loss":0,"event_name":"Dead Adventurer","floor":13,"gold_loss":0}],"is_beta":false,"boss_relics":[],"items_purged_floors":[8],"is_endless":false,"potions_floor_spawned":[2,4,10],"killed_by":"3 Sentries","ascension_level":0}