{"gold_per_floor":[111,286,286,356,373,400,400,418,418,452,58,90,108,108,108,206,256,275,255,61,81,81,112,112,124,150,166,166,166,177,177],"floor_reached":31,"playtime":3609,"items_purged":["Doubt"],"score":337,"play_id":"535dd241-8ab2-4af1-bb85-6cef43781b10","local_time":"20190519104333","is_ascension_mode":true,"campfire_choices":[{"floor":7.0,"key":"REST"},{"floor":15,"key":"REST"},{"data":"Armaments","floor":24,"key":"SMITH"}],"neow_cost":"NONE","seed_source_timestamp":298045820972449,"circlet_count":0,"master_deck":["Strike_R","Strike_R","Strike_R","Strike_R+1","Strike_R+1","Defend_R","Defend_R","Defend_R","Defend_R","Bash","Feed","Anger","Armaments+1","Inflame","Blood for Blood+1","Juggernaut","Metamorphosis","Finesse","Headbutt","Battle Trance","Feed","Body Slam","Clothesline+1","Inflame","Metallicize","Bandage Up","True Grit","Battle Trance+1","Shrug It Off"],"special_seed":0,"relics":["Burning Blood","The Courier","Strawberry","Bottled Flame","Darkstone Periapt","Tiny House","Du-Vu Doll","Juzu Bracelet","Happy Flower"],"potions_floor_usage":[17,23,23,27,30],"damage_taken":[{"damage":5.0,"enemies":"2 Louse","floor":1.0,"turns":3.0},{"damage":0.0,"enemies":"Small Slimes","floor":5.0,"turns":3.0},{"damage":69.0,"enemies":"3 Sentries","floor":6.0,"turns":13.0},{"damage":0.0,"enemies":"Jaw Worm","floor":8.0,"turns":3.0},{"damage":25.0,"enemies":"Lagavulin","floor":10.0,"turns":8.0},{"damage":24.0,"enemies":"3 Sentries","floor":12.0,"turns":6.0},{"damage":11.0,"enemies":"Red Slaver","floor":13.0,"turns":4.0},{"damage":54,"enemies":"The Guardian","floor":16,"turns":8},{"damage":20,"enemies":"Shell Parasite","floor":18,"turns":5},{"damage":9,"enemies":"Chosen","floor":21,"turns":5},{"damage":24,"enemies":"Gremlin Leader","floor":23,"turns":9},{"damage":34,"enemies":"Centurion and Healer","floor":25,"turns":8},{"damage":38,"enemies":"Snake Plant","floor":27,"turns":5},{"damage":36,"enemies":"Sentry and Sphere","floor":30,"turns":7},{"damage":51,"enemies":"Book of Stabbing","floor":31,"turns":5}],"seed_played":"-707189400411858724","potions_obtained":[{"floor":1.0,"key":"Fruit Juice"},{"floor":8.0,"key":"SkillPotion"},{"floor":16,"key":"BloodPotion"},{"floor":17,"key":"Fruit Juice"},{"floor":19,"key":"EssenceOfSteel"},{"floor":23,"key":"SkillPotion"}],"is_trial":false,"path_per_floor":["?","?","T","M","?","?","$","M","?","?","?"],"character_chosen":"IRONCLAD","items_purchased":["Juggernaut","Metamorphosis","Finesse","Inflame","Metallicize","Bandage Up"],"campfire_rested":2,"item_purchase_floors":[11,11,11,20,20,20],"current_hp_per_floor":[88,88,70,70,79,26,56,65,65,50,50,32,27,27,59,14,121,107,107,107,111,111,97,97,77,77,49,49,49,45,0],"gold":177,"neow_bonus":"ONE_RANDOM_RARE_CARD","is_prod":false,"is_daily":false,"chose_seed":false,"campfire_upgraded":1,"win_rate":0,"timestamp":1558251813,"path_taken":["M","?","?","?","M","E","R","M","T","E","$","E","?","?","R","BOSS","M","?","?","?","?","E","R","M","T","M","?","?","M","E"],"build_version":"2019-01-23","purchased_purges":1,"victory":false,"max_hp_per_floor":[88,88,88,88,91,101,101,104,104,108,108,108,108,108,108,111,121,121,121,121,124,124,124,124,128,128,128,128,128,135,135],"card_choices":[{"not_picked":["Burning Pact","Dual Wield"],"picked":"Anger","floor":1.0},{"not_picked":["Whirlwind","Havoc","Perfected Strike"],"picked":"SKIP","floor":5.0},{"not_picked":["Havoc","Thunderclap"],"picked":"Armaments","floor":6.0},{"not_picked":["Burning Pact","Feel No Pain"],"picked":"Inflame","floor":8.0},{"not_picked":["Second Wind","Headbutt"],"picked":"Blood for Blood","floor":10.0},{"not_picked":["Clash","Shockwave"],"picked":"Headbutt","floor":12.0},{"not_picked":["Whirlwind","Corruption"],"picked":"Battle Trance","floor":13.0},{"not_picked":["Bludgeon","Demon Form"],"picked":"Feed","floor":16},{"not_picked":["Clothesline","Havoc"],"picked":"Body Slam","floor":17},{"not_picked":["Bloodletting","Sever Soul"],"picked":"Clothesline+1","floor":18},{"not_picked":["Headbutt","Combust"],"picked":"True Grit","floor":21},{"not_picked":["Uppercut+1","Warcry"],"picked":"Battle Trance+1","floor":23},{"not_picked":["Havoc","Rampage"],"picked":"Shrug It Off","floor":25},{"not_picked":["Cleave","Pummel","Pommel Strike"],"picked":"SKIP","floor":27},{"not_picked":["Shockwave","Battle Trance","Clothesline"],"picked":"SKIP","floor":30}],"player_experience":111327,"relics_obtained":[{"floor":4.0,"key":"The Courier"},{"floor":6.0,"key":"Strawberry"},{"floor":10.0,"key":"Bottled Flame"},{"floor":12.0,"key":"Darkstone Periapt"},{"floor":23,"key":"Du-Vu Doll"},{"floor":26,"key":"Juzu Bracelet"}],"event_choices":[{"damage_healed":0.0,"max_hp_gain":0.0,"max_hp_loss":0.0,"gold_gain":175.0,"event_name":"Liars Game","player_choice":"AGREE","floor":2.0,"gold_loss":0.0,"damage_taken":0.0,"cards_obtained":["Doubt"]},{"damage_healed":0.0,"max_hp_gain":0.0,"max_hp_loss":0.0,"gold_gain":0.0,"event_name":"Shining Light","player_choice":"Entered Light","floor":3.0,"gold_loss":0.0,"damage_taken":18.0,"cards_upgraded":["Strike_R","Strike_R"]},{"damage_healed":0,"gold_gain":0,"player_choice":"Searched \u00270\u0027 times","damage_taken":0,"max_hp_gain":0,"max_hp_loss":0,"event_name":"Dead Adventurer","floor":14,"gold_loss":0},{"damage_healed":0,"gold_gain":0,"player_choice":"Bought 1 Potion","damage_taken":0,"max_hp_gain":0,"max_hp_loss":0,"event_name":"The Woman in Blue","floor":19,"gold_loss":0},{"damage_healed":0,"gold_gain":0,"player_choice":"Got Potions","damage_taken":0,"max_hp_gain":0,"max_hp_loss":0,"event_name":"Lab","floor":22,"gold_loss":0},{"damage_healed":0,"gold_gain":0,"player_choice":"Opened","damage_taken":0,"relics_obtained":["Happy Flower"],"max_hp_gain":0,"max_hp_loss":0,"event_name":"The Mausoleum","floor":28,"gold_loss":0},{"damage_healed":0,"gold_gain":0,"player_choice":"Ignored","damage_taken":0,"max_hp_gain":0,"max_hp_loss":0,"event_name":"Beggar","floor":29,"gold_loss":0}],"is_beta":false,"boss_relics":[{"not_picked":["Lizard Tail","Coffee Dripper"],"picked":"Tiny House"}],"items_purged_floors":[11],"is_endless":false,"potions_floor_spawned":[1,8,16,21,23],"killed_by":"Book of Stabbing","ascension_level":1}