{"gold_per_floor":[366,366,67,85,10,38,49,224,278,293,309,309,309,321,321,416,416,399,399],"floor_reached":19,"playtime":2770,"items_purged":["Strike_R"],"score":169,"play_id":"59409a3e-0233-4f18-b5f2-cc15ed69420a","local_time":"20190707221606","is_ascension_mode":false,"campfire_choices":[{"data":"1","floor":12,"key":"LIFT"},{"floor":15,"key":"REST"}],"neow_cost":"TEN_PERCENT_HP_LOSS","seed_source_timestamp":1752827544400,"circlet_count":0,"master_deck":["Strike_R","Strike_R","Strike_R","Defend_R","Defend_R","Defend_R","Defend_R","Bash","Body Slam","Rupture","Carnage","Rampage","True Grit","Clothesline","Uppercut","Battle Trance","Demon Form"],"relics":["Burning Blood","Girya","Omamori","Juzu Bracelet","Nunchaku","Runic Pyramid"],"potions_floor_usage":[14,16,16,19],"damage_taken":[{"damage":9,"enemies":"Small Slimes","floor":1,"turns":5},{"damage":4,"enemies":"Cultist","floor":4,"turns":4},{"damage":58,"enemies":"Lagavulin","floor":6,"turns":9},{"damage":6,"enemies":"Jaw Worm","floor":7,"turns":3},{"damage":17,"enemies":"3 Louse","floor":10,"turns":5},{"damage":6,"enemies":"2 Fungi Beasts","floor":11,"turns":4},{"damage":0,"enemies":"Looter","floor":14,"turns":2},{"damage":41,"enemies":"Hexaghost","floor":16,"turns":8},{"damage":44,"enemies":"2 Thieves","floor":18,"turns":4},{"damage":47,"enemies":"Masked Bandits","floor":19,"turns":3}],"seed_played":"5486868700667557644","potions_obtained":[{"floor":10,"key":"PowerPotion"},{"floor":11,"key":"Block Potion"},{"floor":14,"key":"BloodPotion"},{"floor":16,"key":"EssenceOfSteel"}],"is_trial":false,"path_per_floor":["M","?","$","M","$","E","M","?","T","M","M","R","T","M","R","B",null,"M","?"],"character_chosen":"IRONCLAD","items_purchased":["Girya"],"campfire_rested":1,"item_purchase_floors":[3],"current_hp_per_floor":[69,69,69,71,71,19,19,19,19,8,8,8,8,14,35,18,72,34,0],"gold":399,"neow_bonus":"TWO_FIFTY_GOLD","is_prod":false,"is_daily":false,"chose_seed":false,"campfire_upgraded":0,"win_rate":0,"timestamp":1562530566,"path_taken":["M","?","$","?","$","E","M","?","T","M","M","R","?","M","R","BOSS","M","?"],"build_version":"2019-07-05","purchased_purges":1,"victory":false,"max_hp_per_floor":[72,72,72,72,72,72,72,72,72,72,72,72,72,72,72,72,72,72,72],"card_choices":[{"not_picked":["Clash","True Grit"],"picked":"Body Slam","floor":1},{"not_picked":["True Grit","Pummel"],"picked":"Carnage","floor":4},{"not_picked":["True Grit","Pummel"],"picked":"Rampage","floor":6},{"not_picked":["Clash","Perfected Strike"],"picked":"True Grit","floor":7},{"not_picked":["Blood for Blood","Perfected Strike"],"picked":"Clothesline","floor":10},{"not_picked":["Sever Soul","Dark Embrace"],"picked":"Uppercut","floor":11},{"not_picked":["Headbutt","Cleave"],"picked":"Battle Trance","floor":14},{"not_picked":["Limit Break","Berserk"],"picked":"Demon Form","floor":16},{"not_picked":["Feel No Pain","Clash","Second Wind"],"picked":"SKIP","floor":18}],"player_experience":56125,"relics_obtained":[{"floor":6,"key":"Omamori"},{"floor":9,"key":"Juzu Bracelet"},{"floor":13,"key":"Nunchaku"}],"event_choices":[{"damage_healed":0,"gold_gain":0,"cards_transformed":["Strike_R"],"player_choice":"Transformed","damage_taken":0,"max_hp_gain":0,"max_hp_loss":0,"event_name":"Transmorgrifier","floor":2,"gold_loss":0,"cards_obtained":["Rupture"]},{"damage_healed":0,"gold_gain":175,"player_choice":"AGREE","damage_taken":0,"max_hp_gain":0,"max_hp_loss":0,"event_name":"Liars Game","floor":8,"gold_loss":0,"cards_obtained":["Doubt"]},{"damage_healed":0,"gold_gain":0,"player_choice":"Fought Bandits","damage_taken":0,"max_hp_gain":0,"max_hp_loss":0,"event_name":"Masked Bandits","floor":19,"gold_loss":0}],"is_beta":false,"boss_relics":[{"not_picked":["White Beast Statue","Lizard Tail"],"picked":"Runic Pyramid"}],"items_purged_floors":[5],"is_endless":false,"potions_floor_spawned":[10,11,14,16],"killed_by":"Masked Bandits","ascension_level":0}