{"gold_per_floor":[119,119,119,44,54,79,79,113,167,167,167,185,33,53,53,157,157,170,170,180,180,193,193,208,208,256,206,206,206,18,37,37,139,139,157,174,194,212,212,212,226,244,269,286,304,333,283,309,309,309,309,309,82,113,113],"floor_reached":56,"playtime":6691,"items_purged":["Strike_R","Strike_R","Strike_R","Inflame","Regret","Strike_R"],"score":1241,"play_id":"57079e48-bdec-4506-aa6e-0606e29428e2","local_time":"20190623095211","is_ascension_mode":true,"campfire_choices":[{"floor":7.0,"key":"REST"},{"floor":11.0,"key":"REST"},{"data":"Entrench","floor":15.0,"key":"SMITH"},{"data":"Barricade","floor":23.0,"key":"SMITH"},{"data":"Body Slam","floor":25.0,"key":"SMITH"},{"data":"Disarm","floor":29.0,"key":"SMITH"},{"data":"Flame Barrier","floor":32.0,"key":"SMITH"},{"data":"True Grit","floor":40.0,"key":"SMITH"},{"floor":49,"key":"RECALL"},{"data":"Dark Shackles","floor":52,"key":"SMITH"}],"neow_cost":"PERCENT_DAMAGE","seed_source_timestamp":122986197392134,"circlet_count":0,"master_deck":["Defend_R","Defend_R","Defend_R","Bash","Barricade+1","Disarm+1","Body Slam+1","Dark Shackles+1","Spot Weakness","Entrench+1","Shrug It Off","Flame Barrier+1","Iron Wave","Shrug It Off","Good Instincts","Iron Wave","Iron Wave+1","True Grit+1","Shrug It Off+1","Parasite","Armaments+1","Body Slam","Dual Wield+1"],"special_seed":0,"relics":["Burning Blood","Anchor","Omamori","Smiling Mask","Cursed Key","Boot","Happy Flower","Runic Pyramid","Pocketwatch","Toxic Egg 2","Bronze Scales","Mummified Hand"],"potions_floor_usage":[55,55,55],"damage_taken":[{"damage":6.0,"enemies":"Jaw Worm","floor":1.0,"turns":3.0},{"damage":3.0,"enemies":"Small Slimes","floor":5.0,"turns":4.0},{"damage":58.0,"enemies":"3 Sentries","floor":6.0,"turns":18.0},{"damage":25.0,"enemies":"Gremlin Nob","floor":8.0,"turns":5.0},{"damage":3.0,"enemies":"Cultist","floor":12.0,"turns":4.0},{"damage":4.0,"enemies":"Exordium Wildlife","floor":14.0,"turns":6.0},{"damage":12.0,"enemies":"Hexaghost","floor":16.0,"turns":8.0},{"damage":6.0,"enemies":"Shell Parasite","floor":18.0,"turns":8.0},{"damage":6.0,"enemies":"Chosen","floor":20.0,"turns":12.0},{"damage":23.0,"enemies":"Shelled Parasite and Fungi","floor":22.0,"turns":8.0},{"damage":0.0,"enemies":"Cultist and Chosen","floor":24.0,"turns":10.0},{"damage":1.0,"enemies":"Chosen and Byrds","floor":31.0,"turns":7.0},{"damage":59.0,"enemies":"Collector","floor":33.0,"turns":15.0},{"damage":0.0,"enemies":"Orb Walker","floor":35.0,"turns":4.0},{"damage":0.0,"enemies":"3 Shapes","floor":36.0,"turns":7.0},{"damage":0.0,"enemies":"Spire Growth","floor":37.0,"turns":5.0},{"damage":0.0,"enemies":"3 Darklings","floor":38.0,"turns":8.0},{"damage":7.0,"enemies":"Sphere and 2 Shapes","floor":41.0,"turns":9.0},{"damage":0.0,"enemies":"Writhing Mass","floor":42.0,"turns":5.0},{"damage":16.0,"enemies":"Jaw Worm Horde","floor":44.0,"turns":7.0},{"damage":20,"enemies":"4 Shapes","floor":45,"turns":8},{"damage":46,"enemies":"Reptomancer","floor":46,"turns":7},{"damage":0,"enemies":"Nemesis","floor":48,"turns":7},{"damage":12,"enemies":"Time Eater","floor":50,"turns":10},{"damage":7,"enemies":"Shield and Spear","floor":54,"turns":8},{"damage":7,"enemies":"The Heart","floor":55,"turns":8}],"seed_played":"-3011332226723400814","potions_obtained":[{"floor":1.0,"key":"Fire Potion"},{"floor":8.0,"key":"GamblersBrew"},{"floor":12.0,"key":"Explosive Potion"},{"floor":20.0,"key":"LiquidBronze"},{"floor":33.0,"key":"Energy Potion"},{"floor":36.0,"key":"EssenceOfSteel"},{"floor":41.0,"key":"Dexterity Potion"}],"is_trial":false,"path_per_floor":["?","?","M","?","?","?","?","M","?"],"character_chosen":"IRONCLAD","items_purchased":["Shrug It Off","Inflame","Good Instincts","Iron Wave","Bronze Scales","Body Slam"],"campfire_rested":2,"item_purchase_floors":[13,13,30,30,53,53],"current_hp_per_floor":[56,56,56,56,59,7,31,12,12,17,42,45,45,47,47,41,85,85,85,85,85,68,68,74,74,74,74,74,74,74,79,79,26,85,85,85,85,85,85,85,84,85,85,75,61,21,21,27,27,21,85,85,85,84,83],"gold":113,"neow_bonus":"THREE_RARE_CARDS","is_prod":false,"is_daily":false,"chose_seed":false,"campfire_upgraded":7,"win_rate":0,"timestamp":1561272731,"path_taken":["M","?","?","$","?","E","R","E","T","?","R","M","$","M","R","BOSS","M","?","M","?","M","R","M","R","T","$","?","R","$","M","R","BOSS","M","?","M","M","?","R","M","M","T","M","M","E","$","E","R","BOSS","R","$","E","BOSS"],"build_version":"2019-01-23","purchased_purges":6,"victory":true,"max_hp_per_floor":[80,80,80,80,80,80,80,80,80,85,85,85,85,85,85,85,85,85,85,85,85,85,85,85,85,85,85,85,85,85,85,85,85,85,85,85,85,85,85,85,85,85,85,85,85,85,85,85,85,85,85,85,85,85,85],"card_choices":[{"not_picked":["Fiend Fire","Berserk"],"picked":"Barricade","floor":0.0},{"not_picked":["Anger","Pommel Strike"],"picked":"Inflame","floor":1.0},{"not_picked":["Evolve","Intimidate","Clothesline"],"picked":"SKIP","floor":5.0},{"not_picked":["Perfected Strike","Corruption"],"picked":"Spot Weakness","floor":6.0},{"not_picked":["Bloodletting","Clothesline","Hemokinesis"],"picked":"SKIP","floor":8.0},{"not_picked":["Pummel","Infernal Blade"],"picked":"Entrench","floor":12.0},{"not_picked":["Cleave","Pommel Strike"],"picked":"Flame Barrier","floor":14.0},{"not_picked":["Sword Boomerang","Heavy Blade","Havoc"],"picked":"SKIP","floor":18.0},{"not_picked":["Carnage","Flex","Sentinel"],"picked":"SKIP","floor":20.0},{"not_picked":["Cleave","Uppercut"],"picked":"Iron Wave","floor":22.0},{"not_picked":["Heavy Blade","Headbutt+1"],"picked":"Shrug It Off","floor":24.0},{"not_picked":["Pommel Strike","Twin Strike+1"],"picked":"Iron Wave+1","floor":31.0},{"not_picked":["Body Slam","Cleave+1"],"picked":"True Grit","floor":35.0},{"not_picked":["Headbutt+1","Clothesline+1","Second Wind+1"],"picked":"SKIP","floor":36.0},{"not_picked":["Headbutt+1","True Grit","Fire Breathing"],"picked":"SKIP","floor":37.0},{"not_picked":["Iron Wave","Anger+1","Searing Blow"],"picked":"SKIP","floor":38.0},{"not_picked":["Fire Breathing","Dropkick+1"],"picked":"Shrug It Off+1","floor":41.0},{"not_picked":["Uppercut+1","Evolve+1","Corruption+1"],"picked":"SKIP","floor":42.0},{"not_picked":["Brutality","Seeing Red+1"],"picked":"Armaments+1","floor":44.0},{"not_picked":["Corruption+1","Cleave+1","Shrug It Off"],"picked":"SKIP","floor":45},{"not_picked":["Feel No Pain","Sever Soul+1","Ghostly Armor"],"picked":"SKIP","floor":46},{"not_picked":["Anger+1","Thunderclap+1","Bloodletting"],"picked":"SKIP","floor":48},{"not_picked":["Clothesline+1","Combust+1"],"picked":"Dual Wield+1","floor":54}],"player_experience":204524,"relics_obtained":[{"floor":6.0,"key":"Anchor"},{"floor":8.0,"key":"Omamori"},{"floor":9.0,"key":"Smiling Mask"},{"floor":26.0,"key":"Happy Flower"},{"floor":46,"key":"Pocketwatch"},{"floor":48,"key":"Toxic Egg 2"},{"floor":54,"key":"Mummified Hand"}],"event_choices":[{"cards_removed":["Strike_R"],"damage_healed":0.0,"max_hp_gain":0.0,"max_hp_loss":0.0,"gold_gain":0.0,"event_name":"Living Wall","player_choice":"Forget","floor":2.0,"gold_loss":0.0,"damage_taken":0.0},{"damage_healed":0.0,"max_hp_gain":0.0,"max_hp_loss":0.0,"gold_gain":0.0,"event_name":"Match and Keep!","player_choice":"3 cards matched","floor":3.0,"gold_loss":0.0,"damage_taken":0.0,"cards_obtained":["Disarm","Body Slam","Dark Shackles"]},{"damage_healed":0.0,"max_hp_gain":5.0,"max_hp_loss":0.0,"gold_gain":0.0,"event_name":"Big Fish","player_choice":"Donut","floor":10.0,"gold_loss":0.0,"damage_taken":0.0},{"damage_healed":0.0,"max_hp_gain":0.0,"max_hp_loss":0.0,"gold_gain":0.0,"event_name":"The Mausoleum","player_choice":"Opened","floor":19.0,"gold_loss":0.0,"damage_taken":0.0,"relics_obtained":["Boot"],"cards_obtained":["Writhe"]},{"damage_healed":0.0,"max_hp_gain":0.0,"max_hp_loss":0.0,"gold_gain":0.0,"event_name":"Beggar","player_choice":"Ignored","floor":21.0,"gold_loss":0.0,"damage_taken":0.0},{"cards_removed":["Inflame"],"damage_healed":0.0,"max_hp_gain":0.0,"max_hp_loss":0.0,"gold_gain":0.0,"event_name":"Purifier","player_choice":"Purged","floor":28.0,"gold_loss":0.0,"damage_taken":0.0},{"cards_removed":["Defend_R"],"damage_healed":0.0,"max_hp_gain":0.0,"max_hp_loss":0.0,"gold_gain":0.0,"event_name":"Purifier","player_choice":"Purged","floor":39.0,"gold_loss":0.0,"damage_taken":0.0}],"is_beta":false,"boss_relics":[{"not_picked":["Black Star","Runic Cube"],"picked":"Cursed Key"},{"not_picked":["Coffee Dripper","Black Blood"],"picked":"Runic Pyramid"}],"items_purged_floors":[4,13,27,30,47,53],"is_endless":false,"potions_floor_spawned":[1,8,12,20,33,36,41,44,45,48],"ascension_level":1}