{"gold_per_floor":[414,429,68,83,83,121,121,42,92,111,130,130],"floor_reached":12,"playtime":606,"items_purged":[],"score":80,"play_id":"5d520c80-7b78-4937-8149-b023cc5a892b","local_time":"20190523204715","daily_mods":["Heirloom","Vintage","DeadlyEvents"],"is_ascension_mode":false,"campfire_choices":[],"neow_cost":"","seed_source_timestamp":547770685374144,"circlet_count":0,"master_deck":["Defend_G","Defend_G","Defend_G","Defend_G","Defend_G","Strike_G","Strike_G","Strike_G","Strike_G","Strike_G+1","Survivor","Neutralize+1","Accuracy+1","Blade Dance","Accuracy","Acrobatics","Injury","Cloak And Dagger","Well Laid Plans"],"special_seed":18040,"relics":["Ring of the Snake","Old Coin","Singing Bowl","Bottled Flame","DollysMirror","Gremlin Horn","Golden Idol","Potion Belt","Blood Vial","Whetstone","Sundial"],"potions_floor_usage":[6,12],"damage_taken":[{"damage":5,"enemies":"2 Louse","floor":1,"turns":2},{"damage":2,"enemies":"Small Slimes","floor":2,"turns":3},{"damage":0,"enemies":"Cultist","floor":4,"turns":4},{"damage":17,"enemies":"3 Sentries","floor":6,"turns":9},{"damage":18,"enemies":"Large Slime","floor":10,"turns":5},{"damage":3,"enemies":"Blue Slaver","floor":11,"turns":3},{"damage":38,"enemies":"Gremlin Nob","floor":12,"turns":4}],"seed_played":"8609571646194855566","potions_obtained":[{"floor":2,"key":"GhostInAJar"},{"floor":6,"key":"Poison Potion"},{"floor":10,"key":"PowerPotion"}],"is_trial":false,"path_per_floor":["M","M","$","M","?","E","?","$","T","M","M","E"],"character_chosen":"THE_SILENT","items_purchased":["Accuracy","Blade Dance","DollysMirror","Acrobatics","Well Laid Plans"],"campfire_rested":0,"item_purchase_floors":[3,3,3,3,8],"current_hp_per_floor":[65,63,63,63,63,46,46,46,46,30,29,0],"gold":130,"neow_bonus":"","is_prod":false,"is_daily":true,"chose_seed":false,"campfire_upgraded":0,"win_rate":0,"timestamp":1558658835,"path_taken":["M","M","$","M","?","E","?","$","T","M","M","E"],"build_version":"2019-01-23","purchased_purges":0,"victory":false,"max_hp_per_floor":[70,70,70,70,70,70,70,70,70,70,70,70],"card_choices":[{"not_picked":["Terror","Backflip"],"picked":"Cloak And Dagger","floor":6}],"player_experience":234991,"relics_obtained":[{"floor":1,"key":"Singing Bowl"},{"floor":2,"key":"Bottled Flame"},{"floor":4,"key":"Gremlin Horn"},{"floor":6,"key":"Potion Belt"},{"floor":9,"key":"Blood Vial"},{"floor":10,"key":"Whetstone"},{"floor":11,"key":"Sundial"}],"event_choices":[{"damage_healed":0,"gold_gain":0,"player_choice":"Take Wound","damage_taken":0,"relics_obtained":["Golden Idol"],"max_hp_gain":0,"max_hp_loss":0,"event_name":"Golden Idol","floor":5,"gold_loss":0,"cards_obtained":["Injury"]},{"damage_healed":0,"gold_gain":0,"player_choice":"Grow","damage_taken":0,"max_hp_gain":0,"max_hp_loss":0,"event_name":"Living Wall","floor":7,"gold_loss":0,"cards_upgraded":["Accuracy"]}],"is_beta":false,"boss_relics":[],"items_purged_floors":[],"is_endless":false,"potions_floor_spawned":[2,6,10],"killed_by":"Gremlin Nob","ascension_level":0}