{"gold_per_floor":[110,124,124,136,136,167,167,167,193,193,205,220,26,43,43,146,146,160,186,101,117,217,217,217,252,299,299,44,63,96,110,110,211,211,231,578,578,588,599,631,631,631,631,631,631,642,662,678,678,678],"floor_reached":50,"playtime":4017,"items_purged":[],"score":614,"play_id":"b6b81f88-c944-4cae-8168-2c29a227e6bd","local_time":"20190627233406","is_ascension_mode":false,"campfire_choices":[{"data":"True Grit","floor":8,"key":"SMITH"},{"floor":10,"key":"REST"},{"floor":15,"key":"REST"},{"floor":23,"key":"REST"},{"data":"Pommel Strike","floor":27,"key":"SMITH"},{"data":"Shrug It Off","floor":32,"key":"SMITH"},{"floor":42,"key":"REST"},{"data":"Heavy Blade","floor":45,"key":"SMITH"},{"floor":49,"key":"REST"}],"neow_cost":"NONE","seed_source_timestamp":12071236250329,"circlet_count":0,"master_deck":["Strike_R","Strike_R","Strike_R","Strike_R","Strike_R","Defend_R","Defend_R","Defend_R","Defend_R","Bash","True Grit+1","Sword Boomerang","Twin Strike","Heavy Blade+1","Disarm","Shrug It Off+1","Cleave","Finesse","Flex","Metallicize","Pommel Strike+1","Armaments","Impervious","Perfected Strike+1","Rage+1","Immolate","Iron Wave+1","Battle Trance","Body Slam","Shrug It Off+1","Shrug It Off+1","Thunderclap","Limit Break","Armaments+1","Shrug It Off+1","Madness","Madness","Infernal Blade","Reckless Charge+1","Carnage+1","Good Instincts","Perfected Strike+1","Body Slam+1"],"relics":["Burning Blood","Ancient Tea Set","PreservedInsect","Dream Catcher","Happy Flower","Philosopher\u0027s Stone","Red Mask","Red Skull","Paper Frog","Unceasing Top","Mercury Hourglass","Bag of Marbles","Matryoshka","Omamori","Sozu","Old Coin","Lantern","Strawberry","Bag of Preparation"],"potions_floor_usage":[19,33,33,33],"damage_taken":[{"damage":0,"enemies":"2 Louse","floor":1,"turns":3},{"damage":6,"enemies":"Cultist","floor":2,"turns":5},{"damage":3,"enemies":"Small Slimes","floor":4,"turns":5},{"damage":37,"enemies":"Lagavulin","floor":6,"turns":8},{"damage":14,"enemies":"Blue Slaver","floor":7,"turns":4},{"damage":13,"enemies":"3 Louse","floor":11,"turns":4},{"damage":10,"enemies":"Large Slime","floor":12,"turns":8},{"damage":7,"enemies":"Gremlin Gang","floor":14,"turns":6},{"damage":34,"enemies":"Slime Boss","floor":16,"turns":14},{"damage":17,"enemies":"3 Byrds","floor":18,"turns":7},{"damage":42,"enemies":"Masked Bandits","floor":19,"turns":7},{"damage":0,"enemies":"Shell Parasite","floor":21,"turns":5},{"damage":5,"enemies":"Colosseum Slavers","floor":22,"turns":3},{"damage":0,"enemies":"Colosseum Nobs","floor":22,"turns":4},{"damage":2,"enemies":"Book of Stabbing","floor":25,"turns":5},{"damage":6,"enemies":"3 Cultists","floor":29,"turns":5},{"damage":0,"enemies":"Gremlin Leader","floor":30,"turns":2},{"damage":1,"enemies":"Snake Plant","floor":31,"turns":3},{"damage":64,"enemies":"Collector","floor":33,"turns":7},{"damage":1,"enemies":"Orb Walker","floor":35,"turns":3},{"damage":14,"enemies":"2 Orb Walkers","floor":36,"turns":3},{"damage":17,"enemies":"3 Shapes","floor":38,"turns":4},{"damage":32,"enemies":"Writhing Mass","floor":39,"turns":5},{"damage":3,"enemies":"Reptomancer","floor":40,"turns":4},{"damage":36,"enemies":"Transient","floor":46,"turns":5},{"damage":0,"enemies":"Maw","floor":47,"turns":4},{"damage":10,"enemies":"Writhing Mass","floor":48,"turns":3},{"damage":60,"enemies":"Time Eater","floor":50,"turns":7}],"seed_played":"-3946282667104633974","potions_obtained":[{"floor":2,"key":"Energy Potion"},{"floor":4,"key":"FearPotion"},{"floor":6,"key":"Strength Potion"},{"floor":16,"key":"AttackPotion"},{"floor":18,"key":"SpeedPotion"},{"floor":19,"key":"GamblersBrew"},{"floor":25,"key":"PowerPotion"},{"floor":31,"key":"Dexterity Potion"}],"is_trial":false,"path_per_floor":["M","M","?","M","?","E","M","R","T","R","M","M","$","M","R","B",null,"M","?","?","M","?","R","?","E","T","R","$","M","E","M","R","B",null,"M","?","?","M","M","E","?","R","T","?","R","M","M","M","R","B"],"character_chosen":"IRONCLAD","items_purchased":["Finesse","Flex","Metallicize","Matryoshka"],"campfire_rested":5,"item_purchase_floors":[13,13,13,28],"current_hp_per_floor":[80,80,80,80,80,49,41,41,41,65,58,54,54,53,77,49,80,69,33,33,39,46,70,70,74,74,74,74,74,80,80,80,22,80,80,72,62,51,25,28,28,52,59,59,59,29,35,31,57,0],"gold":678,"neow_bonus":"RANDOM_COMMON_RELIC","is_prod":false,"is_daily":false,"chose_seed":false,"campfire_upgraded":4,"win_rate":0,"timestamp":1561671246,"path_taken":["M","M","?","?","?","E","M","R","T","R","?","M","$","M","R","BOSS","M","?","?","M","?","R","?","E","T","R","$","?","E","M","R","BOSS","M","?","?","?","M","E","?","R","T","?","R","M","M","M","R","BOSS"],"build_version":"2019-01-23","purchased_purges":0,"victory":false,"max_hp_per_floor":[80,80,80,80,80,80,80,80,80,80,80,80,80,80,80,80,80,80,80,80,80,80,80,80,80,80,80,80,80,80,80,80,80,80,80,80,80,80,80,80,80,80,87,87,87,87,87,87,87,87],"card_choices":[{"not_picked":["Searing Blow","Sentinel"],"picked":"True Grit","floor":1},{"not_picked":["Power Through","Clothesline"],"picked":"Sword Boomerang","floor":2},{"not_picked":["Searing Blow","Perfected Strike"],"picked":"Second Wind","floor":4},{"not_picked":["Fiend Fire","Entrench"],"picked":"Twin Strike","floor":6},{"not_picked":["Havoc","Body Slam"],"picked":"Heavy Blade","floor":7},{"not_picked":["Carnage","Dropkick"],"picked":"Disarm","floor":10},{"not_picked":["Warcry","Uppercut"],"picked":"Shrug It Off","floor":11},{"not_picked":["Offering","Havoc"],"picked":"Cleave","floor":12},{"not_picked":["Sentinel","Pummel"],"picked":"Pommel Strike","floor":14},{"not_picked":["Sword Boomerang","Combust"],"picked":"Armaments","floor":15},{"not_picked":["Barricade","Limit Break"],"picked":"Impervious","floor":16},{"not_picked":["Carnage","Body Slam"],"picked":"Perfected Strike+1","floor":18},{"not_picked":["Searing Blow","Sever Soul"],"picked":"Rage+1","floor":19},{"not_picked":["Anger","Flex"],"picked":"Immolate","floor":21},{"not_picked":["Thunderclap","Wild Strike"],"picked":"Iron Wave+1","floor":22},{"not_picked":["Combust","Dropkick"],"picked":"Battle Trance","floor":23},{"not_picked":["Reaper","Searing Blow"],"picked":"Body Slam","floor":25},{"not_picked":["Bloodletting","Havoc"],"picked":"Shrug It Off+1","floor":29},{"not_picked":["Warcry","Brutality"],"picked":"Shrug It Off","floor":30},{"not_picked":["Flex","Clash"],"picked":"Thunderclap","floor":31},{"not_picked":["Fiend Fire","Bludgeon"],"picked":"Limit Break","floor":33},{"not_picked":["Headbutt+1","Shrug It Off"],"picked":"Armaments+1","floor":35},{"not_picked":["Corruption","Thunderclap+1"],"picked":"Shrug It Off+1","floor":36},{"not_picked":["Rupture","Anger+1"],"picked":"Infernal Blade","floor":38},{"not_picked":["Sever Soul+1","Perfected Strike"],"picked":"Reckless Charge+1","floor":39},{"not_picked":["Body Slam","Burning Pact+1"],"picked":"Carnage+1","floor":40},{"not_picked":["Metamorphosis","Trip"],"picked":"Good Instincts","floor":44},{"not_picked":["True Grit","Feel No Pain"],"picked":"Perfected Strike+1","floor":46},{"not_picked":["Uppercut+1","Armaments+1"],"picked":"Body Slam+1","floor":47},{"not_picked":["Reckless Charge","Pommel Strike","Body Slam"],"picked":"SKIP","floor":48}],"player_experience":19772,"relics_obtained":[{"floor":6,"key":"Dream Catcher"},{"floor":9,"key":"Happy Flower"},{"floor":19,"key":"Red Mask"},{"floor":22,"key":"Paper Frog"},{"floor":22,"key":"Unceasing Top"},{"floor":25,"key":"Mercury Hourglass"},{"floor":26,"key":"Bag of Marbles"},{"floor":30,"key":"Omamori"},{"floor":36,"key":"Old Coin"},{"floor":40,"key":"Lantern"},{"floor":43,"key":"Strawberry"},{"floor":43,"key":"Bag of Preparation"}],"event_choices":[{"damage_healed":0,"gold_gain":0,"player_choice":"Gave Potion","damage_taken":0,"relics_obtained":["PreservedInsect"],"max_hp_gain":0,"max_hp_loss":0,"event_name":"WeMeetAgain","floor":3,"gold_loss":0},{"cards_removed":["Second Wind"],"damage_healed":0,"gold_gain":0,"player_choice":"Purged","damage_taken":0,"max_hp_gain":0,"max_hp_loss":0,"event_name":"Purifier","floor":5,"gold_loss":0},{"damage_healed":0,"gold_gain":0,"player_choice":"Fought Bandits","damage_taken":0,"max_hp_gain":0,"max_hp_loss":0,"event_name":"Masked Bandits","floor":19,"gold_loss":0},{"damage_healed":0,"gold_gain":0,"player_choice":"Obtained Relic","damage_taken":0,"relics_obtained":["Red Skull"],"max_hp_gain":0,"max_hp_loss":0,"event_name":"Addict","floor":20,"gold_loss":85},{"damage_healed":0,"gold_gain":0,"player_choice":"Fight","damage_taken":0,"max_hp_gain":0,"max_hp_loss":0,"event_name":"Colosseum","floor":22,"gold_loss":0},{"damage_healed":0,"gold_gain":0,"player_choice":"Fought Nobs","damage_taken":0,"max_hp_gain":0,"max_hp_loss":0,"event_name":"Colosseum","floor":22,"gold_loss":0},{"damage_healed":0,"gold_gain":0,"player_choice":"Forge","damage_taken":0,"max_hp_gain":0,"max_hp_loss":0,"event_name":"Accursed Blacksmith","floor":24,"gold_loss":0,"cards_upgraded":["Shrug It Off"]},{"damage_healed":0,"gold_gain":0,"player_choice":"Fight","damage_taken":0,"max_hp_gain":0,"max_hp_loss":0,"event_name":"Mysterious Sphere","floor":36,"gold_loss":0},{"damage_healed":0,"gold_gain":0,"player_choice":"Embrace Madness","damage_taken":10,"max_hp_gain":0,"max_hp_loss":0,"event_name":"Winding Halls","floor":37,"gold_loss":0,"cards_obtained":["Madness","Madness"]},{"damage_healed":0,"gold_gain":0,"player_choice":"Ignored","damage_taken":0,"max_hp_gain":0,"max_hp_loss":0,"event_name":"The Moai Head","floor":41,"gold_loss":0},{"damage_healed":0,"gold_gain":0,"player_choice":"Memory 1","damage_taken":0,"max_hp_gain":0,"max_hp_loss":0,"event_name":"SensoryStone","floor":44,"gold_loss":0}],"is_beta":false,"boss_relics":[{"not_picked":["Runic Dome","Empty Cage"],"picked":"Philosopher\u0027s Stone"},{"not_picked":["Fusion Hammer","Snecko Eye"],"picked":"Sozu"}],"items_purged_floors":[],"is_endless":false,"potions_floor_spawned":[2,4,6,16,18,19,25,31,35,36,47],"killed_by":"Time Eater","ascension_level":0}