{"gold_per_floor":[114,114,129,144,156,198,235,262,324,17,32,32,47,62,62,162,162,177,177,192,217,232,262,277,307,357,357,372,387,402,327,327,427,427,442,21,21,36,36,66,66,66,66,81,81,81,96,111,111,111],"floor_reached":51,"playtime":2372,"items_purged":[],"score":998,"play_id":"24c428e7-c419-4b1e-992c-6a0639f62c89","local_time":"20190514211636","daily_mods":["Cursed Run","Vintage","Terminal"],"is_ascension_mode":false,"campfire_choices":[{"data":"Choke","floor":15,"key":"SMITH"},{"data":"Tactician","floor":32,"key":"SMITH"},{"data":"Blade Dance","floor":42,"key":"SMITH"},{"data":"Dagger Spray","floor":46,"key":"SMITH"},{"data":"Dagger Spray","floor":49,"key":"SMITH"}],"neow_cost":"","seed_source_timestamp":0,"circlet_count":0,"master_deck":["Defend_G","Defend_G","Defend_G","Strike_G","Strike_G","Survivor","Neutralize","Tactician+1","Choke+1","Decay","Regret","Accuracy+1","Noxious Fumes+1","Parasite","Tools of the Trade+1","Dagger Spray+1","Dagger Spray+1","Panacea","Tools of the Trade+1","Neutralize","Pain","A Thousand Cuts+1","Underhanded Strike+1","Blade Dance+1","Poisoned Stab","Poisoned Stab+1","Blade Dance+1","Dagger Throw+1","Dagger Throw","Dagger Spray","Madness","Madness","Glass Knife+1","Pain","Pain"],"special_seed":18031,"relics":["Cursed Key","Darkstone Periapt","Du-Vu Doll","Bag of Marbles","Frozen Egg 2","MawBank","The Courier","Anchor","Ornamental Fan","Centennial Puzzle","Blue Candle","Vajra","GremlinMask","Shuriken","Sundial","Busted Crown","Omamori","Orichalcum","Bag of Preparation","Ninja Scroll","Gremlin Horn","Mercury Hourglass","Bronze Scales","Smiling Mask","Dodecahedron","PreservedInsect","Happy Flower","Orrery","Paper Crane","Lantern","Kunai","Molten Egg 2","Singing Bowl","Pantograph","Art of War","Blood Vial","Whetstone"],"potions_floor_usage":[6,6,13,22,28,29,30,50,50],"damage_taken":[{"damage":1,"enemies":"Jaw Worm","floor":1,"turns":3},{"damage":0,"enemies":"Small Slimes","floor":3,"turns":3},{"damage":0,"enemies":"2 Louse","floor":4,"turns":2},{"damage":20,"enemies":"3 Sentries","floor":6,"turns":10},{"damage":0,"enemies":"Red Slaver","floor":8,"turns":3},{"damage":2,"enemies":"2 Fungi Beasts","floor":11,"turns":3},{"damage":1,"enemies":"Gremlin Gang","floor":13,"turns":3},{"damage":2,"enemies":"Exordium Thugs","floor":14,"turns":4},{"damage":15,"enemies":"The Guardian","floor":16,"turns":7},{"damage":4,"enemies":"Chosen","floor":18,"turns":3},{"damage":11,"enemies":"Spheric Guardian","floor":20,"turns":4},{"damage":3,"enemies":"Shelled Parasite and Fungi","floor":22,"turns":4},{"damage":3,"enemies":"Slavers","floor":23,"turns":3},{"damage":1,"enemies":"Centurion and Healer","floor":24,"turns":2},{"damage":0,"enemies":"Gremlin Leader","floor":25,"turns":3},{"damage":2,"enemies":"3 Cultists","floor":28,"turns":2},{"damage":2,"enemies":"Chosen and Byrds","floor":29,"turns":2},{"damage":2,"enemies":"Cultist and Chosen","floor":30,"turns":3},{"damage":40,"enemies":"Champ","floor":33,"turns":8},{"damage":4,"enemies":"Orb Walker","floor":35,"turns":1},{"damage":3,"enemies":"3 Shapes","floor":38,"turns":1},{"damage":1,"enemies":"Giant Head","floor":40,"turns":4},{"damage":3,"enemies":"Maw","floor":44,"turns":3},{"damage":32,"enemies":"Transient","floor":47,"turns":5},{"damage":0,"enemies":"4 Shapes","floor":48,"turns":1},{"damage":17,"enemies":"Awakened One","floor":50,"turns":7}],"seed_played":"-1876816699338199353","potions_obtained":[{"floor":3,"key":"LiquidBronze"},{"floor":4,"key":"SkillPotion"},{"floor":11,"key":"Energy Potion"},{"floor":16,"key":"SmokeBomb"},{"floor":20,"key":"Block Potion"},{"floor":23,"key":"LiquidBronze"},{"floor":25,"key":"SkillPotion"},{"floor":28,"key":"Swift Potion"},{"floor":35,"key":"Energy Potion"},{"floor":47,"key":"Weak Potion"},{"floor":48,"key":"EssenceOfSteel"}],"is_trial":false,"path_per_floor":["M","?","M","M","?","E","T","M","T","$","M","?","M","M","R","B",null,"M","?","M","T","M","E","M","E","T","?","M","M","M","?","R","B",null,"M","$","?","M","$","E","?","R","T","M","?","R","M","M","R","B",null],"character_chosen":"THE_SILENT","items_purchased":["Blue Candle","Accuracy+1","Noxious Fumes+1","Lantern","Kunai","Dagger Throw","Dagger Throw","Dagger Spray"],"campfire_rested":0,"item_purchase_floors":[10,10,10,36,36,36,36,36],"current_hp_per_floor":[68,61,61,61,61,41,47,47,53,53,51,51,50,48,48,39,70,66,66,55,55,52,49,48,48,48,48,46,44,42,42,42,8,59,55,55,48,45,45,44,46,46,52,49,49,49,17,19,19,35],"gold":111,"neow_bonus":"","is_prod":false,"is_daily":true,"chose_seed":false,"campfire_upgraded":5,"win_rate":0,"timestamp":1557882996,"path_taken":["M","?","M","M","?","E","?","M","T","$","M","?","?","M","R","BOSS","M","?","?","?","M","E","?","E","T","?","M","M","?","?","R","BOSS","M","$","?","M","$","E","?","R","T","M","?","R","M","M","R","BOSS"],"build_version":"2019-01-23","purchased_purges":0,"victory":true,"max_hp_per_floor":[68,67,66,65,64,63,68,67,72,71,70,69,68,67,66,71,70,69,68,67,66,65,64,63,62,61,60,59,58,57,56,55,60,59,58,57,56,55,54,53,54,53,58,57,56,55,54,53,52,57],"card_choices":[{"not_picked":["Quick Slash","Footwork+1"],"picked":"Choke","floor":6},{"not_picked":["Wraith Form v2+1","Storm of Steel"],"picked":"Tools of the Trade+1","floor":16},{"not_picked":[],"picked":"Dagger Spray","floor":23},{"not_picked":[],"picked":"Dagger Spray","floor":25},{"not_picked":[],"picked":"A Thousand Cuts+1","floor":33},{"not_picked":[],"picked":"Underhanded Strike+1","floor":34},{"not_picked":[],"picked":"Blade Dance","floor":34},{"not_picked":[],"picked":"Poisoned Stab","floor":34},{"not_picked":[],"picked":"Poisoned Stab","floor":34},{"not_picked":[],"picked":"Blade Dance+1","floor":34},{"not_picked":[],"picked":"Glass Knife+1","floor":40},{"not_picked":["Trip"],"picked":"Singing Bowl","floor":41}],"player_experience":155249,"relics_obtained":[{"floor":1,"key":"Bag of Marbles"},{"floor":3,"key":"Frozen Egg 2"},{"floor":4,"key":"MawBank"},{"floor":6,"key":"The Courier"},{"floor":7,"key":"Anchor"},{"floor":8,"key":"Ornamental Fan"},{"floor":9,"key":"Centennial Puzzle"},{"floor":11,"key":"Vajra"},{"floor":13,"key":"Shuriken"},{"floor":14,"key":"Sundial"},{"floor":18,"key":"Omamori"},{"floor":20,"key":"Orichalcum"},{"floor":21,"key":"Bag of Preparation"},{"floor":22,"key":"Ninja Scroll"},{"floor":23,"key":"Gremlin Horn"},{"floor":24,"key":"Mercury Hourglass"},{"floor":25,"key":"Bronze Scales"},{"floor":26,"key":"Smiling Mask"},{"floor":28,"key":"Dodecahedron"},{"floor":29,"key":"PreservedInsect"},{"floor":30,"key":"Happy Flower"},{"floor":35,"key":"Paper Crane"},{"floor":38,"key":"Molten Egg 2"},{"floor":40,"key":"Singing Bowl"},{"floor":43,"key":"Pantograph"},{"floor":44,"key":"Art of War"},{"floor":47,"key":"Blood Vial"},{"floor":48,"key":"Whetstone"}],"event_choices":[{"cards_removed":["Defend_G"],"damage_healed":0,"gold_gain":0,"player_choice":"Card Removal","damage_taken":7,"max_hp_gain":0,"max_hp_loss":0,"event_name":"Golden Wing","floor":2,"gold_loss":0},{"damage_healed":0,"gold_gain":0,"cards_transformed":["Strike_G"],"player_choice":"Change","damage_taken":0,"max_hp_gain":0,"max_hp_loss":0,"event_name":"Living Wall","floor":5,"gold_loss":0,"cards_obtained":["Tactician"]},{"damage_healed":0,"gold_gain":0,"player_choice":"Trade","damage_taken":0,"relics_obtained":["GremlinMask"],"max_hp_gain":0,"max_hp_loss":0,"event_name":"FaceTrader","floor":12,"gold_loss":0},{"cards_removed":["Strike_G"],"damage_healed":0,"gold_gain":0,"player_choice":"Purged","damage_taken":0,"max_hp_gain":0,"max_hp_loss":0,"event_name":"Purifier","floor":19,"gold_loss":0},{"damage_healed":0,"gold_gain":0,"player_choice":"3 cards matched","damage_taken":0,"max_hp_gain":0,"max_hp_loss":0,"event_name":"Match and Keep!","floor":27,"gold_loss":0,"cards_obtained":["Panacea","Tools of the Trade","Neutralize"]},{"cards_removed":["Strike_G"],"damage_healed":0,"gold_gain":0,"player_choice":"Gave Gold","damage_taken":0,"max_hp_gain":0,"max_hp_loss":0,"event_name":"Beggar","floor":31,"gold_loss":75},{"damage_healed":0,"gold_gain":0,"player_choice":"Embrace Madness","damage_taken":7,"max_hp_gain":0,"max_hp_loss":0,"event_name":"Winding Halls","floor":37,"gold_loss":0,"cards_obtained":["Madness","Madness"]},{"damage_healed":0,"gold_gain":0,"player_choice":"Memory 1","damage_taken":0,"max_hp_gain":0,"max_hp_loss":0,"event_name":"SensoryStone","floor":41,"gold_loss":0},{"cards_removed":["Defend_G"],"damage_healed":0,"gold_gain":0,"player_choice":"Removed Skill","damage_taken":0,"max_hp_gain":0,"max_hp_loss":0,"event_name":"Falling","floor":45,"gold_loss":0}],"is_beta":false,"boss_relics":[{"not_picked":["Philosopher\u0027s Stone","Fusion Hammer"],"picked":"Busted Crown"},{"not_picked":["Snecko Eye","Empty Cage"],"picked":"Orrery"}],"items_purged_floors":[],"is_endless":false,"potions_floor_spawned":[3,4,11,16,20,23,25,28,35,47,48],"ascension_level":0}