{"gold_per_floor":[119,119,137,153,167,179,242,276,344,344,72,92,92,127,127,227,227,243,253,34,49,66,100,100,115,115,131,161,173,248,266,266,368,368,385,405,419,0,11,42,62,82,108,136,136,152,152,187,187,187],"floor_reached":51,"playtime":17088,"items_purged":[],"score":822,"play_id":"a686fb5a-1640-4d7a-85f2-e55b9c4b4390","local_time":"20190511193937","is_ascension_mode":false,"campfire_choices":[{"data":"Metallicize","floor":13.0,"key":"SMITH"},{"data":"Offering","floor":15.0,"key":"SMITH"},{"data":"Feed","floor":24,"key":"SMITH"},{"floor":32,"key":"REST"},{"data":"Dual Wield","floor":45,"key":"SMITH"},{"floor":49,"key":"REST"}],"neow_cost":"NONE","seed_source_timestamp":1698303932769792,"circlet_count":0,"master_deck":["Strike_R","Strike_R","Strike_R+1","Strike_R","Strike_R","Defend_R","Defend_R","Defend_R","Defend_R","Bash+1","Inflame","Uppercut","Reaper","Pommel Strike","Pommel Strike","Inflame","Metallicize+1","Anger","Shrug It Off","Twin Strike","Dramatic Entrance","Sword Boomerang","Offering+1","Feed+1","Iron Wave","Dual Wield+1","Seeing Red","Seeing Red+1","Flex","Feel No Pain+1","Combust","Rage+1","Headbutt+1","Clash+1","Shrug It Off","Brutality","Body Slam+1","Inflame+1","Intimidate","Fire Breathing+1","Flame Barrier+1","Pommel Strike+1","Parasite","Perfected Strike+1","Battle Trance","Whirlwind+1","Madness","Madness","Battle Trance+1"],"special_seed":0,"relics":["Burning Blood","Pen Nib","Bag of Preparation","Bird Faced Urn","Shuriken","Boot","Mark of Pain","Membership Card","Vajra","Oddly Smooth Stone","Question Card","Runic Cube","Red Mask","Juzu Bracelet","Regal Pillow","Lantern","Letter Opener"],"potions_floor_usage":[41,50],"damage_taken":[{"damage":1.0,"enemies":"Jaw Worm","floor":1.0,"turns":6.0},{"damage":2.0,"enemies":"2 Louse","floor":3.0,"turns":3.0},{"damage":0.0,"enemies":"Small Slimes","floor":4.0,"turns":4.0},{"damage":7.0,"enemies":"Red Slaver","floor":5.0,"turns":4.0},{"damage":28.0,"enemies":"Gremlin Gang","floor":6.0,"turns":6.0},{"damage":29.0,"enemies":"Gremlin Nob","floor":7.0,"turns":5.0},{"damage":35.0,"enemies":"3 Sentries","floor":8.0,"turns":8.0},{"damage":6.0,"enemies":"Exordium Wildlife","floor":12.0,"turns":4.0},{"damage":10.0,"enemies":"Gremlin Nob","floor":14.0,"turns":4.0},{"damage":31.0,"enemies":"The Guardian","floor":16.0,"turns":9.0},{"damage":6.0,"enemies":"3 Byrds","floor":18.0,"turns":2.0},{"damage":6.0,"enemies":"Chosen","floor":19.0,"turns":3.0},{"damage":20.0,"enemies":"Centurion and Healer","floor":21.0,"turns":3.0},{"damage":13.0,"enemies":"3 Cultists","floor":22.0,"turns":4.0},{"damage":58,"enemies":"Slavers","floor":23,"turns":7},{"damage":16,"enemies":"Sentry and Sphere","floor":25,"turns":3},{"damage":30,"enemies":"Centurion and Healer","floor":27,"turns":5},{"damage":20,"enemies":"Gremlin Leader","floor":28,"turns":4},{"damage":17,"enemies":"Snake Plant","floor":29,"turns":4},{"damage":6,"enemies":"Chosen and Byrds","floor":31,"turns":4},{"damage":56,"enemies":"Champ","floor":33,"turns":7},{"damage":12,"enemies":"3 Darklings","floor":35,"turns":4},{"damage":12,"enemies":"Orb Walker","floor":36,"turns":3},{"damage":19,"enemies":"Spire Growth","floor":37,"turns":4},{"damage":32,"enemies":"4 Shapes","floor":39,"turns":3},{"damage":64,"enemies":"Reptomancer","floor":40,"turns":10},{"damage":7,"enemies":"Jaw Worm Horde","floor":41,"turns":4},{"damage":28,"enemies":"Writhing Mass","floor":42,"turns":8},{"damage":13,"enemies":"Giant Head","floor":44,"turns":5},{"damage":6,"enemies":"Sphere and 2 Shapes","floor":46,"turns":5},{"damage":59,"enemies":"Nemesis","floor":48,"turns":5},{"damage":141,"enemies":"Donu and Deca","floor":50,"turns":9}],"seed_played":"-8424059383781644324","potions_obtained":[{"floor":4.0,"key":"FearPotion"},{"floor":6.0,"key":"FearPotion"},{"floor":8.0,"key":"Ancient Potion"},{"floor":12.0,"key":"Poison Potion"},{"floor":22.0,"key":"AttackPotion"},{"floor":41,"key":"Fruit Juice"},{"floor":46,"key":"PowerPotion"}],"is_trial":false,"path_per_floor":["?","?","?","M","$","M","?","M","M","?","?"],"character_chosen":"IRONCLAD","items_purchased":["Metallicize","Anger","Shrug It Off","Twin Strike","Dramatic Entrance","Membership Card","Seeing Red"],"campfire_rested":2,"item_purchase_floors":[11,11,11,11,11,20,20],"current_hp_per_floor":[80,64,68,74,73,58,35,24,24,80,80,80,80,80,80,69,80,83,86,86,75,77,60,60,58,58,64,73,68,58,66,99,71,115,113,109,115,115,119,88,106,99,99,103,103,119,102,85,136,27],"gold":187,"neow_bonus":"RANDOM_COMMON_RELIC","is_prod":false,"is_daily":false,"chose_seed":false,"campfire_upgraded":4,"win_rate":0.0,"timestamp":1557592777,"path_taken":["M","?","M","M","M","M","?","E","T","?","$","?","R","E","R","BOSS","M","M","?","M","M","E","R","?","T","M","E","M","?","?","R","BOSS","M","M","?","?","M","E","M","M","T","E","R","M","?","E","R","BOSS"],"build_version":"2019-01-23","purchased_purges":0,"victory":true,"max_hp_per_floor":[80,80,80,80,80,80,80,80,80,80,80,80,80,80,80,80,80,83,86,86,89,92,95,95,99,99,103,107,107,107,111,111,115,115,115,115,115,115,119,123,132,132,132,132,132,136,136,136,136,144],"card_choices":[{"not_picked":["Warcry","Corruption"],"picked":"Rupture","floor":1.0},{"not_picked":["Body Slam","Blood for Blood"],"picked":"Inflame","floor":3.0},{"not_picked":["Armaments","Twin Strike"],"picked":"Uppercut","floor":4.0},{"not_picked":["Body Slam","Headbutt"],"picked":"Reaper","floor":5.0},{"not_picked":["Blood for Blood","Power Through"],"picked":"Pommel Strike","floor":6.0},{"not_picked":["Armaments","Sever Soul"],"picked":"Pommel Strike","floor":7.0},{"not_picked":["Headbutt","Disarm"],"picked":"Inflame","floor":8.0},{"not_picked":["Ghostly Armor","Burning Pact"],"picked":"Sword Boomerang","floor":12.0},{"not_picked":["Anger","Sword Boomerang"],"picked":"Offering","floor":14.0},{"not_picked":["Reaper","Barricade"],"picked":"Feed","floor":16.0},{"not_picked":["Dual Wield","Dropkick"],"picked":"Iron Wave","floor":18.0},{"not_picked":["Body Slam","Perfected Strike"],"picked":"Dual Wield","floor":19.0},{"not_picked":["Perfected Strike","Searing Blow"],"picked":"Seeing Red+1","floor":21.0},{"not_picked":["Uppercut","Sword Boomerang"],"picked":"Flex","floor":22.0},{"not_picked":["Body Slam","Hemokinesis+1"],"picked":"Feel No Pain+1","floor":23},{"not_picked":["Entrench","Warcry"],"picked":"Combust","floor":25},{"not_picked":["Shrug It Off","Battle Trance+1"],"picked":"Rage+1","floor":27},{"not_picked":["Berserk","Flex+1"],"picked":"Headbutt+1","floor":28},{"not_picked":["Searing Blow","Entrench","Seeing Red"],"picked":"Clash+1","floor":29},{"not_picked":["Combust","True Grit","Clothesline"],"picked":"Shrug It Off","floor":31},{"not_picked":["Dark Embrace","Berserk","Fiend Fire"],"picked":"Brutality","floor":33},{"not_picked":["Cleave","Reckless Charge+1","Hemokinesis"],"picked":"Body Slam+1","floor":35},{"not_picked":["Warcry","Clash+1","Hemokinesis+1"],"picked":"Inflame+1","floor":36},{"not_picked":["Blood for Blood","Sword Boomerang+1","True Grit"],"picked":"Intimidate","floor":37},{"not_picked":["Rampage+1","Pommel Strike","Cleave"],"picked":"Fire Breathing+1","floor":39},{"not_picked":["Sword Boomerang","Feed","Twin Strike+1"],"picked":"Flame Barrier+1","floor":40},{"not_picked":["Whirlwind","True Grit","Shrug It Off+1"],"picked":"Pommel Strike+1","floor":41},{"not_picked":["Armaments","Twin Strike","Uppercut+1"],"picked":"Perfected Strike+1","floor":42},{"not_picked":["Clash+1","Anger","True Grit+1"],"picked":"Battle Trance","floor":44},{"not_picked":["Twin Strike+1","Armaments","Berserk"],"picked":"Whirlwind+1","floor":46},{"not_picked":["Combust+1","Corruption","Rampage+1"],"picked":"Battle Trance+1","floor":48}],"player_experience":32916,"relics_obtained":[{"floor":7.0,"key":"Bag of Preparation"},{"floor":8.0,"key":"Bird Faced Urn"},{"floor":9.0,"key":"Shuriken"},{"floor":14.0,"key":"Boot"},{"floor":23,"key":"Vajra"},{"floor":26,"key":"Oddly Smooth Stone"},{"floor":28,"key":"Question Card"},{"floor":40,"key":"Juzu Bracelet"},{"floor":43,"key":"Regal Pillow"},{"floor":44,"key":"Lantern"},{"floor":48,"key":"Letter Opener"}],"event_choices":[{"damage_healed":0.0,"max_hp_gain":0.0,"max_hp_loss":0.0,"gold_gain":0.0,"event_name":"Shining Light","player_choice":"Entered Light","floor":2.0,"gold_loss":0.0,"damage_taken":16.0,"cards_upgraded":["Bash","Strike_R"]},{"damage_healed":0.0,"max_hp_gain":0.0,"max_hp_loss":0.0,"gold_gain":0.0,"event_name":"Dead Adventurer","player_choice":"Searched \u00272\u0027 times","floor":7.0,"gold_loss":0.0,"damage_taken":0.0},{"cards_removed":["Rupture"],"damage_healed":56.0,"max_hp_gain":0.0,"max_hp_loss":0.0,"gold_gain":0.0,"event_name":"Bonfire Elementals","player_choice":"Offered Uncommon","floor":10.0,"gold_loss":0.0,"damage_taken":0.0},{"damage_healed":0,"gold_gain":75,"player_choice":"Touch","damage_taken":10,"max_hp_gain":0,"max_hp_loss":0,"event_name":"FaceTrader","floor":30,"gold_loss":0},{"damage_healed":0,"gold_gain":0,"player_choice":"Paid","damage_taken":0,"relics_obtained":["Red Mask"],"max_hp_gain":0,"max_hp_loss":0,"event_name":"Tomb of Lord Red Mask","floor":38,"gold_loss":419},{"damage_healed":0,"gold_gain":0,"player_choice":"Embrace Madness","damage_taken":17,"max_hp_gain":0,"max_hp_loss":0,"event_name":"Winding Halls","floor":47,"gold_loss":0,"cards_obtained":["Madness","Madness"]}],"is_beta":false,"boss_relics":[{"not_picked":["Fusion Hammer","Runic Dome"],"picked":"Mark of Pain"},{"not_picked":["Tiny House","Velvet Choker"],"picked":"Runic Cube"}],"items_purged_floors":[],"is_endless":false,"potions_floor_spawned":[4,6,8,12,14,22,23,28,29,31,33,36,37,39,41,46,48],"ascension_level":0}