{"gold_per_floor":[214,226,238,24,24,53,66,101,128,145,179,354,379,398,398,502,552,562,304,314,229,229,261,275,300,326,326,361,361,389,415,415,513,513,527,602,618,618,618,618,414,446,498,521,193,220,246,260,260,260,260,260,70,104,104],"floor_reached":56,"playtime":6137,"items_purged":["Strike_B","Doubt","Strike_B","Defend_B","Strike_B"],"score":1635,"play_id":"8e7df5ec-b626-4d0d-b257-160e65d23149","local_time":"20190622162405","is_ascension_mode":true,"campfire_choices":[{"floor":15.0,"key":"REST"},{"floor":27.0,"key":"REST"},{"data":"Zap","floor":29.0,"key":"SMITH"},{"floor":32.0,"key":"REST"},{"floor":40.0,"key":"RECALL"},{"data":"Defragment","floor":49.0,"key":"SMITH"},{"data":"Machine Learning","floor":52.0,"key":"SMITH"}],"neow_cost":"NONE","seed_source_timestamp":0,"circlet_count":0,"master_deck":["Defend_B+1","Defend_B","Defend_B","Zap+1","Dualcast","Go for the Eyes","Ball Lightning","Hologram","Loop","Reprogram","Gash","Gash","Chill","Glacier","Genetic Algorithm","Biased Cognition","Compile Driver","Defragment+1","Coolheaded","FTL","Fusion+1","Gash","Cold Snap+1","Machine Learning+1","Stack+1","Defragment+1","Finesse","Madness","Madness","Bandage Up","Storm","Meteor Strike","Turbo","Ball Lightning","Blind","Force Field","Gash","Core Surge","BootSequence+1"],"special_seed":0,"relics":["Cracked Core","FossilizedHelix","Smiling Mask","Lantern","Anchor","Tiny House","Unceasing Top","MutagenicStrength","Ancient Tea Set","Ornamental Fan","Bag of Marbles","Thread and Needle","Red Mask","WingedGreaves","Sozu","Ice Cream","MawBank","Happy Flower","Bag of Preparation","Darkstone Periapt","Blood Vial"],"potions_floor_usage":[55,55],"damage_taken":[{"damage":1.0,"enemies":"Cultist","floor":1.0,"turns":3.0},{"damage":1.0,"enemies":"2 Louse","floor":2.0,"turns":2.0},{"damage":0.0,"enemies":"Small Slimes","floor":3.0,"turns":3.0},{"damage":18.0,"enemies":"3 Sentries","floor":6.0,"turns":6.0},{"damage":12.0,"enemies":"Gremlin Gang","floor":7.0,"turns":5.0},{"damage":3.0,"enemies":"Gremlin Nob","floor":8.0,"turns":4.0},{"damage":3.0,"enemies":"2 Fungi Beasts","floor":10.0,"turns":3.0},{"damage":3.0,"enemies":"Lagavulin","floor":11.0,"turns":6.0},{"damage":16.0,"enemies":"Gremlin Nob","floor":13.0,"turns":5.0},{"damage":0.0,"enemies":"Blue Slaver","floor":14.0,"turns":4.0},{"damage":14.0,"enemies":"The Guardian","floor":16.0,"turns":13.0},{"damage":0.0,"enemies":"Spheric Guardian","floor":18.0,"turns":6.0},{"damage":0.0,"enemies":"Chosen","floor":20.0,"turns":4.0},{"damage":24.0,"enemies":"Book of Stabbing","floor":23.0,"turns":6.0},{"damage":19.0,"enemies":"Snake Plant","floor":24.0,"turns":3.0},{"damage":23.0,"enemies":"Slavers","floor":25.0,"turns":7.0},{"damage":0.0,"enemies":"Book of Stabbing","floor":28.0,"turns":7.0},{"damage":0.0,"enemies":"Masked Bandits","floor":30.0,"turns":2.0},{"damage":12.0,"enemies":"Slavers","floor":31.0,"turns":6.0},{"damage":10.0,"enemies":"Automaton","floor":33.0,"turns":10.0},{"damage":12.0,"enemies":"3 Darklings","floor":35.0,"turns":5.0},{"damage":0.0,"enemies":"3 Shapes","floor":37.0,"turns":5.0},{"damage":0.0,"enemies":"Giant Head","floor":42.0,"turns":7.0},{"damage":0.0,"enemies":"3 Darklings","floor":44.0,"turns":6.0},{"damage":15.0,"enemies":"Nemesis","floor":46.0,"turns":7.0},{"damage":0.0,"enemies":"Giant Head","floor":47.0,"turns":5.0},{"damage":0.0,"enemies":"Writhing Mass","floor":48.0,"turns":6.0},{"damage":0.0,"enemies":"Awakened One","floor":50.0,"turns":12.0},{"damage":0.0,"enemies":"Shield and Spear","floor":54.0,"turns":8.0},{"damage":64,"enemies":"The Heart","floor":55,"turns":9}],"seed_played":"-7880897100247407615","potions_obtained":[{"floor":1.0,"key":"SpeedPotion"},{"floor":2.0,"key":"FearPotion"},{"floor":7.0,"key":"Ancient Potion"},{"floor":8.0,"key":"LiquidBronze"},{"floor":10.0,"key":"PowerPotion"},{"floor":16.0,"key":"FocusPotion"},{"floor":17.0,"key":"Swift Potion"},{"floor":18.0,"key":"Fire Potion"},{"floor":30.0,"key":"FearPotion"},{"floor":33.0,"key":"Poison Potion"}],"is_trial":false,"path_per_floor":["M","?","?","?","?","?","?","M","?","?"],"character_chosen":"DEFECT","items_purchased":["Hologram","Loop","Block Potion","Defragment","Coolheaded","FTL","Bandage Up","Storm","Ball Lightning","Blind","Happy Flower","Core Surge"],"campfire_rested":3,"item_purchase_floors":[4,4,4,19,19,19,41,41,45,45,45,53],"current_hp_per_floor":[74,73,73,73,73,55,43,40,40,37,34,34,18,18,40,26,80,80,80,80,80,80,56,37,14,14,38,38,38,38,26,50,40,80,68,60,60,60,50,50,50,54,54,58,58,47,51,55,55,59,80,80,80,80,20],"gold":104,"neow_bonus":"HUNDRED_GOLD","is_prod":false,"is_daily":false,"chose_seed":false,"campfire_upgraded":3,"win_rate":0,"timestamp":1561209845,"path_taken":["M","M","?","$","?","E","M","E","T","M","E","?","E","M","R","BOSS","M","$","M","?","?","E","M","E","T","R","E","R","?","E","R","BOSS","M","?","?","?","?","R","$","E","T","M","$","E","E","M","R","BOSS","R","$","E","BOSS"],"build_version":"2019-01-23","purchased_purges":5,"victory":true,"max_hp_per_floor":[75,75,75,75,75,75,75,75,75,75,75,75,75,75,75,75,80,80,80,80,80,80,80,80,80,80,80,80,80,80,80,80,80,80,80,80,80,80,80,80,80,80,80,80,80,80,80,80,80,80,80,80,80,80,80],"card_choices":[{"not_picked":["Consume","Leap","Sunder"],"picked":"SKIP","floor":1.0},{"not_picked":["Streamline","Beam Cell"],"picked":"Go for the Eyes","floor":2.0},{"not_picked":["Darkness","Amplify"],"picked":"Ball Lightning","floor":3.0},{"not_picked":["Rebound","Reprogram","Heatsinks"],"picked":"SKIP","floor":6.0},{"not_picked":["Blizzard","Reprogram"],"picked":"Gash","floor":7.0},{"not_picked":["Redo","Thunder Strike"],"picked":"Gash","floor":8.0},{"not_picked":["Steam","Stack"],"picked":"Chill","floor":10.0},{"not_picked":["Sunder","Hologram","Streamline"],"picked":"SKIP","floor":11.0},{"not_picked":["Auto Shields","Streamline"],"picked":"Glacier","floor":13.0},{"not_picked":["Leap","Chill"],"picked":"Genetic Algorithm","floor":14.0},{"not_picked":["Rainbow","All For One"],"picked":"Biased Cognition","floor":16.0},{"not_picked":["Rebound+1","Beam Cell"],"picked":"Compile Driver","floor":18.0},{"not_picked":["Lockon+1","Gash"],"picked":"Fusion+1","floor":20.0},{"not_picked":["Barrage","Static Discharge","Glacier"],"picked":"SKIP","floor":23.0},{"not_picked":["Redo","Sweeping Beam"],"picked":"Gash","floor":24.0},{"not_picked":["Lockon+1","Sweeping Beam","Skim+1"],"picked":"SKIP","floor":25.0},{"not_picked":["Biased Cognition","Genetic Algorithm","Blizzard"],"picked":"SKIP","floor":28.0},{"not_picked":["Barrage+1","Hello World+1"],"picked":"Cold Snap+1","floor":31.0},{"not_picked":["Reboot","Fission"],"picked":"Machine Learning","floor":33.0},{"not_picked":["Cold Snap+1","Streamline"],"picked":"Stack+1","floor":35.0},{"not_picked":["Steam+1","Beam Cell"],"picked":"Defragment+1","floor":37.0},{"not_picked":["Dark Shackles","Enlightenment"],"picked":"Finesse","floor":38.0},{"not_picked":["Streamline","Hologram"],"picked":"Meteor Strike","floor":42.0},{"not_picked":["Steam","Darkness+1"],"picked":"Turbo","floor":44.0},{"not_picked":["Coolheaded","Rebound","Cold Snap"],"picked":"SKIP","floor":46.0},{"not_picked":["Rip and Tear","Static Discharge+1"],"picked":"Force Field","floor":47.0},{"not_picked":["Stack+1","Leap+1"],"picked":"Gash","floor":48.0},{"not_picked":["Streamline","Multi-Cast"],"picked":"BootSequence+1","floor":54.0}],"player_experience":183436,"relics_obtained":[{"floor":6.0,"key":"FossilizedHelix"},{"floor":8.0,"key":"Smiling Mask"},{"floor":11.0,"key":"Lantern"},{"floor":13.0,"key":"Anchor"},{"floor":23.0,"key":"Ancient Tea Set"},{"floor":25.0,"key":"Ornamental Fan"},{"floor":26.0,"key":"Bag of Marbles"},{"floor":28.0,"key":"Thread and Needle"},{"floor":30.0,"key":"Red Mask"},{"floor":31.0,"key":"WingedGreaves"},{"floor":42.0,"key":"Ice Cream"},{"floor":43.0,"key":"MawBank"},{"floor":46.0,"key":"Bag of Preparation"},{"floor":47.0,"key":"Darkstone Periapt"},{"floor":54.0,"key":"Blood Vial"}],"event_choices":[{"damage_healed":0.0,"max_hp_gain":0.0,"max_hp_loss":0.0,"gold_gain":0.0,"cards_transformed":["Strike_B"],"event_name":"Living Wall","player_choice":"Change","floor":5.0,"gold_loss":0.0,"damage_taken":0.0,"cards_obtained":["Reprogram"]},{"damage_healed":0.0,"max_hp_gain":0.0,"max_hp_loss":0.0,"gold_gain":175.0,"event_name":"Liars Game","player_choice":"AGREE","floor":12.0,"gold_loss":0.0,"damage_taken":0.0,"cards_obtained":["Doubt"]},{"damage_healed":0.0,"max_hp_gain":0.0,"max_hp_loss":0.0,"gold_gain":0.0,"event_name":"Addict","player_choice":"Obtained Relic","floor":21.0,"gold_loss":85.0,"damage_taken":0.0,"relics_obtained":["Unceasing Top"]},{"damage_healed":0.0,"max_hp_gain":0.0,"max_hp_loss":0.0,"gold_gain":0.0,"event_name":"Drug Dealer","player_choice":"Inject Mutagens","floor":22.0,"gold_loss":0.0,"damage_taken":0.0,"relics_obtained":["MutagenicStrength"]},{"damage_healed":0.0,"max_hp_gain":0.0,"max_hp_loss":0.0,"gold_gain":0.0,"event_name":"Masked Bandits","player_choice":"Fought Bandits","floor":30.0,"gold_loss":0.0,"damage_taken":0.0},{"damage_healed":0.0,"max_hp_gain":0.0,"max_hp_loss":0.0,"gold_gain":75.0,"event_name":"FaceTrader","player_choice":"Touch","floor":36.0,"gold_loss":0.0,"damage_taken":8.0},{"damage_healed":0.0,"max_hp_gain":0.0,"max_hp_loss":0.0,"gold_gain":0.0,"event_name":"SensoryStone","player_choice":"Memory 1","floor":38.0,"gold_loss":0.0,"damage_taken":0.0},{"damage_healed":0.0,"max_hp_gain":0.0,"max_hp_loss":0.0,"gold_gain":0.0,"event_name":"Winding Halls","player_choice":"Embrace Madness","floor":39.0,"gold_loss":0.0,"damage_taken":10.0,"cards_obtained":["Madness","Madness"]}],"is_beta":false,"boss_relics":[{"not_picked":["Runic Dome","Velvet Choker"],"picked":"Tiny House"},{"not_picked":["Cursed Key","Snecko Eye"],"picked":"Sozu"}],"items_purged_floors":[4,19,41,45,53],"is_endless":false,"potions_floor_spawned":[1,2,7,8,10,16,18,23,30,33,42,44,46],"ascension_level":2}