{"gold_per_floor":[114,114,129,102,102,132,132,162,187,202,217,217,247,262,262,362,362,377,377,392,407,407,437,70,85,135,135,135,150,150,150,150,150],"floor_reached":33,"playtime":3844,"items_purged":[],"score":410,"play_id":"c51c6351-0ce7-47d2-ba98-eec05c6b580f","local_time":"20190504211056","daily_mods":["Shiny","Time Dilation","Terminal"],"is_ascension_mode":false,"campfire_choices":[{"floor":15.0,"key":"REST"},{"data":"Armaments","floor":28,"key":"SMITH"},{"data":"Warcry","floor":32,"key":"SMITH"}],"neow_cost":"","seed_source_timestamp":0,"circlet_count":0,"master_deck":["Double Tap","Demon Form","Feed","Limit Break","Barricade+1","Berserk","Impervious","Juggernaut","Brutality","Reaper","Exhume+1","Offering","Immolate","Shockwave+1","Dual Wield","Heavy Blade","Pummel","Iron Wave","Perfected Strike","Sever Soul","Seeing Red","Armaments","Immolate","Metallicize","Armaments+1","Disarm","Warcry","Exhume","Warcry+1","Panache","Disarm+1","Shrug It Off","Infernal Blade","Ghostly","Ghostly","Ghostly","Ghostly","Ghostly"],"special_seed":18020,"relics":["Burning Blood","Blood Vial","Orichalcum","Lantern","Empty Cage","Champion Belt","MawBank","Bag of Marbles","Bag of Preparation"],"potions_floor_usage":[20,20,23,29],"damage_taken":[{"damage":0.0,"enemies":"Jaw Worm","floor":1.0,"turns":1.0},{"damage":8.0,"enemies":"Small Slimes","floor":3.0,"turns":3.0},{"damage":36.0,"enemies":"Gremlin Nob","floor":6.0,"turns":3.0},{"damage":40.0,"enemies":"3 Sentries","floor":8.0,"turns":4.0},{"damage":9.0,"enemies":"2 Louse","floor":10.0,"turns":3.0},{"damage":11.0,"enemies":"Exordium Wildlife","floor":11.0,"turns":4.0},{"damage":10.0,"enemies":"Lagavulin","floor":13.0,"turns":5.0},{"damage":6.0,"enemies":"Looter","floor":14.0,"turns":2.0},{"damage":12.0,"enemies":"Slime Boss","floor":16.0,"turns":7.0},{"damage":17,"enemies":"Shell Parasite","floor":18,"turns":4},{"damage":16,"enemies":"2 Thieves","floor":20,"turns":3},{"damage":33,"enemies":"Snake Plant","floor":21,"turns":5},{"damage":17,"enemies":"Gremlin Leader","floor":23,"turns":5},{"damage":19,"enemies":"Centurion and Healer","floor":25,"turns":5},{"damage":6,"enemies":"Cultist and Chosen","floor":29,"turns":6},{"damage":37,"enemies":"Automaton","floor":33,"turns":6}],"seed_played":"-8048916062082781119","potions_obtained":[{"floor":1.0,"key":"Fire Potion"},{"floor":3.0,"key":"SkillPotion"},{"floor":6.0,"key":"SteroidPotion"},{"floor":10.0,"key":"Explosive Potion"},{"floor":14.0,"key":"Regen Potion"},{"floor":21,"key":"SteroidPotion"},{"floor":23,"key":"SkillPotion"},{"floor":25,"key":"Fire Potion"}],"is_trial":false,"path_per_floor":["M","?","M","$","?","E","?","E","T","M","M","?","E","M","R","B",null,"M","?","M","M","?","E","$","M","T","?","R","M","?","?","R","B"],"character_chosen":"IRONCLAD","items_purchased":["Heavy Blade","Bag of Marbles","Warcry","Panache"],"campfire_rested":1,"item_purchase_floors":[4,24,24,24],"current_hp_per_floor":[78,77,75,75,60,30,54,32,32,43,43,43,41,43,63,66,65,58,58,50,28,28,62,61,48,48,38,38,43,43,30,29,0],"gold":150,"neow_bonus":"","is_prod":false,"is_daily":true,"chose_seed":false,"campfire_upgraded":2,"win_rate":0.0,"timestamp":1557018656,"path_taken":["M","?","M","$","?","E","?","E","T","M","M","?","E","M","R","BOSS","M","?","M","M","?","E","$","?","T","?","R","M","?","?","R","BOSS"],"build_version":"2019-01-23","purchased_purges":0,"victory":false,"max_hp_per_floor":[78,77,76,75,74,73,72,71,70,69,71,70,69,68,67,66,65,64,63,62,64,63,62,61,60,59,63,62,64,63,30,29,29],"card_choices":[{"not_picked":["Second Wind","Shrug It Off"],"picked":"Shockwave","floor":1.0},{"not_picked":["Wild Strike","Shrug It Off"],"picked":"Dual Wield","floor":3.0},{"not_picked":["Body Slam","Clothesline"],"picked":"Pummel","floor":6.0},{"not_picked":["Cleave","Shrug It Off"],"picked":"Iron Wave","floor":8.0},{"not_picked":["Flex","Wild Strike"],"picked":"Perfected Strike","floor":10.0},{"not_picked":["Fiend Fire","Wild Strike"],"picked":"Sever Soul","floor":11.0},{"not_picked":["Shrug It Off","Searing Blow"],"picked":"Seeing Red","floor":13.0},{"not_picked":["Perfected Strike","Pommel Strike"],"picked":"Armaments","floor":14.0},{"not_picked":["Barricade","Berserk"],"picked":"Immolate","floor":16.0},{"not_picked":["Clothesline","Cleave"],"picked":"Metallicize","floor":18},{"not_picked":["Rampage","Searing Blow"],"picked":"Armaments","floor":20},{"not_picked":["Blood for Blood","Spot Weakness"],"picked":"Disarm","floor":21},{"not_picked":["Pommel Strike","Disarm+1"],"picked":"Exhume","floor":23},{"not_picked":["Headbutt+1","Battle Trance"],"picked":"Disarm+1","floor":25},{"not_picked":["Spot Weakness+1","Havoc"],"picked":"Shrug It Off","floor":29}],"player_experience":5471,"relics_obtained":[{"floor":8.0,"key":"Blood Vial"},{"floor":9.0,"key":"Orichalcum"},{"floor":13.0,"key":"Lantern"},{"floor":23,"key":"MawBank"},{"floor":26,"key":"Bag of Preparation"}],"event_choices":[{"damage_healed":0.0,"max_hp_gain":0.0,"max_hp_loss":0.0,"gold_gain":0.0,"event_name":"Liars Game","player_choice":"Ignored","floor":2.0,"gold_loss":0.0,"damage_taken":0.0},{"damage_healed":0.0,"max_hp_gain":0.0,"max_hp_loss":0.0,"gold_gain":0.0,"event_name":"Shining Light","player_choice":"Entered Light","floor":5.0,"gold_loss":0.0,"damage_taken":15.0,"cards_upgraded":["Shockwave","Exhume"]},{"damage_healed":24.0,"max_hp_gain":0.0,"max_hp_loss":0.0,"gold_gain":0.0,"event_name":"Big Fish","player_choice":"Banana","floor":7.0,"gold_loss":0.0,"damage_taken":0.0},{"damage_healed":0.0,"max_hp_gain":0.0,"max_hp_loss":0.0,"gold_gain":0.0,"event_name":"Living Wall","player_choice":"Grow","floor":12.0,"gold_loss":0.0,"damage_taken":0.0,"cards_upgraded":["Barricade"]},{"damage_healed":0,"gold_gain":0,"player_choice":"Opened","damage_taken":0,"relics_obtained":["Champion Belt"],"max_hp_gain":0,"max_hp_loss":0,"event_name":"The Mausoleum","floor":19,"gold_loss":0},{"damage_healed":0,"gold_gain":0,"cards_transformed":["Dark Embrace"],"player_choice":"Transformed","damage_taken":0,"max_hp_gain":0,"max_hp_loss":0,"event_name":"Transmorgrifier","floor":22,"gold_loss":0,"cards_obtained":["Warcry"]},{"damage_healed":0,"gold_gain":0,"player_choice":"Shed Blood","damage_taken":15,"max_hp_gain":5,"max_hp_loss":0,"event_name":"Forgotten Altar","floor":27,"gold_loss":0},{"damage_healed":0,"gold_gain":0,"player_choice":"Read","damage_taken":0,"max_hp_gain":0,"max_hp_loss":0,"event_name":"The Library","floor":30,"gold_loss":0,"cards_obtained":["Infernal Blade"]},{"damage_healed":0,"gold_gain":0,"player_choice":"Became a Ghost","damage_taken":0,"max_hp_gain":0,"max_hp_loss":32,"event_name":"Ghosts","floor":31,"gold_loss":0,"cards_obtained":["Ghostly","Ghostly","Ghostly","Ghostly","Ghostly"]}],"is_beta":false,"boss_relics":[{"not_picked":["Astrolabe","Ectoplasm"],"picked":"Empty Cage"}],"items_purged_floors":[],"is_endless":false,"potions_floor_spawned":[1,3,6,10,14,21,23,25],"killed_by":"Automaton","ascension_level":0}