{"gold_per_floor":[111,91,105,30,43,69,69,100,100,100,114,145,145,164,164,264,264,280,84,9,25,40,70,88,88,115,115,125,0,0,0,0,100,150,169,169,0,18,30,64,64,64],"floor_reached":42,"playtime":15029,"items_purged":["Strike_B","Double Energy","Fusion"],"score":826,"play_id":"62ba1aed-bc09-485f-9702-1d66df562809","local_time":"20190708210237","is_ascension_mode":true,"campfire_choices":[{"data":"Chaos","floor":7.0,"key":"SMITH"},{"data":"Zap","floor":13.0,"key":"SMITH"},{"floor":15.0,"key":"REST"},{"data":"Defragment","floor":25.0,"key":"SMITH"},{"data":"Hologram","floor":32.0,"key":"SMITH"},{"data":"Fission","floor":41,"key":"SMITH"}],"neow_cost":"NONE","seed_source_timestamp":840547792252248,"circlet_count":0,"master_deck":["AscendersBane","Zap+1","Dualcast","Rip and Tear","Chaos+1","Cold Snap+1","Biased Cognition","Defragment+1","Core Surge","Conserve Battery","Amplify","Self Repair","Machine Learning","Hologram+1","Seek","Auto Shields","Good Instincts","Coolheaded","Rebound","Loop","Darkness","Leap","Fission+1","Steam+1","Genetic Algorithm+1"],"special_seed":0,"relics":["Cracked Core","Bag of Marbles","Letter Opener","Potion Belt","Pandora\u0027s Box","DataDisk","Bag of Preparation","NlothsMask","Gremlin Horn","Tiny House","Red Mask","Symbiotic Virus"],"potions_floor_usage":[40,42],"damage_taken":[{"damage":7.0,"enemies":"Jaw Worm","floor":1.0,"turns":2.0},{"damage":0.0,"enemies":"Cultist","floor":3.0,"turns":3.0},{"damage":0.0,"enemies":"Small Slimes","floor":5.0,"turns":3.0},{"damage":0.0,"enemies":"Gremlin Nob","floor":6.0,"turns":2.0},{"damage":0.0,"enemies":"Lagavulin","floor":8.0,"turns":4.0},{"damage":16.0,"enemies":"Gremlin Gang","floor":11.0,"turns":5.0},{"damage":19.0,"enemies":"3 Sentries","floor":12.0,"turns":6.0},{"damage":13.0,"enemies":"3 Louse","floor":14.0,"turns":3.0},{"damage":4.0,"enemies":"Hexaghost","floor":16.0,"turns":11.0},{"damage":0.0,"enemies":"Spheric Guardian","floor":18.0,"turns":3.0},{"damage":7.0,"enemies":"Shell Parasite","floor":21.0,"turns":5.0},{"damage":8.0,"enemies":"Chosen and Byrds","floor":22.0,"turns":5.0},{"damage":40.0,"enemies":"Slavers","floor":23.0,"turns":5.0},{"damage":12.0,"enemies":"Centurion and Healer","floor":24.0,"turns":8.0},{"damage":1.0,"enemies":"Sentry and Sphere","floor":28.0,"turns":5.0},{"damage":17.0,"enemies":"Automaton","floor":33.0,"turns":12.0},{"damage":21.0,"enemies":"3 Darklings","floor":35.0,"turns":6.0},{"damage":0.0,"enemies":"3 Shapes","floor":38.0,"turns":5.0},{"damage":27.0,"enemies":"3 Darklings","floor":39.0,"turns":6.0},{"damage":5,"enemies":"Reptomancer","floor":40,"turns":8},{"damage":70,"enemies":"Nemesis","floor":42,"turns":10}],"seed_played":"2100110380215235146","potions_obtained":[{"floor":1.0,"key":"Fire Potion"},{"floor":2.0,"key":"Poison Potion"},{"floor":8.0,"key":"LiquidBronze"},{"floor":11.0,"key":"Ancient Potion"},{"floor":16.0,"key":"FearPotion"},{"floor":22.0,"key":"AttackPotion"},{"floor":23.0,"key":"Fire Potion"},{"floor":24.0,"key":"Swift Potion"},{"floor":34.0,"key":"LiquidBronze"},{"floor":39.0,"key":"Regen Potion"},{"floor":40,"key":"Regen Potion"}],"is_trial":false,"path_per_floor":["?","M","?","?","?","M","?","?","?","?"],"character_chosen":"DEFECT","items_purchased":["Good Instincts"],"campfire_rested":1,"item_purchase_floors":[19],"current_hp_per_floor":[61,61,61,61,61,61,61,61,61,61,45,26,26,13,35,38,66,75,75,75,75,75,35,30,30,30,30,36,36,36,36,36,33,70,63,58,58,65,52,54,54,0],"gold":64,"neow_bonus":"TRANSFORM_CARD","is_prod":false,"is_daily":false,"chose_seed":false,"campfire_upgraded":5,"win_rate":0,"timestamp":1562608957,"path_taken":["M","?","M","$","?","E","R","E","T","?","M","E","R","M","R","BOSS","M","$","?","M","M","E","M","R","T","?","?","$","?","?","R","BOSS","M","?","?","M","M","E","R","E"],"build_version":"2019-01-23","purchased_purges":3,"victory":false,"max_hp_per_floor":[75,75,75,75,75,75,75,75,75,75,75,75,75,75,75,75,75,75,75,75,75,75,75,75,75,75,75,75,75,75,75,75,75,80,80,80,80,80,80,80,80,80],"card_choices":[{"not_picked":["Conserve Battery","Turbo"],"picked":"Chaos","floor":1.0},{"not_picked":["Coolheaded","Gash"],"picked":"Cold Snap","floor":3.0},{"not_picked":["Ball Lightning","Static Discharge"],"picked":"Biased Cognition","floor":5.0},{"not_picked":["Force Field","Go for the Eyes"],"picked":"Defragment","floor":6.0},{"not_picked":["Cold Snap","Aggregate"],"picked":"Core Surge","floor":8.0},{"not_picked":["Steam","Barrage"],"picked":"Conserve Battery","floor":11.0},{"not_picked":["Beam Cell","Chill"],"picked":"Amplify","floor":12.0},{"not_picked":["Gash","Streamline"],"picked":"Self Repair","floor":14.0},{"not_picked":["Fission","Hyperbeam"],"picked":"Machine Learning","floor":16.0},{"not_picked":["Reinforced Body","Static Discharge+1","Storm"],"picked":"SKIP","floor":18.0},{"not_picked":["Redo","Ball Lightning"],"picked":"Coolheaded","floor":21.0},{"not_picked":["Streamline","Barrage"],"picked":"Rebound","floor":22.0},{"not_picked":["Turbo","Reprogram"],"picked":"Loop","floor":23.0},{"not_picked":["Skim+1","Aggregate+1"],"picked":"Darkness","floor":24.0},{"not_picked":["Storm","Beam Cell+1","Blizzard"],"picked":"SKIP","floor":28.0},{"not_picked":["Thunder Strike","Machine Learning"],"picked":"Fission","floor":33.0},{"not_picked":["Auto Shields","Gash"],"picked":"Steam+1","floor":34.0},{"not_picked":["Rebound","Compile Driver"],"picked":"Genetic Algorithm+1","floor":35.0},{"not_picked":["Hello World+1","Conserve Battery","Double Energy"],"picked":"SKIP","floor":38.0},{"not_picked":["Force Field","Steam Power","Sunder"],"picked":"SKIP","floor":39.0},{"not_picked":["Cold Snap","Meteor Strike","Hologram"],"picked":"SKIP","floor":40}],"player_experience":315479,"relics_obtained":[{"floor":6.0,"key":"Bag of Marbles"},{"floor":8.0,"key":"Letter Opener"},{"floor":12.0,"key":"Potion Belt"},{"floor":23.0,"key":"DataDisk"},{"floor":26.0,"key":"Bag of Preparation"},{"floor":40,"key":"Symbiotic Virus"}],"event_choices":[{"damage_healed":0.0,"max_hp_gain":0.0,"max_hp_loss":0.0,"gold_gain":0.0,"event_name":"The Woman in Blue","player_choice":"Bought 1 Potion","floor":2.0,"gold_loss":0.0,"damage_taken":0.0},{"damage_healed":0.0,"max_hp_gain":0.0,"max_hp_loss":0.0,"gold_gain":0.0,"event_name":"Liars Game","player_choice":"Ignored","floor":10.0,"gold_loss":0.0,"damage_taken":0.0},{"cards_removed":["Storm"],"damage_healed":0.0,"max_hp_gain":0.0,"max_hp_loss":0.0,"gold_gain":0.0,"event_name":"Beggar","player_choice":"Gave Gold","floor":20.0,"gold_loss":75.0,"damage_taken":0.0},{"damage_healed":0.0,"max_hp_gain":0.0,"max_hp_loss":0.0,"gold_gain":0.0,"event_name":"FaceTrader","player_choice":"Trade","floor":27.0,"gold_loss":0.0,"damage_taken":0.0,"relics_obtained":["NlothsMask"]},{"damage_healed":0.0,"max_hp_gain":0.0,"max_hp_loss":0.0,"gold_gain":0.0,"event_name":"The Mausoleum","player_choice":"Opened","floor":30.0,"gold_loss":0.0,"damage_taken":0.0,"relics_obtained":["Gremlin Horn"]},{"damage_healed":0.0,"max_hp_gain":0.0,"max_hp_loss":0.0,"gold_gain":0.0,"event_name":"The Library","player_choice":"Read","floor":31.0,"gold_loss":0.0,"damage_taken":0.0,"cards_obtained":["Leap"]},{"damage_healed":0.0,"max_hp_gain":0.0,"max_hp_loss":0.0,"gold_gain":0.0,"event_name":"SensoryStone","player_choice":"Memory 2","floor":36.0,"gold_loss":0.0,"damage_taken":5.0},{"damage_healed":0.0,"max_hp_gain":0.0,"max_hp_loss":0.0,"gold_gain":0.0,"event_name":"Tomb of Lord Red Mask","player_choice":"Paid","floor":37.0,"gold_loss":169.0,"damage_taken":0.0,"relics_obtained":["Red Mask"]}],"is_beta":false,"boss_relics":[{"not_picked":["Velvet Choker","Runic Dome"],"picked":"Pandora\u0027s Box"},{"not_picked":["Astrolabe","Calling Bell"],"picked":"Tiny House"}],"items_purged_floors":[4,19,29],"is_endless":false,"potions_floor_spawned":[1,8,11,16,22,23,24,35,39,40],"killed_by":"Nemesis","ascension_level":12}