{"gold_per_floor":[114,289,289,304,319,319,319,334,359,424,424,439,241,271,271,371,371,386,401,451,466,282,282,347,190,240,240,255,285,335,415,415,415],"floor_reached":33,"playtime":2043,"items_purged":["Pain"],"score":282,"play_id":"ce954eb2-615b-475b-a58a-30afcd2ec787","local_time":"20190506223307","daily_mods":["Draft","Green Cards","Binary"],"is_ascension_mode":false,"campfire_choices":[{"data":"White Noise","floor":6,"key":"SMITH"},{"data":"Hello World","floor":11,"key":"SMITH"},{"data":"Backstab","floor":15,"key":"SMITH"},{"data":"Backstab","floor":23,"key":"SMITH"},{"data":"Catalyst","floor":27,"key":"SMITH"},{"floor":32,"key":"REST"}],"neow_cost":"","seed_source_timestamp":0,"circlet_count":0,"master_deck":["Bane","White Noise+1","Deadly Poison","Conserve Battery","Sucker Punch","Hello World+1","Underhanded Strike","Poisoned Stab","Cold Snap","Bane","Turbo","Cold Snap","Poisoned Stab","Conserve Battery","Turbo","Coolheaded","Cold Snap","Dagger Throw","Bane","Backflip","Backstab+1","Deadly Poison","Sweeping Beam","Biased Cognition","Blizzard+1","Coolheaded","Backstab+1","Catalyst+1","Bane","Deadly Poison","Sweeping Beam+1"],"special_seed":18023,"relics":["Cracked Core","SsserpentHead","Blood Vial","Empty Cage","WarpedTongs","Anchor","Oddly Smooth Stone","Question Card","Red Mask"],"potions_floor_usage":[12,16,16,18,24,29,29],"damage_taken":[{"damage":0,"enemies":"Small Slimes","floor":1,"turns":2},{"damage":6,"enemies":"2 Louse","floor":4,"turns":2},{"damage":0,"enemies":"Cultist","floor":5,"turns":3},{"damage":6,"enemies":"Lots of Slimes","floor":8,"turns":3},{"damage":15,"enemies":"3 Louse","floor":10,"turns":3},{"damage":0,"enemies":"Red Slaver","floor":12,"turns":3},{"damage":22,"enemies":"Hexaghost","floor":16,"turns":9},{"damage":10,"enemies":"Spheric Guardian","floor":18,"turns":4},{"damage":14,"enemies":"2 Thieves","floor":19,"turns":4},{"damage":9,"enemies":"Snecko","floor":21,"turns":5},{"damage":12,"enemies":"3 Cultists","floor":24,"turns":4},{"damage":2,"enemies":"Sentry and Sphere","floor":28,"turns":5},{"damage":1,"enemies":"Gremlin Leader","floor":29,"turns":5},{"damage":18,"enemies":"Masked Bandits","floor":31,"turns":5},{"damage":68,"enemies":"Champ","floor":33,"turns":10}],"seed_played":"-4448055644271088173","potions_obtained":[{"floor":1,"key":"Dexterity Potion"},{"floor":8,"key":"Fire Potion"},{"floor":12,"key":"SmokeBomb"},{"floor":14,"key":"Regen Potion"},{"floor":16,"key":"AttackPotion"},{"floor":19,"key":"EssenceOfSteel"},{"floor":21,"key":"AttackPotion"},{"floor":28,"key":"SkillPotion"},{"floor":31,"key":"FairyPotion"}],"is_trial":false,"path_per_floor":["M","?","$","M","M","R","?","M","T","M","R","M","$","?","R","B",null,"M","M","?","M","$","R","M","$","T","R","M","E","?","?","R","B"],"character_chosen":"DEFECT","items_purchased":["Regen Potion","Backstab","Deadly Poison","Sweeping Beam","Anchor","Backstab","Catalyst","Bane"],"campfire_rested":1,"item_purchase_floors":[13,13,13,13,22,22,25,25],"current_hp_per_floor":[75,75,75,69,69,69,69,63,63,50,50,52,52,52,52,75,75,65,53,53,46,46,46,36,36,36,36,36,37,37,21,43,0],"gold":415,"neow_bonus":"","is_prod":false,"is_daily":true,"chose_seed":false,"campfire_upgraded":5,"win_rate":0.0,"timestamp":1557196387,"path_taken":["M","?","$","M","M","R","?","M","T","?","R","M","?","?","R","BOSS","M","M","?","M","$","R","?","$","T","R","M","E","?","?","R","BOSS"],"build_version":"2019-01-23","purchased_purges":1,"victory":false,"max_hp_per_floor":[75,75,75,75,75,75,75,75,75,75,75,75,75,75,75,75,75,75,75,75,75,75,75,75,75,75,75,75,75,75,75,75,75],"card_choices":[{"not_picked":["Endless Agony","Predator"],"picked":"Bane","floor":0},{"not_picked":["Rip and Tear","Eviscerate"],"picked":"Leap","floor":0},{"not_picked":["Self Repair","Infinite Blades"],"picked":"White Noise","floor":0},{"not_picked":["Backflip","Underhanded Strike"],"picked":"Deadly Poison","floor":0},{"not_picked":["Tempest","Sweeping Beam"],"picked":"Conserve Battery","floor":0},{"not_picked":["Beam Cell","Deflect"],"picked":"Sucker Punch","floor":0},{"not_picked":["Dagger Spray","Flying Knee"],"picked":"Hello World","floor":0},{"not_picked":["Rebound","Acrobatics"],"picked":"Underhanded Strike","floor":0},{"not_picked":["Skim","Beam Cell"],"picked":"Poisoned Stab","floor":0},{"not_picked":["Go for the Eyes","Caltrops"],"picked":"Cold Snap","floor":0},{"not_picked":["Stack","Backflip"],"picked":"Bane","floor":0},{"not_picked":["Genetic Algorithm","Coolheaded"],"picked":"Turbo","floor":0},{"not_picked":["Conserve Battery","Self Repair"],"picked":"Cold Snap","floor":0},{"not_picked":["Loop","Sweeping Beam"],"picked":"Poisoned Stab","floor":0},{"not_picked":["Rebound","Redo"],"picked":"Conserve Battery","floor":0},{"not_picked":["Masterful Stab"],"picked":"Turbo","floor":1},{"not_picked":["Infinite Blades"],"picked":"Coolheaded","floor":4},{"not_picked":["Caltrops"],"picked":"Cold Snap","floor":5},{"not_picked":["Fusion"],"picked":"Dagger Throw","floor":8},{"not_picked":["Sucker Punch"],"picked":"Bane","floor":10},{"not_picked":["Setup"],"picked":"Backflip","floor":12},{"not_picked":["Storm of Steel"],"picked":"Biased Cognition","floor":16},{"not_picked":["Footwork"],"picked":"Blizzard+1","floor":18},{"not_picked":["Sunder","Stack"],"picked":"SKIP","floor":19},{"not_picked":["Barrage"],"picked":"Coolheaded","floor":21},{"not_picked":["Expertise","Static Discharge"],"picked":"SKIP","floor":24},{"not_picked":["Compile Driver"],"picked":"Deadly Poison","floor":28},{"not_picked":["Darkness","Auto Shields"],"picked":"SKIP","floor":29},{"not_picked":["Dagger Spray","Backflip+1"],"picked":"Sweeping Beam+1","floor":31}],"player_experience":60820,"relics_obtained":[{"floor":9,"key":"Blood Vial"},{"floor":26,"key":"Oddly Smooth Stone"},{"floor":29,"key":"Question Card"},{"floor":31,"key":"Red Mask"}],"event_choices":[{"damage_healed":0,"gold_gain":175,"player_choice":"AGREE","damage_taken":0,"max_hp_gain":0,"max_hp_loss":0,"event_name":"Liars Game","floor":2,"gold_loss":0,"cards_obtained":["Doubt"]},{"damage_healed":0,"gold_gain":0,"player_choice":"Trade","damage_taken":0,"relics_obtained":["SsserpentHead"],"max_hp_gain":0,"max_hp_loss":0,"event_name":"FaceTrader","floor":7,"gold_loss":0},{"damage_healed":0,"gold_gain":0,"player_choice":"Bought 1 Potion","damage_taken":0,"max_hp_gain":0,"max_hp_loss":0,"event_name":"The Woman in Blue","floor":14,"gold_loss":0},{"damage_healed":0,"gold_gain":0,"player_choice":"Rummage","damage_taken":0,"relics_obtained":["WarpedTongs"],"max_hp_gain":0,"max_hp_loss":0,"event_name":"Accursed Blacksmith","floor":20,"gold_loss":0,"cards_obtained":["Pain"]},{"damage_healed":0,"gold_gain":0,"player_choice":"Ignored","damage_taken":0,"max_hp_gain":0,"max_hp_loss":0,"event_name":"Ghosts","floor":30,"gold_loss":0},{"damage_healed":0,"gold_gain":0,"player_choice":"Fought Bandits","damage_taken":0,"max_hp_gain":0,"max_hp_loss":0,"event_name":"Masked Bandits","floor":31,"gold_loss":0}],"is_beta":false,"boss_relics":[{"not_picked":["Runic Dome","Ectoplasm"],"picked":"Empty Cage"}],"items_purged_floors":[25],"is_endless":false,"potions_floor_spawned":[1,8,12,16,19,21,28,31],"killed_by":"Champ","ascension_level":0}