{"gold_per_floor":[115,125,400,0,18,49,61,79,79,143,175,187,200,235,235,333,333,343,343,363,373,393,428,442,442,442,452,452,486,266,102,102,206,206,218,236,254,254,272,290,324,338,338,73,173,173,190,27,27,27],"floor_reached":51,"playtime":9771,"items_purged":["Regret"],"score":1045,"play_id":"93f0e7eb-e0b4-4617-b181-05600b8af1ec","local_time":"20190512002904","is_ascension_mode":false,"campfire_choices":[{"data":"Noxious Fumes","floor":15.0,"key":"SMITH"},{"data":"After Image","floor":25.0,"key":"SMITH"},{"data":"Adrenaline","floor":32.0,"key":"SMITH"},{"data":"Noxious Fumes","floor":46,"key":"SMITH"},{"data":"Transmutation","floor":49,"key":"SMITH"}],"neow_cost":"NONE","seed_source_timestamp":0,"circlet_count":0,"master_deck":["Defend_G","Defend_G","Defend_G","Defend_G","Defend_G+1","Strike_G","Strike_G","Strike_G","Strike_G","Survivor","Neutralize","Poisoned Stab","Dash","Quick Slash","Dagger Throw","Adrenaline+1","Crippling Poison","Noxious Fumes+1","PiercingWail","Deadly Poison","Underhanded Strike","Flying Knee","Backflip","Corpse Explosion","Outmaneuver","Deadly Poison","Deflect+1","Dodge and Roll+1","After Image+1","Flying Knee+1","Sucker Punch","Escape Plan","Footwork","PiercingWail","Heel Hook","Outmaneuver","Masterful Stab","Flechettes","PiercingWail","Bullet Time","Reflex+1","Slice+1","After Image","Discovery","Bandage Up","Flash of Steel","Prepared+1","Sucker Punch+1","Deflect+1","Dagger Throw+1","Backflip","Noxious Fumes+1","Blur+1","Transmutation+1"],"special_seed":0,"relics":["Runic Pyramid","Thread and Needle","Bottled Lightning","Bag of Preparation","Ancient Tea Set","Bottled Tornado","Mercury Hourglass","Philosopher\u0027s Stone","FossilizedHelix","Mummified Hand","Snake Skull","Coffee Dripper","Paper Crane","Bottled Flame","War Paint"],"potions_floor_usage":[47,50],"damage_taken":[{"damage":0.0,"enemies":"Jaw Worm","floor":1.0,"turns":5.0},{"damage":1.0,"enemies":"Cultist","floor":2.0,"turns":4.0},{"damage":0.0,"enemies":"Small Slimes","floor":5.0,"turns":3.0},{"damage":0.0,"enemies":"Lagavulin","floor":6.0,"turns":9.0},{"damage":0.0,"enemies":"3 Louse","floor":7.0,"turns":3.0},{"damage":0.0,"enemies":"Red Slaver","floor":8.0,"turns":4.0},{"damage":0.0,"enemies":"3 Sentries","floor":10.0,"turns":6.0},{"damage":0.0,"enemies":"3 Sentries","floor":11.0,"turns":7.0},{"damage":0.0,"enemies":"2 Fungi Beasts","floor":12.0,"turns":4.0},{"damage":0.0,"enemies":"Exordium Thugs","floor":13.0,"turns":4.0},{"damage":0.0,"enemies":"Lagavulin","floor":14.0,"turns":6.0},{"damage":0.0,"enemies":"Slime Boss","floor":16.0,"turns":7.0},{"damage":2.0,"enemies":"3 Byrds","floor":18.0,"turns":3.0},{"damage":0.0,"enemies":"2 Thieves","floor":20.0,"turns":4.0},{"damage":2.0,"enemies":"Snake Plant","floor":21.0,"turns":4.0},{"damage":0.0,"enemies":"Cultist and Chosen","floor":22.0,"turns":4.0},{"damage":0.0,"enemies":"Gremlin Leader","floor":23.0,"turns":6.0},{"damage":0.0,"enemies":"Sentry and Sphere","floor":24.0,"turns":5.0},{"damage":0.0,"enemies":"Snecko","floor":27.0,"turns":4.0},{"damage":0.0,"enemies":"Slavers","floor":29.0,"turns":4.0},{"damage":0.0,"enemies":"Automaton","floor":33.0,"turns":8.0},{"damage":0.0,"enemies":"3 Darklings","floor":35.0,"turns":3.0},{"damage":0.0,"enemies":"Orb Walker","floor":36.0,"turns":3.0},{"damage":0.0,"enemies":"Jaw Worm Horde","floor":37.0,"turns":2.0},{"damage":0,"enemies":"3 Darklings","floor":39,"turns":4},{"damage":0,"enemies":"Writhing Mass","floor":40,"turns":5},{"damage":0,"enemies":"Giant Head","floor":41,"turns":8},{"damage":6,"enemies":"Spire Growth","floor":42,"turns":5},{"damage":0,"enemies":"4 Shapes","floor":47,"turns":4},{"damage":57,"enemies":"Time Eater","floor":50,"turns":12}],"seed_played":"6086100457786177459","potions_obtained":[{"floor":5.0,"key":"Fire Potion"},{"floor":7.0,"key":"SteroidPotion"},{"floor":8.0,"key":"GamblersBrew"},{"floor":37.0,"key":"Regen Potion"}],"is_trial":false,"path_per_floor":["?","M","?","?","M","?","$","?","?","M"],"character_chosen":"THE_SILENT","items_purchased":["Thread and Needle","Quick Slash","Footwork","PiercingWail","Heel Hook","Outmaneuver","Masterful Stab","Flechettes","PiercingWail","War Paint","Backflip","Noxious Fumes","Transmutation"],"campfire_rested":0,"item_purchase_floors":[4,4,30,30,30,30,31,31,31,44,44,44,48],"current_hp_per_floor":[70,69,69,69,69,69,69,69,69,69,69,69,69,69,69,69,70,68,68,68,66,66,66,66,66,66,66,66,66,66,66,66,66,70,70,70,70,60,64,68,70,64,64,64,64,64,64,64,64,26],"gold":27,"neow_bonus":"BOSS_RELIC","is_prod":false,"is_daily":false,"chose_seed":false,"campfire_upgraded":5,"win_rate":0.0,"timestamp":1557610144,"path_taken":["M","M","?","$","M","E","M","?","T","?","E","M","M","E","R","BOSS","M","?","M","M","M","E","?","R","T","M","?","E","?","$","R","BOSS","M","M","M","?","M","M","E","M","T","$","?","R","?","$","R","BOSS"],"build_version":"2019-01-23","purchased_purges":1,"victory":true,"max_hp_per_floor":[70,70,70,70,70,70,70,70,70,70,70,70,70,70,70,70,70,70,70,70,70,70,70,70,70,70,70,70,70,70,70,70,70,70,70,70,70,70,70,70,70,70,70,70,70,70,70,70,70,70],"card_choices":[{"not_picked":["Blade Dance","Underhanded Strike"],"picked":"Poisoned Stab","floor":1.0},{"not_picked":["Underhanded Strike","Acrobatics"],"picked":"Dash","floor":2.0},{"not_picked":["Crippling Poison","Blade Dance"],"picked":"Dagger Throw","floor":5.0},{"not_picked":["Well Laid Plans","Poisoned Stab"],"picked":"Adrenaline","floor":6.0},{"not_picked":["Caltrops","Poisoned Stab"],"picked":"Crippling Poison","floor":7.0},{"not_picked":["Eviscerate","Dodge and Roll"],"picked":"Noxious Fumes","floor":8.0},{"not_picked":["Outmaneuver","Backflip"],"picked":"PiercingWail","floor":10.0},{"not_picked":["Dagger Spray","PiercingWail"],"picked":"Deadly Poison","floor":11.0},{"not_picked":["Backstab","Glass Knife"],"picked":"Underhanded Strike","floor":12.0},{"not_picked":["Backflip","Deadly Poison"],"picked":"Flying Knee","floor":13.0},{"not_picked":["Dagger Throw","Sucker Punch"],"picked":"Backflip","floor":14.0},{"not_picked":["Night Terror","Wraith Form v2"],"picked":"Corpse Explosion","floor":16.0},{"not_picked":["Well Laid Plans","Crippling Poison"],"picked":"Outmaneuver","floor":18.0},{"not_picked":["Underhanded Strike+1","Acrobatics"],"picked":"Deadly Poison","floor":20.0},{"not_picked":["Quick Slash","Heel Hook"],"picked":"Deflect+1","floor":21.0},{"not_picked":["Acrobatics","Blade Dance+1"],"picked":"Dodge and Roll+1","floor":22.0},{"not_picked":["Dodge and Roll+1","Catalyst"],"picked":"After Image","floor":23.0},{"not_picked":["Underhanded Strike","Predator"],"picked":"Flying Knee+1","floor":24.0},{"not_picked":["Finisher","Crippling Poison"],"picked":"Sucker Punch","floor":27.0},{"not_picked":["Expertise+1","Venomology"],"picked":"Escape Plan","floor":29.0},{"not_picked":["After Image","Phantasmal Killer"],"picked":"Bullet Time","floor":33.0},{"not_picked":["Poisoned Stab","Flying Knee"],"picked":"Reflex+1","floor":35.0},{"not_picked":["Reflex+1","Riddle With Holes"],"picked":"Slice+1","floor":36.0},{"not_picked":["PiercingWail+1","Acrobatics"],"picked":"After Image","floor":37.0},{"not_picked":["Deep Breath","Madness"],"picked":"Discovery","floor":38.0},{"not_picked":["Mayhem","PanicButton"],"picked":"Bandage Up","floor":38.0},{"not_picked":["PanicButton","Secret Weapon"],"picked":"Flash of Steel","floor":38.0},{"not_picked":["Flechettes+1","Slice+1"],"picked":"Prepared","floor":39},{"not_picked":["Finisher+1","Deflect"],"picked":"Sucker Punch+1","floor":40},{"not_picked":["Terror+1","Riddle With Holes"],"picked":"Deflect+1","floor":41},{"not_picked":["All Out Attack","Backstab"],"picked":"Dagger Throw+1","floor":42},{"not_picked":["Deadly Poison","Underhanded Strike"],"picked":"Blur+1","floor":47}],"player_experience":50004,"relics_obtained":[{"floor":6.0,"key":"Bottled Lightning"},{"floor":9.0,"key":"Bag of Preparation"},{"floor":10.0,"key":"Ancient Tea Set"},{"floor":11.0,"key":"Bottled Tornado"},{"floor":14.0,"key":"Mercury Hourglass"},{"floor":23.0,"key":"FossilizedHelix"},{"floor":26.0,"key":"Mummified Hand"},{"floor":29.0,"key":"Snake Skull"},{"floor":41,"key":"Paper Crane"},{"floor":43,"key":"Bottled Flame"}],"event_choices":[{"damage_healed":0.0,"max_hp_gain":0.0,"max_hp_loss":0.0,"gold_gain":275.0,"event_name":"Golden Shrine","player_choice":"Desecrate","floor":3.0,"gold_loss":0.0,"damage_taken":0.0,"cards_obtained":["Regret"]},{"damage_healed":0.0,"max_hp_gain":0.0,"max_hp_loss":0.0,"gold_gain":0.0,"event_name":"Dead Adventurer","player_choice":"Searched \u00271\u0027 times","floor":10.0,"gold_loss":0.0,"damage_taken":0.0},{"cards_removed":["Strike_G"],"damage_healed":0.0,"max_hp_gain":0.0,"max_hp_loss":0.0,"gold_gain":0.0,"event_name":"Bonfire Elementals","player_choice":"Offered Basic","floor":19.0,"gold_loss":0.0,"damage_taken":0.0},{"damage_healed":0.0,"max_hp_gain":0.0,"max_hp_loss":0.0,"gold_gain":0.0,"event_name":"Beggar","player_choice":"Ignored","floor":28.0,"gold_loss":0.0,"damage_taken":0.0},{"damage_healed":0.0,"max_hp_gain":0.0,"max_hp_loss":0.0,"gold_gain":0.0,"event_name":"SensoryStone","player_choice":"Memory 3","floor":38.0,"gold_loss":0.0,"damage_taken":10.0},{"damage_healed":0,"gold_gain":100,"player_choice":"Pray","damage_taken":0,"max_hp_gain":0,"max_hp_loss":0,"event_name":"Golden Shrine","floor":45,"gold_loss":0}],"is_beta":false,"boss_relics":[{"not_picked":["White Beast Statue","Orrery"],"picked":"Philosopher\u0027s Stone"},{"not_picked":["Runic Dome","Calling Bell"],"picked":"Coffee Dripper"}],"items_purged_floors":[4],"is_endless":false,"potions_floor_spawned":[5,7,8,10,12,16,18,24,27,33,37,39,42],"ascension_level":0}