{"gold_per_floor":[113,288,288,305,319,319,244,244,319,334,354,364,378,378,378,476,476,488,502,502,502,519,519,479,29,80,80,115,131,131,148,148,253,253,264,21,32,49,65,65,77,77,77,148,248,248,277,288,288,288],"floor_reached":51,"playtime":3743,"items_purged":["Doubt","Strike_R"],"score":716,"play_id":"ac9cbac8-892e-47dd-a6c9-67ceacd0369a","local_time":"20190629233324","is_ascension_mode":false,"campfire_choices":[{"data":"Pommel Strike","floor":6,"key":"SMITH"},{"data":"Entrench","floor":8,"key":"SMITH"},{"data":"Rage","floor":15,"key":"SMITH"},{"data":"Barricade","floor":23,"key":"SMITH"},{"floor":30,"key":"REST"},{"floor":32,"key":"REST"},{"floor":40,"key":"REST"},{"floor":42,"key":"REST"},{"floor":46,"key":"REST"},{"floor":49,"key":"REST"}],"neow_cost":"NONE","seed_source_timestamp":31436831187163,"circlet_count":0,"master_deck":["Strike_R","Strike_R","Strike_R","Strike_R","Defend_R","Defend_R","Defend_R","Defend_R","Bash","Feed","Rage+1","Entrench+1","Pommel Strike+1","Cleave","Sentinel+1","Pommel Strike","Sentinel+1","Barricade+1","Headbutt","Flex+1","Necronomicurse","Rampage+1","Blind+1","Iron Wave","Shrug It Off+1","Demon Form","Clothesline+1","Ghostly Armor+1","Body Slam+1"],"relics":["Burning Blood","Toxic Egg 2","Sozu","Necronomicon","Pen Nib","MealTicket","Boot","Nunchaku","Busted Crown","Anchor","Frozen Egg 2","Paper Frog","Pocketwatch","Blood Vial"],"potions_floor_usage":[16,33,33,47],"damage_taken":[{"damage":3,"enemies":"Small Slimes","floor":1,"turns":3},{"damage":2,"enemies":"2 Louse","floor":4,"turns":4},{"damage":0,"enemies":"Cultist","floor":5,"turns":4},{"damage":19,"enemies":"Gremlin Gang","floor":10,"turns":5},{"damage":0,"enemies":"Looter","floor":11,"turns":4},{"damage":8,"enemies":"Blue Slaver","floor":12,"turns":4},{"damage":17,"enemies":"Lots of Slimes","floor":13,"turns":6},{"damage":49,"enemies":"The Guardian","floor":16,"turns":16},{"damage":6,"enemies":"Chosen","floor":18,"turns":5},{"damage":0,"enemies":"Spheric Guardian","floor":19,"turns":8},{"damage":24,"enemies":"Snake Plant","floor":22,"turns":6},{"damage":43,"enemies":"Book of Stabbing","floor":28,"turns":5},{"damage":14,"enemies":"Snecko","floor":29,"turns":6},{"damage":5,"enemies":"Chosen and Byrds","floor":31,"turns":9},{"damage":43,"enemies":"Automaton","floor":33,"turns":15},{"damage":29,"enemies":"3 Shapes","floor":35,"turns":5},{"damage":18,"enemies":"3 Darklings","floor":37,"turns":5},{"damage":47,"enemies":"Sphere and 2 Shapes","floor":38,"turns":7},{"damage":17,"enemies":"Spire Growth","floor":39,"turns":6},{"damage":42,"enemies":"4 Shapes","floor":41,"turns":6},{"damage":0,"enemies":"Mind Bloom Boss Battle","floor":45,"turns":6},{"damage":46,"enemies":"Reptomancer","floor":47,"turns":3},{"damage":10,"enemies":"Sphere and 2 Shapes","floor":48,"turns":3},{"damage":69,"enemies":"Donu and Deca","floor":50,"turns":9}],"seed_played":"-3503082594149688100","potions_obtained":[{"floor":5,"key":"EssenceOfSteel"},{"floor":11,"key":"Strength Potion"},{"floor":12,"key":"PowerPotion"},{"floor":16,"key":"Weak Potion"}],"is_trial":false,"path_per_floor":["M","?","?","M","M","R","$","R","T","M","M","M","M","?","R","B",null,"M","M","?","?","M","R","?","$","T","$","E","M","R","M","R","B",null,"M","$","M","M","M","R","M","R","T","T","?","R","E","M","R","B",null],"character_chosen":"IRONCLAD","items_purchased":["Pen Nib","MealTicket","Blind+1","Anchor"],"campfire_rested":6,"item_purchase_floors":[25,25,25,36],"current_hp_per_floor":[83,83,83,83,83,83,83,83,83,73,79,77,69,69,69,29,92,92,95,79,79,61,61,61,61,61,76,42,34,63,64,93,56,98,78,93,81,40,29,59,23,53,53,53,59,89,49,50,81,23],"gold":288,"neow_bonus":"ONE_RANDOM_RARE_CARD","is_prod":false,"is_daily":false,"chose_seed":false,"campfire_upgraded":4,"win_rate":0,"timestamp":1561844004,"path_taken":["M","?","?","?","M","R","$","R","T","?","M","M","M","?","R","BOSS","M","M","?","?","M","R","?","$","T","$","E","M","R","M","R","BOSS","M","$","?","M","M","R","M","R","T","?","?","R","E","M","R","BOSS"],"build_version":"2019-01-23","purchased_purges":2,"victory":true,"max_hp_per_floor":[83,83,83,83,83,83,83,83,83,86,86,86,89,89,89,92,92,92,95,95,95,95,95,95,95,95,95,98,98,98,98,98,98,98,101,101,101,101,101,101,101,101,101,101,101,101,101,104,104,107],"card_choices":[{"not_picked":["Perfected Strike","Whirlwind"],"picked":"Rage","floor":1},{"not_picked":["Flame Barrier","Corruption"],"picked":"Pommel Strike","floor":4},{"not_picked":["Battle Trance","Body Slam"],"picked":"Cleave","floor":5},{"not_picked":["Headbutt","Heavy Blade"],"picked":"Sentinel+1","floor":10},{"not_picked":["Burning Pact+1","Twin Strike"],"picked":"Pommel Strike","floor":11},{"not_picked":["Blood for Blood","Clothesline","Thunderclap"],"picked":"SKIP","floor":12},{"not_picked":["Body Slam","Inflame"],"picked":"Sentinel+1","floor":13},{"not_picked":["Bludgeon","Feed"],"picked":"Barricade","floor":16},{"not_picked":["Thunderclap","Cleave"],"picked":"Headbutt","floor":18},{"not_picked":["Rage+1","Clash"],"picked":"Flex+1","floor":19},{"not_picked":["Wild Strike","Rampage","Warcry+1"],"picked":"SKIP","floor":22},{"not_picked":["Pummel+1","Sever Soul"],"picked":"Iron Wave","floor":28},{"not_picked":["Battle Trance+1","Twin Strike"],"picked":"Shrug It Off+1","floor":29},{"not_picked":["Thunderclap","Anger+1","Dark Embrace"],"picked":"SKIP","floor":31},{"not_picked":["Brutality","Berserk"],"picked":"Demon Form","floor":33},{"not_picked":[],"picked":"Clothesline+1","floor":35},{"not_picked":[],"picked":"Ghostly Armor+1","floor":37},{"not_picked":["Warcry+1"],"picked":"SKIP","floor":38},{"not_picked":[],"picked":"Body Slam+1","floor":39},{"not_picked":["Sword Boomerang"],"picked":"SKIP","floor":41},{"not_picked":["Perfected Strike"],"picked":"SKIP","floor":47},{"not_picked":["Headbutt+1"],"picked":"SKIP","floor":48}],"player_experience":29540,"relics_obtained":[{"floor":9,"key":"Toxic Egg 2"},{"floor":20,"key":"Necronomicon"},{"floor":26,"key":"Boot"},{"floor":28,"key":"Nunchaku"},{"floor":43,"key":"Frozen Egg 2"},{"floor":44,"key":"Paper Frog"},{"floor":45,"key":"Pocketwatch"},{"floor":47,"key":"Blood Vial"}],"event_choices":[{"damage_healed":0,"gold_gain":175,"player_choice":"AGREE","damage_taken":0,"max_hp_gain":0,"max_hp_loss":0,"event_name":"Liars Game","floor":2,"gold_loss":0,"cards_obtained":["Doubt"]},{"damage_healed":0,"gold_gain":0,"player_choice":"2 cards matched","damage_taken":0,"max_hp_gain":0,"max_hp_loss":0,"event_name":"Match and Keep!","floor":3,"gold_loss":0,"cards_obtained":["Doubt","Entrench"]},{"cards_removed":["Doubt"],"damage_healed":0,"gold_gain":0,"player_choice":"Forget","damage_taken":0,"max_hp_gain":0,"max_hp_loss":0,"event_name":"Living Wall","floor":14,"gold_loss":0},{"damage_healed":0,"gold_gain":0,"player_choice":"Obtained Book","damage_taken":16,"max_hp_gain":0,"max_hp_loss":0,"event_name":"Cursed Tome","floor":20,"gold_loss":0},{"damage_healed":0,"gold_gain":0,"player_choice":"Read","damage_taken":0,"max_hp_gain":0,"max_hp_loss":0,"event_name":"The Library","floor":21,"gold_loss":0,"cards_obtained":["Rampage"]},{"damage_healed":0,"gold_gain":0,"player_choice":"Upgrade","damage_taken":0,"max_hp_gain":0,"max_hp_loss":0,"event_name":"Designer","floor":24,"gold_loss":40,"cards_upgraded":["Rampage"]},{"damage_healed":0,"gold_gain":0,"player_choice":"Fight","damage_taken":0,"max_hp_gain":0,"max_hp_loss":0,"event_name":"MindBloom","floor":45,"gold_loss":0}],"is_beta":false,"boss_relics":[{"not_picked":["Tiny House","Velvet Choker"],"picked":"Sozu"},{"not_picked":["Runic Cube","Eternal Feather"],"picked":"Busted Crown"}],"items_purged_floors":[7,36],"is_endless":false,"potions_floor_spawned":[5,11,12,16,19,28,37,38,41,48],"ascension_level":0}