{"gold_per_floor":[116,116,11,11,21,55,55,55,55,86,86,86,100,110,110,210,210,227,129,129,44,62,62,62,62,137,167,167,167,182,182,182,277,277,296,296,308,325,33,33,68,168,168,168,198,0,0,18,18,18],"floor_reached":51,"playtime":3748,"items_purged":["Regret","Pain"],"score":752,"play_id":"b1929195-0664-4f5f-919b-5276e9686e80","local_time":"20190629025229","is_ascension_mode":false,"campfire_choices":[{"data":"True Grit","floor":7,"key":"SMITH"},{"floor":12,"key":"REST"},{"floor":15,"key":"REST"},{"data":"Armaments","floor":23,"key":"SMITH"},{"data":"Iron Wave","floor":25,"key":"SMITH"},{"floor":29,"key":"REST"},{"data":"Rampage","floor":32,"key":"SMITH"},{"floor":40,"key":"REST"},{"floor":44,"key":"REST"},{"floor":49,"key":"REST"}],"neow_cost":"NONE","seed_source_timestamp":6625673290588,"circlet_count":0,"master_deck":["Strike_R+1","Strike_R+1","Strike_R+1","Strike_R+1","Strike_R+1","Defend_R+1","Defend_R+1","Defend_R+1","Defend_R+1","Bash","Purity","Iron Wave+1","Rampage+1","True Grit+1","Armaments+1","Double Tap","Rage+1","Shrug It Off+1","Perfected Strike","Impervious+1","Flex+1","Shrug It Off+1","Shockwave+1","Sentinel+1","Demon Form","Limit Break+1","Entrench+1","Spot Weakness+1","Heavy Blade","Cleave+1"],"relics":["Burning Blood","Matryoshka","Bag of Preparation","Potion Belt","Lantern","Bottled Lightning","Toxic Egg 2","Mark of Pain","Pocketwatch","Paper Frog","Centennial Puzzle","Bronze Scales","Fusion Hammer","WarpedTongs","Red Skull","Pear","StoneCalendar","Mango","Letter Opener","Red Mask"],"potions_floor_usage":[16,16,28,33,45,50,50],"damage_taken":[{"damage":5,"enemies":"Cultist","floor":1,"turns":4},{"damage":3,"enemies":"Small Slimes","floor":5,"turns":3},{"damage":41,"enemies":"Gremlin Nob","floor":6,"turns":5},{"damage":21,"enemies":"Lagavulin","floor":10,"turns":7},{"damage":1,"enemies":"2 Louse","floor":13,"turns":4},{"damage":6,"enemies":"Exordium Wildlife","floor":14,"turns":6},{"damage":56,"enemies":"Hexaghost","floor":16,"turns":12},{"damage":26,"enemies":"Chosen","floor":18,"turns":8},{"damage":19,"enemies":"Shell Parasite","floor":22,"turns":5},{"damage":36,"enemies":"Gremlin Leader","floor":27,"turns":5},{"damage":4,"enemies":"Colosseum Slavers","floor":28,"turns":5},{"damage":0,"enemies":"Chosen and Byrds","floor":30,"turns":5},{"damage":12,"enemies":"Champ","floor":33,"turns":10},{"damage":23,"enemies":"3 Shapes","floor":35,"turns":5},{"damage":21,"enemies":"3 Darklings","floor":37,"turns":7},{"damage":3,"enemies":"Writhing Mass","floor":38,"turns":5},{"damage":29,"enemies":"Nemesis","floor":41,"turns":7},{"damage":11,"enemies":"Mind Bloom Boss Battle","floor":42,"turns":7},{"damage":17,"enemies":"Reptomancer","floor":45,"turns":6},{"damage":7,"enemies":"Transient","floor":48,"turns":5},{"damage":47,"enemies":"Time Eater","floor":50,"turns":7}],"seed_played":"3803147115560413297","potions_obtained":[{"floor":13,"key":"Weak Potion"},{"floor":14,"key":"EssenceOfSteel"},{"floor":16,"key":"Block Potion"},{"floor":22,"key":"PowerPotion"},{"floor":27,"key":"Ancient Potion"},{"floor":30,"key":"Strength Potion"},{"floor":37,"key":"SteroidPotion"},{"floor":38,"key":"GamblersBrew"},{"floor":48,"key":"Fire Potion"}],"is_trial":false,"path_per_floor":["M","?","$","?","M","E","R","?","T","E","?","R","M","M","R","B",null,"M","$","?","?","M","R","?","R","T","E","?","R","M","?","R","B",null,"M","?","M","M","$","R","E","?","T","R","E","?","$","M","R","B",null],"character_chosen":"IRONCLAD","items_purchased":["Rampage","True Grit","Shrug It Off+1","Red Skull","Heavy Blade"],"campfire_rested":6,"item_purchase_floors":[3,3,19,39,39],"current_hp_per_floor":[80,80,80,73,76,41,41,41,41,26,26,50,55,55,79,29,80,60,60,60,60,47,47,73,73,73,43,45,69,75,75,75,69,80,63,63,48,51,51,75,62,57,71,102,91,91,91,90,104,63],"gold":18,"neow_bonus":"RANDOM_COLORLESS","is_prod":false,"is_daily":false,"chose_seed":false,"campfire_upgraded":4,"win_rate":0,"timestamp":1561769549,"path_taken":["M","?","$","?","M","E","R","?","T","E","?","R","M","?","R","BOSS","M","$","?","?","M","R","?","R","T","E","?","R","M","?","R","BOSS","M","?","?","M","$","R","E","?","T","R","E","?","?","M","R","BOSS"],"build_version":"2019-01-23","purchased_purges":2,"victory":true,"max_hp_per_floor":[80,80,80,80,80,80,80,80,80,80,80,80,80,80,80,80,80,80,80,80,80,80,80,80,80,80,80,80,80,80,80,80,80,80,80,80,80,80,80,80,90,90,104,104,104,104,104,104,104,104],"card_choices":[{"not_picked":["True Grit","Anger"],"picked":"Iron Wave","floor":1},{"not_picked":["Clothesline","Twin Strike"],"picked":"Armaments","floor":5},{"not_picked":["Impervious","Body Slam"],"picked":"Double Tap","floor":6},{"not_picked":["Battle Trance","Heavy Blade"],"picked":"Rage","floor":10},{"not_picked":["True Grit+1","Clash"],"picked":"Shrug It Off+1","floor":13},{"not_picked":["Searing Blow","Anger"],"picked":"Perfected Strike","floor":14},{"not_picked":["Limit Break+1","Juggernaut"],"picked":"Impervious+1","floor":16},{"not_picked":["Evolve","Feel No Pain"],"picked":"Flex+1","floor":18},{"not_picked":["Clash","Hemokinesis+1"],"picked":"Shockwave+1","floor":22},{"not_picked":["Armaments+1","Reckless Charge"],"picked":"Sentinel+1","floor":27},{"not_picked":["Flame Barrier+1","Heavy Blade"],"picked":"Demon Form","floor":30},{"not_picked":["Exhume+1","Reaper"],"picked":"Limit Break+1","floor":33},{"not_picked":["Flex+1","Dual Wield+1"],"picked":"Entrench+1","floor":35},{"not_picked":["Reckless Charge+1","Thunderclap"],"picked":"Spot Weakness+1","floor":37},{"not_picked":["Intimidate+1","Fire Breathing","Blood for Blood"],"picked":"SKIP","floor":38},{"not_picked":["True Grit+1","Pummel","Clash"],"picked":"SKIP","floor":41},{"not_picked":["Iron Wave","Havoc+1"],"picked":"Cleave+1","floor":42},{"not_picked":["Anger","Iron Wave+1","Uppercut+1"],"picked":"SKIP","floor":45},{"not_picked":["Flex+1","Pummel","Power Through+1"],"picked":"SKIP","floor":48}],"player_experience":25792,"relics_obtained":[{"floor":6,"key":"Potion Belt"},{"floor":9,"key":"Lantern"},{"floor":9,"key":"Bottled Lightning"},{"floor":10,"key":"Toxic Egg 2"},{"floor":26,"key":"Paper Frog"},{"floor":26,"key":"Centennial Puzzle"},{"floor":27,"key":"Bronze Scales"},{"floor":41,"key":"Pear"},{"floor":42,"key":"StoneCalendar"},{"floor":43,"key":"Mango"},{"floor":45,"key":"Letter Opener"}],"event_choices":[{"damage_healed":0,"gold_gain":0,"player_choice":"Box","damage_taken":0,"relics_obtained":["Matryoshka"],"max_hp_gain":0,"max_hp_loss":0,"event_name":"Big Fish","floor":2,"gold_loss":0,"cards_obtained":["Regret"]},{"damage_healed":0,"gold_gain":0,"player_choice":"Success","damage_taken":7,"relics_obtained":["Bag of Preparation"],"max_hp_gain":0,"max_hp_loss":0,"event_name":"Scrap Ooze","floor":4,"gold_loss":0},{"damage_healed":0,"gold_gain":0,"player_choice":"Ignored","damage_taken":0,"max_hp_gain":0,"max_hp_loss":0,"event_name":"Shining Light","floor":8,"gold_loss":0},{"damage_healed":0,"gold_gain":0,"player_choice":"Searched \u00270\u0027 times","damage_taken":0,"max_hp_gain":0,"max_hp_loss":0,"event_name":"Dead Adventurer","floor":11,"gold_loss":0},{"damage_healed":0,"gold_gain":0,"player_choice":"Simplicity","damage_taken":0,"max_hp_gain":0,"max_hp_loss":0,"event_name":"Back to Basics","floor":20,"gold_loss":0,"cards_upgraded":["Strike_R","Strike_R","Strike_R","Strike_R","Strike_R","Defend_R","Defend_R","Defend_R","Defend_R"]},{"damage_healed":0,"gold_gain":0,"player_choice":"Obtained Relic","damage_taken":0,"relics_obtained":["Pocketwatch"],"max_hp_gain":0,"max_hp_loss":0,"event_name":"Addict","floor":21,"gold_loss":85},{"damage_healed":26,"gold_gain":0,"player_choice":"Heal","damage_taken":0,"max_hp_gain":0,"max_hp_loss":0,"event_name":"The Library","floor":24,"gold_loss":0},{"damage_healed":0,"gold_gain":0,"player_choice":"Fight","damage_taken":0,"max_hp_gain":0,"max_hp_loss":0,"event_name":"Colosseum","floor":28,"gold_loss":0},{"damage_healed":0,"gold_gain":0,"player_choice":"Fled From Nobs","damage_taken":0,"max_hp_gain":0,"max_hp_loss":0,"event_name":"Colosseum","floor":28,"gold_loss":0},{"damage_healed":0,"gold_gain":0,"player_choice":"Ignored","damage_taken":0,"max_hp_gain":0,"max_hp_loss":0,"event_name":"Ghosts","floor":31,"gold_loss":0},{"damage_healed":0,"gold_gain":0,"player_choice":"Rummage","damage_taken":0,"relics_obtained":["WarpedTongs"],"max_hp_gain":0,"max_hp_loss":0,"event_name":"Accursed Blacksmith","floor":36,"gold_loss":0,"cards_obtained":["Pain"]},{"damage_healed":0,"gold_gain":0,"player_choice":"Fight","damage_taken":0,"max_hp_gain":0,"max_hp_loss":0,"event_name":"MindBloom","floor":42,"gold_loss":0},{"damage_healed":0,"gold_gain":0,"player_choice":"Paid","damage_taken":0,"relics_obtained":["Red Mask"],"max_hp_gain":0,"max_hp_loss":0,"event_name":"Tomb of Lord Red Mask","floor":46,"gold_loss":198}],"is_beta":false,"boss_relics":[{"not_picked":["Orrery","Black Star"],"picked":"Mark of Pain"},{"not_picked":["Runic Pyramid","Runic Dome"],"picked":"Fusion Hammer"}],"items_purged_floors":[19,39],"is_endless":false,"potions_floor_spawned":[13,14,16,22,27,30,37,38,48],"ascension_level":0}