{"gold_per_floor":[114,64,139,139,149,178,178,67,91,124,142,168,168,188,188,288,288,298,40,40,54,67,96,96,109,109,109,120,20,20,31,31,31],"floor_reached":33,"playtime":1892,"items_purged":["Defend_B","Decay"],"score":561,"play_id":"519ceeb9-b01d-478c-a1fc-f318b5a21f66","local_time":"20190707150242","is_ascension_mode":true,"campfire_choices":[{"data":"Doom and Gloom","floor":7,"key":"SMITH"},{"data":"Force Field","floor":13,"key":"SMITH"},{"data":"Undo","floor":15,"key":"SMITH"},{"data":"Hyperbeam","floor":24,"key":"SMITH"},{"data":"Bite","floor":32,"key":"SMITH"}],"neow_cost":"NONE","seed_source_timestamp":745999220972279,"circlet_count":0,"master_deck":["AscendersBane","Defend_B","Defend_B","Zap","Dualcast","Doom and Gloom+1","Force Field+1","Undo+1","Rebound","Conserve Battery","Hyperbeam+1","Recycle","Rebound","Capacitor","Redo","Bite","Bite","Bite","Bite+1","Bite","Machine Learning"],"relics":["Snecko Eye","Dodecahedron","Ancient Tea Set","Meat on the Bone","Mango","Cursed Key","Cables","Regal Pillow","Juzu Bracelet"],"potions_floor_usage":[12],"damage_taken":[{"damage":7,"enemies":"Jaw Worm","floor":1,"turns":3},{"damage":12,"enemies":"2 Louse","floor":5,"turns":3},{"damage":15,"enemies":"Lagavulin","floor":6,"turns":5},{"damage":0,"enemies":"3 Sentries","floor":10,"turns":4},{"damage":7,"enemies":"Small Slimes","floor":11,"turns":2},{"damage":0,"enemies":"Gremlin Nob","floor":12,"turns":4},{"damage":0,"enemies":"Exordium Wildlife","floor":14,"turns":3},{"damage":12,"enemies":"Slime Boss","floor":16,"turns":8},{"damage":0,"enemies":"Chosen","floor":18,"turns":6},{"damage":0,"enemies":"3 Byrds","floor":21,"turns":4},{"damage":0,"enemies":"Snecko","floor":22,"turns":4},{"damage":22,"enemies":"Slavers","floor":23,"turns":5},{"damage":1,"enemies":"Centurion and Healer","floor":25,"turns":5},{"damage":0,"enemies":"3 Cultists","floor":28,"turns":4},{"damage":7,"enemies":"Cultist and Chosen","floor":31,"turns":4},{"damage":75,"enemies":"Automaton","floor":33,"turns":8}],"seed_played":"5107478072900201962","potions_obtained":[{"floor":5,"key":"Weak Potion"},{"floor":6,"key":"Weak Potion"},{"floor":16,"key":"Explosive Potion"},{"floor":23,"key":"PowerPotion"}],"is_trial":false,"path_per_floor":["?","?","?","M","?","?","$","?"],"character_chosen":"DEFECT","items_purchased":["Undo","Cables"],"campfire_rested":0,"item_purchase_floors":[8,19],"current_hp_per_floor":[61,61,50,50,38,23,23,23,23,23,28,54,54,54,54,54,80,80,80,80,80,80,58,58,57,57,57,57,57,57,62,62,0],"gold":31,"neow_bonus":"BOSS_RELIC","is_prod":false,"is_daily":false,"chose_seed":false,"campfire_upgraded":5,"win_rate":0,"timestamp":1562500962,"path_taken":["M","?","?","?","M","E","R","$","T","E","?","E","R","M","R","BOSS","M","$","?","M","M","E","R","M","T","?","M","?","?","M","R","BOSS"],"build_version":"2019-01-23","purchased_purges":2,"victory":false,"max_hp_per_floor":[75,75,75,75,75,75,75,75,75,75,75,89,89,89,89,89,89,89,89,89,89,89,89,89,89,89,89,89,89,62,62,62,62],"card_choices":[{"not_picked":["Rebound","Double Energy"],"picked":"Doom and Gloom","floor":1},{"not_picked":["Cold Snap","Coolheaded","Barrage"],"picked":"SKIP","floor":5},{"not_picked":["Stack","Barrage"],"picked":"Force Field","floor":6},{"not_picked":["Storm","Double Energy"],"picked":"Rebound","floor":10},{"not_picked":["Cold Snap","Aggregate","Redo"],"picked":"SKIP","floor":11},{"not_picked":["Lockon","Loop"],"picked":"Conserve Battery","floor":12},{"not_picked":["Streamline","Self Repair","Melter"],"picked":"SKIP","floor":14},{"not_picked":["Biased Cognition","Thunder Strike"],"picked":"Hyperbeam","floor":16},{"not_picked":["Static Discharge","BootSequence","Turbo"],"picked":"SKIP","floor":18},{"not_picked":["Go for the Eyes","Ball Lightning","Leap"],"picked":"SKIP","floor":21},{"not_picked":["Gash","Turbo","Coolheaded"],"picked":"SKIP","floor":22},{"not_picked":["Rip and Tear","Darkness"],"picked":"Recycle","floor":23},{"not_picked":["Streamline","Gash","Sweeping Beam"],"picked":"SKIP","floor":25},{"not_picked":["Steam","BootSequence"],"picked":"Redo","floor":28},{"not_picked":["Coolheaded","Compile Driver"],"picked":"Machine Learning","floor":31}],"player_experience":313587,"relics_obtained":[{"floor":6,"key":"Dodecahedron"},{"floor":9,"key":"Ancient Tea Set"},{"floor":10,"key":"Meat on the Bone"},{"floor":12,"key":"Mango"},{"floor":23,"key":"Regal Pillow"},{"floor":26,"key":"Juzu Bracelet"}],"event_choices":[{"cards_removed":["Strike_B"],"damage_healed":0,"gold_gain":0,"player_choice":"Card Removal","damage_taken":0,"max_hp_gain":0,"max_hp_loss":0,"event_name":"The Cleric","floor":2,"gold_loss":50},{"damage_healed":0,"gold_gain":75,"player_choice":"Gather Gold","damage_taken":11,"max_hp_gain":0,"max_hp_loss":0,"event_name":"World of Goop","floor":3,"gold_loss":0},{"cards_removed":["Strike_B"],"damage_healed":0,"gold_gain":0,"player_choice":"Forget","damage_taken":0,"max_hp_gain":0,"max_hp_loss":0,"event_name":"Living Wall","floor":4,"gold_loss":0},{"damage_healed":0,"gold_gain":0,"player_choice":"Ignored","damage_taken":0,"max_hp_gain":0,"max_hp_loss":0,"event_name":"Ghosts","floor":20,"gold_loss":0},{"damage_healed":0,"gold_gain":0,"cards_transformed":["Strike_B","Defend_B"],"player_choice":"Became Test Subject","damage_taken":0,"max_hp_gain":0,"max_hp_loss":0,"event_name":"Drug Dealer","floor":27,"gold_loss":0,"cards_obtained":["Rebound","Capacitor"]},{"damage_healed":0,"gold_gain":0,"player_choice":"Became a vampire","damage_taken":0,"max_hp_gain":0,"max_hp_loss":27,"event_name":"Vampires","floor":30,"gold_loss":0,"cards_obtained":["Bite","Bite","Bite","Bite","Bite"]}],"is_beta":false,"boss_relics":[{"not_picked":["Runic Pyramid","Coffee Dripper"],"picked":"Cursed Key"}],"items_purged_floors":[8,29],"is_endless":false,"potions_floor_spawned":[5,6,16,21,23,31],"killed_by":"Automaton","ascension_level":12}