{"gold_per_floor":[119,119,48,61,11,11,46,12,12,44,44,58,34,46,46,151,151,165,191,191,209,220,220,220,220,220,236,53,88,88,13,13,118,118,131,154,154,134,144,176,176,196,196,42,75,175,397,423,423,423],"floor_reached":51,"playtime":2849,"items_purged":["Defend_B"],"score":896,"play_id":"303c9902-1db1-4e18-a7e2-3268e4fd9331","local_time":"20190321115806","is_ascension_mode":true,"campfire_choices":[{"data":"Defragment","floor":6,"key":"SMITH"},{"data":"Zap","floor":11,"key":"SMITH"},{"data":"Redo","floor":15,"key":"SMITH"},{"data":"Capacitor","floor":23,"key":"SMITH"},{"data":"Chaos","floor":25,"key":"SMITH"},{"data":"Coolheaded","floor":30,"key":"SMITH"},{"data":"Barrage","floor":32,"key":"SMITH"},{"data":"Glacier","floor":41,"key":"SMITH"},{"floor":49,"key":"REST"}],"neow_cost":"NONE","seed_source_timestamp":54478684222365,"circlet_count":0,"master_deck":["Strike_B","Strike_B","Defend_B","Defend_B","Zap+1","Dualcast","Capacitor+1","Rebound","Defragment+1","Coolheaded+1","Self Repair","Glacier+1","Chaos+1","Redo+1","Steam","Electrodynamics+1","Cold Snap","Static Discharge+1","Barrage+1","Defragment+1","Chaos+1","Core Surge","Lockon+1","Parasite","Creative AI+1","Barrage+1"],"relics":["Cracked Core","NeowsBlessing","Cables","Orichalcum","Frozen Egg 2","Velvet Choker","Red Mask","Pen Nib","PreservedInsect","Emotion Chip","Inserter","Bag of Preparation","Ginger","Juzu Bracelet","DataDisk","Blood Vial","Calipers","Torii"],"potions_floor_usage":[16,27,35,42,42,50,50],"damage_taken":[{"damage":0,"enemies":"Jaw Worm","floor":1,"turns":1},{"damage":0,"enemies":"Small Slimes","floor":4,"turns":1},{"damage":0,"enemies":"Gremlin Nob","floor":7,"turns":1},{"damage":32,"enemies":"Lagavulin","floor":10,"turns":7},{"damage":0,"enemies":"2 Louse","floor":12,"turns":2},{"damage":3,"enemies":"Blue Slaver","floor":14,"turns":3},{"damage":19,"enemies":"Hexaghost","floor":16,"turns":13},{"damage":0,"enemies":"Chosen","floor":18,"turns":5},{"damage":0,"enemies":"Masked Bandits","floor":19,"turns":2},{"damage":0,"enemies":"3 Byrds","floor":21,"turns":1},{"damage":8,"enemies":"Cultist and Chosen","floor":22,"turns":6},{"damage":17,"enemies":"Snake Plant","floor":27,"turns":4},{"damage":0,"enemies":"Book of Stabbing","floor":29,"turns":5},{"damage":20,"enemies":"Collector","floor":33,"turns":5},{"damage":0,"enemies":"3 Shapes","floor":35,"turns":4},{"damage":0,"enemies":"Orb Walker","floor":39,"turns":2},{"damage":3,"enemies":"Giant Head","floor":40,"turns":5},{"damage":0,"enemies":"Writhing Mass","floor":42,"turns":3},{"damage":30,"enemies":"Nemesis","floor":45,"turns":3},{"damage":0,"enemies":"Mind Bloom Boss Battle","floor":46,"turns":3},{"damage":4,"enemies":"Giant Head","floor":48,"turns":7},{"damage":33,"enemies":"Donu and Deca","floor":50,"turns":5}],"seed_played":"2126118720322731726","potions_obtained":[{"floor":1,"key":"Regen Potion"},{"floor":4,"key":"SpeedPotion"},{"floor":12,"key":"Weak Potion"},{"floor":19,"key":"Dexterity Potion"},{"floor":35,"key":"Block Potion"},{"floor":38,"key":"FearPotion"},{"floor":40,"key":"Swift Potion"},{"floor":46,"key":"FearPotion"}],"is_trial":false,"path_per_floor":["M","?","$","M","?","R","E","$","T","E","R","M","$","M","R","B",null,"M","?","?","M","M","R","?","R","T","M","$","E","R","$","R","B",null,"M","T","?","?","M","E","R","M","T","$","E","?","?","E","R","B",null],"character_chosen":"DEFECT","items_purchased":["Defragment","Self Repair","Redo","Defragment+1","PreservedInsect","DataDisk"],"campfire_rested":1,"item_purchase_floors":[3,8,13,28,28,44],"current_hp_per_floor":[75,75,75,75,75,75,75,75,75,50,50,57,57,61,61,49,75,75,75,61,61,60,60,60,60,60,59,59,66,66,66,66,46,80,80,80,80,80,80,80,80,80,80,80,50,59,59,64,80,47],"gold":423,"neow_bonus":"THREE_ENEMY_KILL","is_prod":false,"is_daily":false,"chose_seed":false,"campfire_upgraded":8,"win_rate":0,"timestamp":1553183886,"path_taken":["M","?","$","M","?","R","E","?","T","E","R","M","?","?","R","BOSS","M","?","?","M","M","R","?","R","T","M","$","E","R","$","R","BOSS","M","?","?","?","?","E","R","M","T","$","E","?","?","E","R","BOSS"],"build_version":"2019-01-23","purchased_purges":1,"victory":true,"max_hp_per_floor":[75,75,75,75,75,75,75,75,75,75,75,75,75,75,75,75,75,75,75,80,80,80,80,80,80,80,80,80,80,80,80,80,80,80,80,80,80,80,80,80,80,80,80,80,80,80,80,80,80,80],"card_choices":[{"not_picked":["Fusion","Turbo"],"picked":"Capacitor","floor":1},{"not_picked":["Streamline","Cold Snap"],"picked":"BootSequence","floor":4},{"not_picked":["Conserve Battery","Rebound"],"picked":"Coolheaded","floor":7},{"not_picked":["Hologram","Heatsinks"],"picked":"Glacier","floor":10},{"not_picked":["Conserve Battery","Turbo"],"picked":"Chaos","floor":12},{"not_picked":["Self Repair+1","Rebound"],"picked":"Steam","floor":14},{"not_picked":["Reboot","Rainbow"],"picked":"Electrodynamics+1","floor":16},{"not_picked":["Go for the Eyes","Storm+1"],"picked":"Cold Snap","floor":18},{"not_picked":["Reinforced Body","Capacitor+1"],"picked":"Static Discharge+1","floor":19},{"not_picked":["Beam Cell","Storm+1","FTL"],"picked":"SKIP","floor":21},{"not_picked":["Cold Snap","Scrape"],"picked":"Barrage","floor":22},{"not_picked":["Cold Snap","Beam Cell","Ball Lightning"],"picked":"SKIP","floor":27},{"not_picked":["Blizzard","Double Energy"],"picked":"Chaos+1","floor":29},{"not_picked":["Biased Cognition+1","Hyperbeam"],"picked":"Core Surge","floor":33},{"not_picked":["Conserve Battery","Undo","Stack"],"picked":"SKIP","floor":35},{"not_picked":["Storm+1","Conserve Battery+1","Gash"],"picked":"SKIP","floor":39},{"not_picked":["Turbo+1","Cold Snap"],"picked":"Lockon+1","floor":40},{"not_picked":["Barrage","Streamline","Conserve Battery"],"picked":"SKIP","floor":42},{"not_picked":["Reprogram","Stack+1","Capacitor+1"],"picked":"SKIP","floor":45},{"not_picked":["Scrape+1","Capacitor+1"],"picked":"Creative AI+1","floor":46},{"not_picked":["Stack","Conserve Battery"],"picked":"Barrage+1","floor":48}],"player_experience":154216,"relics_obtained":[{"floor":7,"key":"Cables"},{"floor":9,"key":"Orichalcum"},{"floor":10,"key":"Frozen Egg 2"},{"floor":19,"key":"Red Mask"},{"floor":26,"key":"Pen Nib"},{"floor":29,"key":"Emotion Chip"},{"floor":36,"key":"Bag of Preparation"},{"floor":40,"key":"Ginger"},{"floor":43,"key":"Juzu Bracelet"},{"floor":45,"key":"Blood Vial"},{"floor":46,"key":"Calipers"},{"floor":48,"key":"Torii"}],"event_choices":[{"damage_healed":0,"gold_gain":0,"cards_transformed":["Strike_B"],"player_choice":"Change","damage_taken":0,"max_hp_gain":0,"max_hp_loss":0,"event_name":"Living Wall","floor":2,"gold_loss":0,"cards_obtained":["Rebound"]},{"cards_removed":["Defend_B"],"damage_healed":0,"gold_gain":0,"player_choice":"Card Removal","damage_taken":0,"max_hp_gain":0,"max_hp_loss":0,"event_name":"The Cleric","floor":5,"gold_loss":50},{"damage_healed":0,"gold_gain":0,"player_choice":"Fought Bandits","damage_taken":0,"max_hp_gain":0,"max_hp_loss":0,"event_name":"Masked Bandits","floor":19,"gold_loss":0},{"damage_healed":0,"gold_gain":0,"player_choice":"Shed Blood","damage_taken":19,"max_hp_gain":5,"max_hp_loss":0,"event_name":"Forgotten Altar","floor":20,"gold_loss":0},{"cards_removed":["Strike_B"],"damage_healed":0,"gold_gain":0,"player_choice":"Purged","damage_taken":0,"max_hp_gain":0,"max_hp_loss":0,"event_name":"Purifier","floor":24,"gold_loss":0},{"cards_removed":["BootSequence"],"damage_healed":0,"gold_gain":0,"player_choice":"Removed Skill","damage_taken":0,"max_hp_gain":0,"max_hp_loss":0,"event_name":"Falling","floor":37,"gold_loss":0},{"damage_healed":0,"gold_gain":0,"player_choice":"Bought 1 Potion","damage_taken":0,"max_hp_gain":0,"max_hp_loss":0,"event_name":"The Woman in Blue","floor":38,"gold_loss":0},{"damage_healed":0,"gold_gain":0,"player_choice":"Fight","damage_taken":0,"max_hp_gain":0,"max_hp_loss":0,"event_name":"MindBloom","floor":46,"gold_loss":0},{"damage_healed":0,"gold_gain":222,"player_choice":"Wore Mask","damage_taken":0,"max_hp_gain":0,"max_hp_loss":0,"event_name":"Tomb of Lord Red Mask","floor":47,"gold_loss":0}],"is_beta":false,"boss_relics":[{"not_picked":["Calling Bell","Eternal Feather"],"picked":"Velvet Choker"},{"not_picked":["Cursed Key","Tiny House"],"picked":"Inserter"}],"items_purged_floors":[31],"is_endless":false,"potions_floor_spawned":[1,4,12,14,19,35,40,46],"ascension_level":3}