{"gold_per_floor":[116,116,2,21,32,32,32,42,92,110,140,140,157,175,175,272,272,292,292,292,327,327,327,347,365,365,393,404,404,424,443,443,547,547,563,563,579,86,86,86],"floor_reached":40,"playtime":6560,"items_purged":[],"score":460,"play_id":"cfa04010-b8c5-44c4-91eb-26c473d626b7","local_time":"20181227003259","is_ascension_mode":false,"campfire_choices":[{"data":"Bash","floor":6,"key":"SMITH"},{"data":"Armaments","floor":12,"key":"SMITH"},{"data":"Shrug It Off","floor":15,"key":"SMITH"},{"data":"Shockwave","floor":23,"key":"SMITH"},{"data":"Double Tap","floor":29,"key":"SMITH"},{"data":"Carnage","floor":32,"key":"SMITH"}],"neow_cost":"","seed_source_timestamp":36170598168682,"circlet_count":0,"master_deck":["Defend_R","Defend_R","Defend_R","Defend_R","Bash+1","Body Slam","Battle Trance","Blood for Blood","Fire Breathing","Metallicize","Sword Boomerang","Armaments+1","Shockwave+1","Flex","Shrug It Off+1","Fiend Fire","Cleave+1","Bite","Bite","Bite","Bite","Pommel Strike","Shrug It Off+1","Rampage","Double Tap+1","Clothesline+1","Cleave","Carnage+1","Double Tap","Intimidate+1","Iron Wave","Shrug It Off","Panacea","Battle Trance","Chrysalis"],"relics":["Burning Blood","Potion Belt","Strawberry","Snecko Eye","Red Mask","Bottled Lightning","Gremlin Horn","Boot","Runic Cube","ClockworkSouvenir"],"potions_floor_usage":[],"damage_taken":[{"damage":1,"enemies":"Small Slimes","floor":1,"turns":4},{"damage":2,"enemies":"Cultist","floor":4,"turns":5},{"damage":0,"enemies":"2 Louse","floor":5,"turns":4},{"damage":2,"enemies":"Looter","floor":8,"turns":4},{"damage":12,"enemies":"2 Fungi Beasts","floor":10,"turns":4},{"damage":22,"enemies":"3 Sentries","floor":11,"turns":8},{"damage":13,"enemies":"Exordium Thugs","floor":13,"turns":7},{"damage":7,"enemies":"Blue Slaver","floor":14,"turns":3},{"damage":47,"enemies":"The Guardian","floor":16,"turns":11},{"damage":14,"enemies":"3 Byrds","floor":18,"turns":5},{"damage":32,"enemies":"Masked Bandits","floor":21,"turns":4},{"damage":0,"enemies":"Chosen","floor":24,"turns":4},{"damage":19,"enemies":"Centurion and Healer","floor":25,"turns":4},{"damage":13,"enemies":"Gremlin Leader","floor":27,"turns":5},{"damage":6,"enemies":"Cultist and Chosen","floor":28,"turns":5},{"damage":6,"enemies":"Snecko","floor":30,"turns":3},{"damage":8,"enemies":"Chosen and Byrds","floor":31,"turns":4},{"damage":29,"enemies":"Champ","floor":33,"turns":9},{"damage":36,"enemies":"3 Shapes","floor":35,"turns":3},{"damage":2,"enemies":"3 Darklings","floor":37,"turns":3},{"damage":101,"enemies":"Reptomancer","floor":40,"turns":2}],"seed_played":"-1556972040473790967","potions_obtained":[{"floor":4,"key":"FairyPotion"},{"floor":10,"key":"SneckoOil"},{"floor":11,"key":"Ancient Potion"},{"floor":14,"key":"SpeedPotion"},{"floor":18,"key":"FairyPotion"},{"floor":27,"key":"Fire Potion"},{"floor":39,"key":"Swift Potion"}],"is_trial":false,"path_per_floor":["M","?","$","M","M","R","?","M","T","M","E","R","M","M","R","B",null,"M","?","?","?","T","R","M","M","T","E","M","R","M","M","R","B",null,"M","?","M","$","?","E"],"character_chosen":"IRONCLAD","items_purchased":["Battle Trance","Blood for Blood","ClockworkSouvenir","Panacea","Battle Trance","Chrysalis"],"campfire_rested":0,"item_purchase_floors":[3,3,38,38,38,38],"current_hp_per_floor":[80,72,72,76,80,80,80,80,80,74,65,65,58,57,57,16,87,79,79,60,38,38,38,52,45,45,54,60,60,60,60,60,52,60,34,34,46,46,46,0],"gold":86,"neow_bonus":"","is_prod":false,"is_daily":false,"chose_seed":false,"campfire_upgraded":6,"win_rate":0.0,"timestamp":1545888779,"path_taken":["M","?","?","M","M","R","?","M","T","M","E","R","M","M","R","BOSS","M","?","?","?","?","R","M","M","T","E","M","R","M","M","R","BOSS","M","?","M","?","?","E"],"build_version":"2018-12-20","purchased_purges":0,"victory":false,"max_hp_per_floor":[80,80,80,80,80,80,80,80,80,80,87,87,87,87,87,87,87,87,87,60,60,60,60,60,60,60,60,60,60,60,60,60,60,60,60,60,60,60,60,60],"card_choices":[{"not_picked":["Warcry","Armaments"],"picked":"Body Slam","floor":1},{"not_picked":["Warcry","Clash"],"picked":"Fire Breathing","floor":4},{"not_picked":["Blood for Blood","Clash"],"picked":"Metallicize","floor":5},{"not_picked":["Iron Wave","Perfected Strike"],"picked":"Sword Boomerang","floor":8},{"not_picked":["Blood for Blood","Reckless Charge"],"picked":"Armaments","floor":10},{"not_picked":["Anger","Berserk"],"picked":"Shockwave","floor":11},{"not_picked":["Iron Wave","Entrench"],"picked":"Flex","floor":13},{"not_picked":["Flame Barrier","Whirlwind"],"picked":"Shrug It Off","floor":14},{"not_picked":["Offering","Demon Form"],"picked":"Fiend Fire","floor":16},{"not_picked":["Twin Strike+1","Pommel Strike"],"picked":"Cleave+1","floor":18},{"not_picked":["Cleave","Headbutt"],"picked":"Pommel Strike","floor":21},{"not_picked":["Thunderclap","Armaments+1"],"picked":"Shrug It Off+1","floor":24},{"not_picked":["Cleave","Burning Pact"],"picked":"Rampage","floor":25},{"not_picked":["Fire Breathing","Pommel Strike"],"picked":"Double Tap","floor":27},{"not_picked":["Flex","Clash"],"picked":"Clothesline+1","floor":28},{"not_picked":["Double Tap","Shrug It Off"],"picked":"Cleave","floor":30},{"not_picked":["Pummel","Second Wind"],"picked":"Carnage","floor":31},{"not_picked":["Barricade","Berserk"],"picked":"Double Tap","floor":33},{"not_picked":["Pommel Strike+1","Perfected Strike+1"],"picked":"Intimidate+1","floor":35},{"not_picked":["Bloodletting","Fire Breathing"],"picked":"Shrug It Off","floor":37}],"player_experience":0,"relics_obtained":[{"floor":9,"key":"Potion Belt"},{"floor":11,"key":"Strawberry"},{"floor":21,"key":"Red Mask"},{"floor":22,"key":"Bottled Lightning"},{"floor":26,"key":"Gremlin Horn"},{"floor":27,"key":"Boot"}],"event_choices":[{"damage_healed":0,"gold_gain":0,"player_choice":"Damaged","damage_taken":8,"max_hp_gain":0,"max_hp_loss":0,"event_name":"Wheel of Change","floor":2,"gold_loss":0},{"damage_healed":0,"gold_gain":0,"player_choice":"Ignored","damage_taken":0,"max_hp_gain":0,"max_hp_loss":0,"event_name":"Liars Game","floor":7,"gold_loss":0},{"damage_healed":0,"gold_gain":0,"player_choice":"Ignored","damage_taken":0,"max_hp_gain":0,"max_hp_loss":0,"event_name":"The Mausoleum","floor":19,"gold_loss":0},{"damage_healed":0,"gold_gain":0,"player_choice":"Became a vampire","damage_taken":0,"max_hp_gain":0,"max_hp_loss":27,"event_name":"Vampires","floor":20,"gold_loss":0,"cards_obtained":["Bite","Bite","Bite","Bite","Bite"]},{"damage_healed":0,"gold_gain":0,"player_choice":"Fought Bandits","damage_taken":0,"max_hp_gain":0,"max_hp_loss":0,"event_name":"Masked Bandits","floor":21,"gold_loss":0},{"cards_removed":["Bite"],"damage_healed":0,"gold_gain":0,"player_choice":"Took Card","damage_taken":0,"max_hp_gain":0,"max_hp_loss":0,"event_name":"NoteForYourself","floor":36,"gold_loss":0,"cards_obtained":["Iron Wave"]},{"damage_healed":0,"gold_gain":0,"player_choice":"Got Potions","damage_taken":0,"max_hp_gain":0,"max_hp_loss":0,"event_name":"Lab","floor":39,"gold_loss":0}],"is_beta":false,"boss_relics":[{"not_picked":["Lizard Tail","Black Star"],"picked":"Snecko Eye"},{"not_picked":["Sozu","Black Blood"],"picked":"Runic Cube"}],"items_purged_floors":[],"is_endless":false,"potions_floor_spawned":[4,10,11,14,18,27,30,31,35],"killed_by":"Reptomancer","ascension_level":0}