{"gold_per_floor":[109,59,134,80,80,105,105,105,105,105,121,121,151,151,151,251,251,251],"floor_reached":18,"playtime":722,"items_purged":[],"score":347,"play_id":"1140dcb3-54b0-41cd-a64a-4960721e5925","local_time":"20190713225245","daily_mods":["SealedDeck","Vintage","Heirloom","Time Dilation","Flight","Elite Swarm","Binary"],"is_ascension_mode":true,"campfire_choices":[{"data":"Searing Blow","floor":7,"key":"SMITH"},{"data":"Searing Blow+1","floor":8,"key":"SMITH"},{"data":"Searing Blow+2","floor":10,"key":"SMITH"},{"data":"Searing Blow+3","floor":12,"key":"SMITH"},{"data":"Searing Blow+4","floor":15,"key":"SMITH"}],"neow_cost":"","seed_source_timestamp":102686222397676,"circlet_count":0,"master_deck":["Pommel Strike","Inflame","Dual Wield","Headbutt+1","Iron Wave","Searing Blow+5","Pommel Strike","True Grit","Shrug It Off+1"],"relics":["Snecko Eye","Unceasing Top","Busted Crown","Charon\u0027s Ashes","Potion Belt","Gremlin Horn","Omamori","Sundial","Darkstone Periapt","Black Star"],"potions_floor_usage":[],"damage_taken":[{"damage":7,"enemies":"Small Slimes","floor":1,"turns":2},{"damage":17,"enemies":"Lagavulin","floor":6,"turns":5},{"damage":0,"enemies":"Jaw Worm","floor":11,"turns":1},{"damage":0,"enemies":"Gremlin Nob","floor":13,"turns":2},{"damage":0,"enemies":"Slime Boss","floor":16,"turns":3},{"damage":0,"enemies":"Shell Parasite","floor":18,"turns":1}],"seed_played":"-3545737871794979630","potions_obtained":[{"floor":6,"key":"AttackPotion"},{"floor":11,"key":"SpeedPotion"}],"is_trial":true,"path_per_floor":["?","?","?","M","?"],"character_chosen":"IRONCLAD","items_purchased":["Shrug It Off"],"campfire_rested":0,"item_purchase_floors":[4],"current_hp_per_floor":[65,65,54,54,59,42,42,42,42,42,42,42,42,26,26,26,67,67],"gold":251,"neow_bonus":"","is_prod":false,"is_daily":false,"chose_seed":false,"campfire_upgraded":5,"win_rate":0,"timestamp":1563047565,"path_taken":["M","?","?","$","?","E","R","R","T","R","?","R","E","?","R","BOSS","M"],"build_version":"2019-01-23","purchased_purges":0,"victory":false,"max_hp_per_floor":[80,80,80,80,80,80,80,80,80,80,80,80,80,80,80,80,80,80],"card_choices":[],"player_experience":404002,"relics_obtained":[{"floor":1,"key":"Potion Belt"},{"floor":6,"key":"Gremlin Horn"},{"floor":9,"key":"Omamori"},{"floor":11,"key":"Sundial"},{"floor":13,"key":"Darkstone Periapt"}],"event_choices":[{"cards_removed":["Anger"],"damage_healed":0,"gold_gain":0,"player_choice":"Card Removal","damage_taken":0,"max_hp_gain":0,"max_hp_loss":0,"event_name":"The Cleric","floor":2,"gold_loss":50},{"damage_healed":0,"gold_gain":75,"player_choice":"Gather Gold","damage_taken":11,"max_hp_gain":0,"max_hp_loss":0,"event_name":"World of Goop","floor":3,"gold_loss":0},{"cards_removed":["Armaments"],"damage_healed":5,"gold_gain":0,"player_choice":"Offered Common","damage_taken":0,"max_hp_gain":0,"max_hp_loss":0,"event_name":"Bonfire Elementals","floor":5,"gold_loss":0},{"cards_removed":["Armaments"],"damage_healed":5,"gold_gain":0,"player_choice":"Offered Special","damage_taken":0,"max_hp_gain":0,"max_hp_loss":0,"event_name":"Bonfire Elementals","floor":5,"gold_loss":0},{"damage_healed":0,"gold_gain":0,"player_choice":"Entered Light","damage_taken":16,"max_hp_gain":0,"max_hp_loss":0,"event_name":"Shining Light","floor":14,"gold_loss":0,"cards_upgraded":["Headbutt","Shrug It Off"]}],"is_beta":false,"boss_relics":[{"not_picked":["Cursed Key","Empty Cage"],"picked":"Black Star"}],"items_purged_floors":[],"is_endless":false,"potions_floor_spawned":[6,11],"killed_by":"Shell Parasite","ascension_level":9}