{"gold_per_floor":[114,129,144,144,159,159,189,189,214,214,164,179,194,209,209,309,309,324,339,339,354,369,369],"floor_reached":23,"playtime":1134,"items_purged":[],"score":197,"play_id":"37c97f4b-3bfa-4352-8b61-b38aebce82f4","local_time":"20190513204030","daily_mods":["Chimera","Uncertain Future","Lethality"],"is_ascension_mode":false,"campfire_choices":[{"data":"Armaments","floor":6,"key":"SMITH"},{"data":"Armaments","floor":8,"key":"SMITH"},{"data":"Zap","floor":15,"key":"SMITH"}],"neow_cost":"","seed_source_timestamp":0,"circlet_count":0,"master_deck":["Bash","Survivor","Zap+1","Strike_R","Strike_G","Strike_B","Defend_R","Defend_G","Defend_B","Armaments+1","Inflame","Regret","Bloodletting","Armaments+1","Warcry","Pommel Strike","Thunderclap","Limit Break","Anger","Warcry+1","Pummel+1"],"special_seed":18030,"relics":["Burning Blood","Blue Candle","Unceasing Top","Strawberry","Bottled Lightning","Fusion Hammer"],"potions_floor_usage":[3,12,13,14,16,18,22,22],"damage_taken":[{"damage":9,"enemies":"Cultist","floor":1,"turns":3},{"damage":3,"enemies":"2 Louse","floor":2,"turns":2},{"damage":0,"enemies":"Jaw Worm","floor":3,"turns":4},{"damage":1,"enemies":"Large Slime","floor":5,"turns":5},{"damage":28,"enemies":"Lagavulin","floor":7,"turns":5},{"damage":3,"enemies":"Looter","floor":12,"turns":1},{"damage":1,"enemies":"Exordium Wildlife","floor":13,"turns":6},{"damage":16,"enemies":"2 Fungi Beasts","floor":14,"turns":4},{"damage":26,"enemies":"The Guardian","floor":16,"turns":8},{"damage":4,"enemies":"Chosen","floor":18,"turns":4},{"damage":27,"enemies":"Spheric Guardian","floor":19,"turns":4},{"damage":40,"enemies":"Snecko","floor":21,"turns":5},{"damage":17,"enemies":"Snake Plant","floor":22,"turns":3},{"damage":24,"enemies":"Gremlin Leader","floor":23,"turns":2}],"seed_played":"7474928015794905263","potions_obtained":[{"floor":1,"key":"Poison Potion"},{"floor":7,"key":"Regen Potion"},{"floor":12,"key":"Energy Potion"},{"floor":13,"key":"FearPotion"},{"floor":16,"key":"GamblersBrew"},{"floor":18,"key":"EssenceOfSteel"},{"floor":21,"key":"Energy Potion"}],"is_trial":false,"path_per_floor":["M","M","M","?","M","R","E","R","T","T","$","M","M","M","R","B",null,"M","M","$","M","M","E"],"character_chosen":"IRONCLAD","items_purchased":["AttackPotion"],"campfire_rested":0,"item_purchase_floors":[11],"current_hp_per_floor":[77,80,80,80,80,80,58,58,65,65,65,68,73,72,72,52,87,87,66,66,32,21,0],"gold":369,"neow_bonus":"","is_prod":false,"is_daily":true,"chose_seed":false,"campfire_upgraded":3,"win_rate":0,"timestamp":1557794430,"path_taken":["M","?","M","?","M","R","E","R","T","?","$","M","M","M","R","BOSS","M","M","$","M","M","E"],"build_version":"2019-01-23","purchased_purges":0,"victory":false,"max_hp_per_floor":[80,80,80,80,80,80,80,80,87,87,87,87,87,87,87,87,87,87,87,87,87,87,87],"card_choices":[{"not_picked":["Second Wind","Clash","Sword Boomerang"],"picked":"SKIP","floor":1},{"not_picked":["Anger","Disarm"],"picked":"Armaments","floor":2},{"not_picked":["Thunderclap","Clothesline"],"picked":"Inflame","floor":3},{"not_picked":["Body Slam","Feel No Pain"],"picked":"Bloodletting","floor":5},{"not_picked":["Sword Boomerang","Wild Strike"],"picked":"Armaments","floor":7},{"not_picked":["Perfected Strike","Ghostly Armor"],"picked":"Warcry","floor":12},{"not_picked":["Clothesline","Disarm"],"picked":"Pommel Strike","floor":13},{"not_picked":["Wild Strike","Sentinel"],"picked":"Thunderclap","floor":14},{"not_picked":["Impervious","Dark Embrace"],"picked":"Limit Break","floor":16},{"not_picked":["Armaments","Havoc"],"picked":"Anger","floor":18},{"not_picked":["Feel No Pain","Pommel Strike+1"],"picked":"Warcry+1","floor":19},{"not_picked":["Whirlwind","Twin Strike"],"picked":"Pummel+1","floor":21},{"not_picked":["Clash+1","Pummel","Twin Strike"],"picked":"SKIP","floor":22}],"player_experience":148776,"relics_obtained":[{"floor":7,"key":"Unceasing Top"},{"floor":9,"key":"Strawberry"},{"floor":10,"key":"Bottled Lightning"}],"event_choices":[{"damage_healed":0,"gold_gain":0,"player_choice":"Box","damage_taken":0,"relics_obtained":["Blue Candle"],"max_hp_gain":0,"max_hp_loss":0,"event_name":"Big Fish","floor":4,"gold_loss":0,"cards_obtained":["Regret"]}],"is_beta":false,"boss_relics":[{"not_picked":["Busted Crown","Ectoplasm"],"picked":"Fusion Hammer"}],"items_purged_floors":[],"is_endless":false,"potions_floor_spawned":[1,7,12,13,16,18,21],"killed_by":"Gremlin Leader","ascension_level":0}