{"gold_per_floor":[117,128,144,158,44,44,76,76,76,91,91,110,138,3,3,103,103,117,131,6,23,34,64,82,82,153,153],"floor_reached":27,"playtime":3901,"items_purged":["Strike_R","Strike_R","Strike_R"],"score":272,"play_id":"4f970f54-b3eb-4240-b93c-212f288c55d9","local_time":"20190708024711","is_ascension_mode":false,"campfire_choices":[{"data":"Rage","floor":6,"key":"SMITH"},{"data":"1","floor":8,"key":"LIFT"},{"data":"Berserk","floor":11,"key":"SMITH"},{"data":"2","floor":15,"key":"LIFT"}],"neow_cost":"PERCENT_DAMAGE","seed_source_timestamp":5732875432200,"circlet_count":0,"master_deck":["Strike_R","Strike_R","Defend_R","Defend_R","Defend_R","Defend_R","Bash","Pommel Strike","Rage+1","Battle Trance","Body Slam","Combust","Berserk+1","Shrug It Off","Rampage","Anger","Flame Barrier","Juggernaut","Iron Wave","Anger+1","Cleave","Whirlwind","Metallicize+1","Ghostly Armor+1","Necronomicurse"],"relics":["Burning Blood","Girya","Mummified Hand","Philosopher\u0027s Stone","Matryoshka","Necronomicon","Frozen Egg 2","Meat on the Bone"],"potions_floor_usage":[4,12,13,16,23,27],"damage_taken":[{"damage":9,"enemies":"2 Louse","floor":1,"turns":3},{"damage":0,"enemies":"Small Slimes","floor":2,"turns":3},{"damage":0,"enemies":"Cultist","floor":3,"turns":3},{"damage":13,"enemies":"Lots of Slimes","floor":4,"turns":4},{"damage":22,"enemies":"3 Sentries","floor":7,"turns":7},{"damage":10,"enemies":"2 Fungi Beasts","floor":10,"turns":3},{"damage":2,"enemies":"Exordium Thugs","floor":12,"turns":3},{"damage":17,"enemies":"Gremlin Nob","floor":13,"turns":4},{"damage":21,"enemies":"Slime Boss","floor":16,"turns":9},{"damage":2,"enemies":"Spheric Guardian","floor":18,"turns":3},{"damage":0,"enemies":"Shell Parasite","floor":19,"turns":3},{"damage":20,"enemies":"Snake Plant","floor":21,"turns":3},{"damage":15,"enemies":"Centurion and Healer","floor":22,"turns":3},{"damage":34,"enemies":"Slavers","floor":23,"turns":3},{"damage":2,"enemies":"3 Cultists","floor":24,"turns":3},{"damage":36,"enemies":"Snake Plant","floor":27,"turns":3}],"seed_played":"6754198281938260010","potions_obtained":[{"floor":2,"key":"Poison Potion"},{"floor":10,"key":"Fire Potion"},{"floor":12,"key":"Swift Potion"},{"floor":13,"key":"Explosive Potion"},{"floor":19,"key":"SneckoOil"},{"floor":22,"key":"Swift Potion"}],"is_trial":false,"path_per_floor":["M","M","M","M","$","R","E","R","T","M","R","M","E","$","R","B",null,"M","M","$","M","M","E","M","?","T","M"],"character_chosen":"IRONCLAD","items_purchased":["Combust","Flame Barrier"],"campfire_rested":0,"item_purchase_floors":[5,14],"current_hp_per_floor":[69,75,81,74,74,74,58,58,58,54,54,58,47,47,47,32,96,96,96,96,82,73,45,49,33,33,0],"gold":153,"neow_bonus":"TWENTY_PERCENT_HP_BONUS","is_prod":false,"is_daily":false,"chose_seed":false,"campfire_upgraded":2,"win_rate":0,"timestamp":1562546831,"path_taken":["M","M","M","M","$","R","E","R","T","M","R","M","E","$","R","BOSS","M","M","$","M","M","E","M","?","T","M"],"build_version":"2019-07-05","purchased_purges":3,"victory":false,"max_hp_per_floor":[96,96,96,96,96,96,96,96,96,96,96,96,96,96,96,96,96,96,96,96,96,96,96,96,96,96,96],"card_choices":[{"not_picked":["Warcry","Feel No Pain"],"picked":"Pommel Strike","floor":1},{"not_picked":["Anger","Thunderclap"],"picked":"Rage","floor":2},{"not_picked":["Searing Blow","Thunderclap"],"picked":"Battle Trance","floor":3},{"not_picked":["Clothesline","Wild Strike"],"picked":"Body Slam","floor":4},{"not_picked":["Armaments","Whirlwind"],"picked":"Berserk","floor":7},{"not_picked":["Warcry","Fire Breathing"],"picked":"Shrug It Off","floor":10},{"not_picked":["Shrug It Off","True Grit"],"picked":"Rampage","floor":12},{"not_picked":["Warcry","Twin Strike"],"picked":"Anger","floor":13},{"not_picked":["Fiend Fire","Limit Break"],"picked":"Juggernaut","floor":16},{"not_picked":["Battle Trance","Warcry+1"],"picked":"Iron Wave","floor":18},{"not_picked":["Sever Soul","Wild Strike+1"],"picked":"Anger+1","floor":19},{"not_picked":["Twin Strike","Armaments"],"picked":"Cleave","floor":21},{"not_picked":["Sword Boomerang","Pommel Strike"],"picked":"Whirlwind","floor":22},{"not_picked":["Barricade","Feel No Pain+1"],"picked":"Metallicize+1","floor":23},{"not_picked":["Thunderclap","Flex"],"picked":"Ghostly Armor+1","floor":24}],"player_experience":58895,"relics_obtained":[{"floor":7,"key":"Girya"},{"floor":13,"key":"Mummified Hand"},{"floor":23,"key":"Matryoshka"},{"floor":25,"key":"Necronomicon"},{"floor":26,"key":"Frozen Egg 2"},{"floor":26,"key":"Meat on the Bone"}],"event_choices":[{"damage_healed":0,"gold_gain":0,"player_choice":"Obtained Book","damage_taken":16,"max_hp_gain":0,"max_hp_loss":0,"event_name":"Cursed Tome","floor":25,"gold_loss":0}],"is_beta":false,"boss_relics":[{"not_picked":["Black Star","Calling Bell"],"picked":"Philosopher\u0027s Stone"}],"items_purged_floors":[5,14,20],"is_endless":false,"potions_floor_spawned":[2,10,12,13,19,22],"killed_by":"Snake Plant","ascension_level":0}