{"gold_per_floor":[119,119,137,154,454,454,479,495,495,78,108,120,120,84,84,182,182,195,295,308,583,15,15,33,33,58,85,98,98,38,38,38,134,134,151,163,176,0,0,56,56,74,121,121,151,151,16,34,34,34,34,34,13,47,47],"floor_reached":56,"playtime":6897,"items_purged":["Regret"],"score":1305,"play_id":"a93c259f-0f7d-4a43-a461-83103f4c123e","local_time":"20190531160436","is_ascension_mode":true,"campfire_choices":[{"data":"Zap","floor":6.0,"key":"SMITH"},{"floor":15.0,"key":"REST"},{"floor":23.0,"key":"REST"},{"data":"Hello World","floor":25.0,"key":"SMITH"},{"floor":32.0,"key":"REST"},{"floor":41.0,"key":"RECALL"},{"data":"Apotheosis","floor":44.0,"key":"SMITH"},{"data":"Dualcast","floor":46.0,"key":"SMITH"},{"data":"Force Field","floor":49.0,"key":"SMITH"},{"data":"Turbo","floor":52.0,"key":"SMITH"}],"neow_cost":"NONE","seed_source_timestamp":0,"circlet_count":0,"master_deck":["Strike_B+1","Defend_B","Defend_B","Defend_B","Zap+1","Dualcast+1","Leap","Gash+1","Gash","FTL","Hello World+1","Conserve Battery","Go for the Eyes+1","Gash","Redo","Gash","Hologram","Ball Lightning","Reboot","Glacier","White Noise+1","Self Repair+1","Capacitor+1","Defragment+1","Cold Snap+1","Self Repair+1","Conserve Battery","Creative AI+1","Rainbow","Chaos+1","Core Surge+1","BootSequence+1","Turbo+1","Consume+1","Melter","Apotheosis+1","Gash","Rainbow","Beam Cell+1","Loop+1","Steam+1","Force Field+1","Turbo","Turbo+1","Cold Snap","Chaos"],"special_seed":0,"relics":["Cracked Core","Old Coin","Bottled Lightning","Question Card","Whetstone","Ancient Tea Set","Mercury Hourglass","The Courier","Nuclear Battery","Emotion Chip","Pantograph","Frozen Egg 2","Unceasing Top","Regal Pillow","Astrolabe","Tiny Chest","Juzu Bracelet","Symbiotic Virus","Vajra"],"potions_floor_usage":[55,55,55],"damage_taken":[{"damage":5.0,"enemies":"Cultist","floor":1.0,"turns":4.0},{"damage":0.0,"enemies":"2 Louse","floor":3.0,"turns":2.0},{"damage":0.0,"enemies":"Small Slimes","floor":4.0,"turns":3.0},{"damage":24.0,"enemies":"Gremlin Nob","floor":7.0,"turns":4.0},{"damage":12.0,"enemies":"Exordium Thugs","floor":8.0,"turns":4.0},{"damage":17.0,"enemies":"3 Sentries","floor":11.0,"turns":5.0},{"damage":1.0,"enemies":"2 Fungi Beasts","floor":12.0,"turns":2.0},{"damage":8.0,"enemies":"Hexaghost","floor":16.0,"turns":7.0},{"damage":0.0,"enemies":"Chosen","floor":18.0,"turns":3.0},{"damage":14.0,"enemies":"Colosseum Slavers","floor":19.0,"turns":4.0},{"damage":17.0,"enemies":"Colosseum Nobs","floor":19.0,"turns":5.0},{"damage":5.0,"enemies":"3 Byrds","floor":20.0,"turns":3.0},{"damage":4.0,"enemies":"Centurion and Healer","floor":24.0,"turns":4.0},{"damage":41.0,"enemies":"Slavers","floor":27.0,"turns":5.0},{"damage":17.0,"enemies":"Shelled Parasite and Fungi","floor":28.0,"turns":3.0},{"damage":17.0,"enemies":"Champ","floor":33.0,"turns":7.0},{"damage":1.0,"enemies":"3 Darklings","floor":35.0,"turns":3.0},{"damage":8.0,"enemies":"3 Shapes","floor":36.0,"turns":3.0},{"damage":10.0,"enemies":"Writhing Mass","floor":37.0,"turns":5.0},{"damage":9.0,"enemies":"Giant Head","floor":40.0,"turns":7.0},{"damage":0.0,"enemies":"Maw","floor":42.0,"turns":7.0},{"damage":23.0,"enemies":"Nemesis","floor":45.0,"turns":3.0},{"damage":0.0,"enemies":"Sphere and 2 Shapes","floor":48.0,"turns":3.0},{"damage":30.0,"enemies":"Awakened One","floor":50.0,"turns":8.0},{"damage":18.0,"enemies":"Shield and Spear","floor":54.0,"turns":5.0},{"damage":68,"enemies":"The Heart","floor":55,"turns":14}],"seed_played":"-2948561822730755463","potions_obtained":[{"floor":8.0,"key":"EntropicBrew"},{"floor":16.0,"key":"Dexterity Potion"},{"floor":19.0,"key":"SteroidPotion"},{"floor":27.0,"key":"Dexterity Potion"},{"floor":35.0,"key":"AttackPotion"},{"floor":37.0,"key":"SkillPotion"},{"floor":48.0,"key":"Energy Potion"}],"is_trial":false,"path_per_floor":["?","?","M","?","$","?","?","M","?","?","M","?","$"],"character_chosen":"DEFECT","items_purchased":["Go for the Eyes","Gash","Whetstone","Ancient Tea Set","Redo","Ball Lightning","Frozen Egg 2","Capacitor+1","Defragment+1","Unceasing Top","Apotheosis","Gash","Force Field","Turbo","Dexterity Potion","Cold Snap"],"campfire_rested":3,"item_purchase_floors":[10,10,10,10,10,14,22,22,22,22,38,38,47,47,47,53],"current_hp_per_floor":[70,70,70,70,70,70,46,34,34,34,17,16,13,13,35,27,75,75,44,39,39,39,61,67,67,67,36,39,39,39,39,75,75,75,75,75,75,75,75,75,75,75,75,75,52,52,52,62,62,65,75,75,75,67,17],"gold":47,"neow_bonus":"THREE_CARDS","is_prod":false,"is_daily":false,"chose_seed":false,"campfire_upgraded":6,"win_rate":0,"timestamp":1559307876,"path_taken":["M","?","M","M","?","R","E","?","T","$","E","M","?","?","R","BOSS","M","?","M","?","$","R","M","R","T","E","?","?","$","?","R","BOSS","M","M","?","$","?","E","R","M","T","R","E","R","?","M","R","BOSS","R","$","E","BOSS"],"build_version":"2019-01-23","purchased_purges":1,"victory":true,"max_hp_per_floor":[75,75,75,75,75,75,75,75,75,75,75,75,75,75,75,75,75,75,75,75,75,75,75,75,75,75,75,75,75,75,75,75,75,75,75,75,75,75,75,75,75,75,75,75,75,75,75,75,75,75,75,75,75,75,75],"card_choices":[{"not_picked":["Barrage","Tempest"],"picked":"Leap","floor":0.0},{"not_picked":["Turbo","Recycle"],"picked":"Gash","floor":1.0},{"not_picked":["Capacitor","BootSequence"],"picked":"Gash","floor":3.0},{"not_picked":["Blizzard","Turbo"],"picked":"FTL","floor":4.0},{"not_picked":["Undo","Hologram"],"picked":"Hello World","floor":7.0},{"not_picked":["Go for the Eyes","Steam"],"picked":"Conserve Battery","floor":8.0},{"not_picked":["FTL","Redo","Barrage"],"picked":"Gash","floor":11.0},{"not_picked":["Redo","Echo Form","Tempest"],"picked":"Hologram","floor":12.0},{"not_picked":["Fission","Electrodynamics","Amplify"],"picked":"Reboot","floor":16.0},{"not_picked":["Double Energy+1","Redo","Coolheaded"],"picked":"Glacier","floor":18.0},{"not_picked":["Tempest","Reinforced Body","Cold Snap"],"picked":"White Noise+1","floor":19.0},{"not_picked":["Fusion","Streamline","Sweeping Beam"],"picked":"Self Repair+1","floor":20.0},{"not_picked":["Steam Power","Steam","Leap+1"],"picked":"Cold Snap+1","floor":24.0},{"not_picked":["Streamline","Genetic Algorithm","All For One"],"picked":"Self Repair+1","floor":27.0},{"not_picked":["Steam","Streamline","Stack"],"picked":"Conserve Battery","floor":28.0},{"not_picked":["Thunder Strike","Core Surge","Amplify"],"picked":"Rainbow","floor":33.0},{"not_picked":["Sweeping Beam+1","Skim+1","Redo"],"picked":"Turbo","floor":35.0},{"not_picked":["Beam Cell","Reprogram","Sunder+1"],"picked":"Consume+1","floor":36.0},{"not_picked":["Darkness","Leap","Rebound+1"],"picked":"Melter","floor":37.0},{"not_picked":["Leap+1","Machine Learning+1","Recycle"],"picked":"Beam Cell+1","floor":40.0},{"not_picked":["Sweeping Beam","Redo","Stack"],"picked":"Loop+1","floor":42.0},{"not_picked":["Compile Driver+1","Skim","Beam Cell"],"picked":"Steam+1","floor":45.0},{"not_picked":["Rebound","FTL","Conserve Battery"],"picked":"Turbo+1","floor":48.0},{"not_picked":["Hyperbeam","Lockon","Hologram"],"picked":"Chaos","floor":54.0}],"player_experience":116754,"relics_obtained":[{"floor":7.0,"key":"Bottled Lightning"},{"floor":9.0,"key":"Question Card"},{"floor":11.0,"key":"Mercury Hourglass"},{"floor":19.0,"key":"Emotion Chip"},{"floor":19.0,"key":"Pantograph"},{"floor":27.0,"key":"Regal Pillow"},{"floor":40.0,"key":"Tiny Chest"},{"floor":43.0,"key":"Juzu Bracelet"},{"floor":45.0,"key":"Symbiotic Virus"},{"floor":54.0,"key":"Vajra"}],"event_choices":[{"damage_healed":0.0,"max_hp_gain":0.0,"max_hp_loss":0.0,"gold_gain":0.0,"cards_transformed":["Strike_B"],"event_name":"Living Wall","player_choice":"Change","floor":2.0,"gold_loss":0.0,"damage_taken":0.0,"cards_obtained":["Multi-Cast"]},{"cards_removed":["Multi-Cast"],"damage_healed":0.0,"max_hp_gain":0.0,"max_hp_loss":0.0,"gold_gain":0.0,"event_name":"WeMeetAgain","player_choice":"Gave Card","floor":5.0,"gold_loss":0.0,"damage_taken":0.0,"relics_obtained":["Old Coin"]},{"damage_healed":0.0,"max_hp_gain":0.0,"max_hp_loss":0.0,"gold_gain":0.0,"event_name":"Scrap Ooze","player_choice":"Success","floor":13.0,"gold_loss":0.0,"damage_taken":3.0,"relics_obtained":["The Courier"]},{"damage_healed":0.0,"max_hp_gain":0.0,"max_hp_loss":0.0,"gold_gain":0.0,"event_name":"Colosseum","player_choice":"Fight","floor":19.0,"gold_loss":0.0,"damage_taken":0.0},{"damage_healed":0.0,"max_hp_gain":0.0,"max_hp_loss":0.0,"gold_gain":0.0,"event_name":"Colosseum","player_choice":"Fought Nobs","floor":19.0,"gold_loss":0.0,"damage_taken":0.0},{"damage_healed":0.0,"max_hp_gain":0.0,"max_hp_loss":0.0,"gold_gain":275.0,"event_name":"Golden Shrine","player_choice":"Desecrate","floor":21.0,"gold_loss":0.0,"damage_taken":0.0,"cards_obtained":["Regret"]},{"damage_healed":0.0,"max_hp_gain":0.0,"max_hp_loss":0.0,"gold_gain":0.0,"event_name":"The Library","player_choice":"Read","floor":29.0,"gold_loss":0.0,"damage_taken":0.0,"cards_obtained":["Creative AI"]},{"damage_healed":0.0,"max_hp_gain":0.0,"max_hp_loss":0.0,"gold_gain":0.0,"event_name":"Upgrade Shrine","player_choice":"Upgraded","floor":31.0,"gold_loss":0.0,"damage_taken":0.0,"cards_upgraded":["Go for the Eyes"]},{"damage_healed":0.0,"max_hp_gain":0.0,"max_hp_loss":0.0,"gold_gain":0.0,"event_name":"Match and Keep!","player_choice":"1 cards matched","floor":39.0,"gold_loss":0.0,"damage_taken":0.0,"cards_obtained":["Rainbow"]}],"is_beta":false,"boss_relics":[{"not_picked":["Empty Cage","Orrery"],"picked":"Nuclear Battery"},{"not_picked":["Runic Dome","Pandora\u0027s Box"],"picked":"Astrolabe"}],"items_purged_floors":[30],"is_endless":false,"potions_floor_spawned":[8,12,16,19,27,35,37,48],"ascension_level":1}