{"gold_per_floor":[111,127,127,146,165,165,192,192,237,237,266,56,56],"floor_reached":13,"playtime":541,"items_purged":["Strike_B"],"score":149,"play_id":"700552b4-81fb-4eb9-b97e-78b122e515eb","local_time":"20190708223709","is_ascension_mode":true,"campfire_choices":[{"data":"Zap","floor":6.0,"key":"SMITH"},{"floor":10.0,"key":"REST"}],"neow_cost":"NONE","seed_source_timestamp":860903602162516,"circlet_count":0,"master_deck":["AscendersBane","Strike_B","Strike_B+1","Defend_B","Defend_B","Defend_B","Defend_B","Zap+1","Dualcast","Sweeping Beam","Cold Snap","Creative AI","FTL+1","Darkness","Fission","Defragment","Good Instincts"],"special_seed":0,"relics":["Cracked Core","Gremlin Horn","Whetstone"],"potions_floor_usage":[13],"damage_taken":[{"damage":4.0,"enemies":"Small Slimes","floor":1.0,"turns":4.0},{"damage":1.0,"enemies":"Cultist","floor":2.0,"turns":3.0},{"damage":2.0,"enemies":"Jaw Worm","floor":4.0,"turns":4.0},{"damage":0.0,"enemies":"Gremlin Gang","floor":5.0,"turns":3.0},{"damage":49.0,"enemies":"Gremlin Nob","floor":7.0,"turns":5.0},{"damage":21.0,"enemies":"3 Sentries","floor":11.0,"turns":6.0},{"damage":23,"enemies":"Gremlin Nob","floor":13,"turns":3}],"seed_played":"3130459526281428912","potions_obtained":[{"floor":2.0,"key":"Poison Potion"},{"floor":4.0,"key":"Explosive Potion"},{"floor":11.0,"key":"Explosive Potion"}],"is_trial":false,"path_per_floor":["?","M","?","$"],"character_chosen":"DEFECT","items_purchased":["Defragment","Good Instincts"],"campfire_rested":1,"item_purchase_floors":[12,12],"current_hp_per_floor":[71,70,70,68,68,68,19,19,19,43,22,22,0],"gold":56,"neow_bonus":"TEN_PERCENT_HP_BONUS","is_prod":false,"is_daily":false,"chose_seed":false,"campfire_upgraded":1,"win_rate":0,"timestamp":1562614629,"path_taken":["M","M","?","?","M","R","E","?","T","R","E","?","E"],"build_version":"2019-01-23","purchased_purges":1,"victory":false,"max_hp_per_floor":[82,82,82,82,82,82,82,82,82,82,82,82,82],"card_choices":[{"not_picked":["Beam Cell","Rebound"],"picked":"Sweeping Beam","floor":1.0},{"not_picked":["Leap","Barrage","Go for the Eyes"],"picked":"SKIP","floor":2.0},{"not_picked":["Compile Driver","Beam Cell","Barrage"],"picked":"SKIP","floor":4.0},{"not_picked":["Recycle","Turbo"],"picked":"FTL","floor":5.0},{"not_picked":["Turbo","Reprogram"],"picked":"Darkness","floor":7.0},{"not_picked":["Fusion","Steam"],"picked":"Fission","floor":11.0}],"player_experience":334661,"relics_obtained":[{"floor":7.0,"key":"Gremlin Horn"},{"floor":11.0,"key":"Whetstone"}],"event_choices":[{"damage_healed":0.0,"max_hp_gain":0.0,"max_hp_loss":0.0,"gold_gain":0.0,"event_name":"Match and Keep!","player_choice":"2 cards matched","floor":3.0,"gold_loss":0.0,"damage_taken":0.0,"cards_obtained":["Cold Snap","Creative AI"]},{"damage_healed":0.0,"max_hp_gain":0.0,"max_hp_loss":0.0,"gold_gain":0.0,"event_name":"Match and Keep!","player_choice":"2 cards matched","floor":3.0,"gold_loss":0.0,"damage_taken":0.0,"cards_obtained":["Cold Snap","Creative AI"]},{"cards_removed":["Strike_B"],"damage_healed":0.0,"max_hp_gain":0.0,"max_hp_loss":0.0,"gold_gain":0.0,"event_name":"Purifier","player_choice":"Purged","floor":8.0,"gold_loss":0.0,"damage_taken":0.0}],"is_beta":false,"boss_relics":[],"items_purged_floors":[12],"is_endless":false,"potions_floor_spawned":[2,4,11],"killed_by":"Gremlin Nob","ascension_level":12}