{"gold_per_floor":[118,118,118,135,150,182,182,215,215,242,70,37,37,54,54,152,202,218,231,249,249,27,62,62,62,62,379,409,427,460,474,474,570,570,581,581,592,592,641,669,669,51,76,109,109,126,46,76,76,173,173,187,222,240,48,67,95,112,112,112,128,157,157,190,215,215,318,318,335,367,387,417,430,456,456,490,523,523,551,571,582,165,165,270,270,287,302,332,343,360,360,360,360,393,470,500,39,64,82,82,180,180,190,190,63,146,163,188,188,216,246,246,271,289,16,32,32,135,135,155,223,243,261,311,311,81,111,145,145,195,229,248,279,279,279],"floor_reached":135,"playtime":8329,"items_purged":["Shrug It Off","Bite","Bite"],"score":3861,"play_id":"0e48e184-498c-4591-a367-f911f5f547b8","local_time":"20190508165526","daily_mods":["Draft","Vintage","Diverse","Time Dilation","DeadlyEvents","Binary","Elite Swarm","Lethality","Terminal","Uncertain Future"],"is_ascension_mode":false,"campfire_choices":[{"data":"Distraction","floor":7.0,"key":"SMITH"},{"floor":13.0,"key":"REST"},{"floor":15.0,"key":"REST"},{"data":"Die Die Die","floor":25.0,"key":"SMITH"},{"data":"Feed","floor":32.0,"key":"SMITH"},{"data":"Echo Form","floor":41.0,"key":"SMITH"},{"data":"Sweeping Beam","floor":45.0,"key":"SMITH"},{"data":"Predator","floor":49.0,"key":"SMITH"},{"data":"Die Die Die","floor":59.0,"key":"SMITH"},{"data":"Cleave","floor":63.0,"key":"SMITH"},{"data":"Conserve Battery","floor":66.0,"key":"SMITH"},{"data":"Chaos","floor":75.0,"key":"SMITH"},{"data":"Ball Lightning","floor":78.0,"key":"SMITH"},{"data":"Dagger Throw","floor":83.0,"key":"SMITH"},{"data":"Demon Form","floor":91.0,"key":"SMITH"},{"data":"Wraith Form v2","floor":93.0,"key":"SMITH"},{"data":"Skim","floor":100.0,"key":"SMITH"},{"floor":109,"key":"REST"},{"floor":112,"key":"REST"},{"floor":117,"key":"REST"},{"floor":125,"key":"REST"},{"floor":129,"key":"REST"},{"floor":134,"key":"REST"}],"neow_cost":"","seed_source_timestamp":0,"circlet_count":0,"master_deck":["Demon Form+1","Wraith Form v2+1","Echo Form+1","Ball Lightning+1","Crippling Poison+1","Conserve Battery+1","Skim+1","Shockwave+1","Dagger Throw+1","Sweeping Beam+1","Cloak And Dagger+1","Distraction+1","Burning Pact+1","Crippling Poison+1","Predator+1","Cleave+1","Chaos+1","Creative AI+1","Night Terror+1","Die Die Die+1","Escape Plan+1","Venomology+1","Burning Pact+1","Bite+1","Bite+1","Well Laid Plans+1","Feed+1","Machine Learning+1","After Image+1","Juggernaut+1","Madness+1","Madness+1","Secret Technique+1","Double Tap+1","Distraction+1","Electrodynamics+1","Rainbow+1","A Thousand Cuts+1","Die Die Die+1","Sadistic Nature+1","Capacitor+1","Double Tap+1","Creative AI+1","Demon Form+1","Die Die Die+1","Exhume+1","Redo+1","Night Terror+1","Unload+1","All For One+1","Amplify+1","Reaper+1","Rupture+1","Finisher+1","Juggernaut+1","Electrodynamics+1","Double Tap+1","Corpse Explosion+1","Feed+1","Combust+1","Buffer+1","Thunder Strike+1","Phantasmal Killer+1","Defragment+1","Limit Break+1","Thunder Strike+1","Phantasmal Killer+1","Exhume+1","Discovery+1","Regret","Parasite","Shame","Phantasmal Killer+1","RitualDagger+1","Clumsy","Regret","Amplify+1"],"special_seed":0,"relics":["Cracked Core","Art of War","Sundial","Frozen Egg 2","Shuriken","Toxic Egg 2","Bottled Lightning","Ancient Tea Set","Happy Flower","Potion Belt","Tiny House","Omamori","Ornamental Fan","Orichalcum","DataDisk","Bird Faced Urn","MutagenicStrength","Pantograph","Old Coin","War Paint","Pen Nib","Question Card","Kunai","Inserter","Blue Candle","Lantern","Tiny Chest","Oddly Smooth Stone","Mummified Hand","Nunchaku","Anchor","The Courier","Letter Opener","Bottled Flame","Nuclear Battery","Centennial Puzzle","Torii","Meat on the Bone","Symbiotic Virus","Dead Branch","Molten Egg 2","Vajra","Red Mask","Mango","Dodecahedron","Turnip","Dream Catcher","HandDrill","Regal Pillow","Smiling Mask","Singing Bowl","Bag of Marbles","SsserpentHead","Cauldron","Bronze Scales","Pear","Cables","Whetstone","PreservedInsect","Bag of Preparation","Gremlin Horn","Boot","Pocketwatch","Gambling Chip","Blood Vial","Unceasing Top","FossilizedHelix","Prayer Wheel"],"potions_floor_usage":[107,114,118,120,122,123,123,131,133,133,133],"damage_taken":[{"damage":0.0,"enemies":"Small Slimes","floor":1.0,"turns":2.0},{"damage":0.0,"enemies":"2 Louse","floor":4.0,"turns":3.0},{"damage":0.0,"enemies":"Jaw Worm","floor":5.0,"turns":2.0},{"damage":0.0,"enemies":"Lagavulin","floor":6.0,"turns":4.0},{"damage":18.0,"enemies":"3 Sentries","floor":8.0,"turns":6.0},{"damage":4.0,"enemies":"Lagavulin","floor":10.0,"turns":4.0},{"damage":3.0,"enemies":"Exordium Thugs","floor":14.0,"turns":3.0},{"damage":0.0,"enemies":"Slime Boss","floor":16.0,"turns":4.0},{"damage":21.0,"enemies":"Spheric Guardian","floor":18.0,"turns":4.0},{"damage":0.0,"enemies":"2 Thieves","floor":19.0,"turns":2.0},{"damage":18.0,"enemies":"Snake Plant","floor":20.0,"turns":4.0},{"damage":17.0,"enemies":"Gremlin Leader","floor":23.0,"turns":4.0},{"damage":0.0,"enemies":"Centurion and Healer","floor":27.0,"turns":3.0},{"damage":1.0,"enemies":"Slavers","floor":28.0,"turns":2.0},{"damage":16.0,"enemies":"3 Cultists","floor":29.0,"turns":4.0},{"damage":17.0,"enemies":"Book of Stabbing","floor":30.0,"turns":5.0},{"damage":20.0,"enemies":"Sentry and Sphere","floor":31.0,"turns":4.0},{"damage":30.0,"enemies":"Champ","floor":33.0,"turns":7.0},{"damage":11.0,"enemies":"Orb Walker","floor":35.0,"turns":3.0},{"damage":8.0,"enemies":"3 Darklings","floor":37.0,"turns":4.0},{"damage":11.0,"enemies":"Transient","floor":39.0,"turns":5.0},{"damage":34.0,"enemies":"Nemesis","floor":40.0,"turns":5.0},{"damage":6.0,"enemies":"Reptomancer","floor":44.0,"turns":2.0},{"damage":0.0,"enemies":"Writhing Mass","floor":46.0,"turns":4.0},{"damage":38.0,"enemies":"Nemesis","floor":48.0,"turns":5.0},{"damage":0.0,"enemies":"Awakened One","floor":50.0,"turns":6.0},{"damage":0.0,"enemies":"Jaw Worm","floor":52.0,"turns":2.0},{"damage":0.0,"enemies":"3 Sentries","floor":53.0,"turns":2.0},{"damage":0.0,"enemies":"2 Louse","floor":54.0,"turns":1.0},{"damage":0.0,"enemies":"Small Slimes","floor":56.0,"turns":1.0},{"damage":0.0,"enemies":"Gremlin Nob","floor":57.0,"turns":3.0},{"damage":0.0,"enemies":"Gremlin Gang","floor":58.0,"turns":1.0},{"damage":0.0,"enemies":"Large Slime","floor":61.0,"turns":2.0},{"damage":0.0,"enemies":"Lagavulin","floor":62.0,"turns":1.0},{"damage":0.0,"enemies":"3 Sentries","floor":64.0,"turns":2.0},{"damage":1.0,"enemies":"Gremlin Nob","floor":65.0,"turns":2.0},{"damage":0.0,"enemies":"Slime Boss","floor":67.0,"turns":2.0},{"damage":20.0,"enemies":"2 Thieves","floor":69.0,"turns":2.0},{"damage":0.0,"enemies":"Masked Bandits","floor":70.0,"turns":1.0},{"damage":0.0,"enemies":"3 Byrds","floor":71.0,"turns":1.0},{"damage":0.0,"enemies":"Book of Stabbing","floor":72.0,"turns":2.0},{"damage":0.0,"enemies":"Centurion and Healer","floor":73.0,"turns":3.0},{"damage":1.0,"enemies":"Slavers","floor":74.0,"turns":2.0},{"damage":0.0,"enemies":"Gremlin Leader","floor":76.0,"turns":1.0},{"damage":0.0,"enemies":"Slavers","floor":77.0,"turns":1.0},{"damage":21.0,"enemies":"Book of Stabbing","floor":79.0,"turns":3.0},{"damage":0.0,"enemies":"Snecko","floor":80.0,"turns":2.0},{"damage":0.0,"enemies":"3 Cultists","floor":81.0,"turns":2.0},{"damage":0.0,"enemies":"Automaton","floor":84.0,"turns":3.0},{"damage":0.0,"enemies":"3 Shapes","floor":86.0,"turns":1.0},{"damage":0.0,"enemies":"3 Darklings","floor":87.0,"turns":2.0},{"damage":0.0,"enemies":"Nemesis","floor":88.0,"turns":3.0},{"damage":13.0,"enemies":"Writhing Mass","floor":89.0,"turns":2.0},{"damage":0.0,"enemies":"Maw","floor":90.0,"turns":3.0},{"damage":0.0,"enemies":"Giant Head","floor":94.0,"turns":5.0},{"damage":1.0,"enemies":"Reptomancer","floor":95.0,"turns":2.0},{"damage":15.0,"enemies":"Giant Head","floor":96.0,"turns":6.0},{"damage":0.0,"enemies":"Reptomancer","floor":98.0,"turns":1.0},{"damage":6.0,"enemies":"4 Shapes","floor":99.0,"turns":1.0},{"damage":0.0,"enemies":"Awakened One","floor":101.0,"turns":3.0},{"damage":0,"enemies":"2 Louse","floor":103,"turns":1},{"damage":0,"enemies":"Lagavulin","floor":106,"turns":1},{"damage":0,"enemies":"Jaw Worm","floor":107,"turns":1},{"damage":0,"enemies":"3 Sentries","floor":108,"turns":1},{"damage":0,"enemies":"Gremlin Nob","floor":110,"turns":1},{"damage":0,"enemies":"Lagavulin","floor":111,"turns":1},{"damage":0,"enemies":"3 Sentries","floor":113,"turns":1},{"damage":0,"enemies":"Cultist","floor":114,"turns":1},{"damage":0,"enemies":"Lots of Slimes","floor":116,"turns":1},{"damage":0,"enemies":"The Guardian","floor":118,"turns":3},{"damage":0,"enemies":"2 Thieves","floor":120,"turns":1},{"damage":9,"enemies":"Shell Parasite","floor":121,"turns":1},{"damage":0,"enemies":"Snake Plant","floor":122,"turns":1},{"damage":6,"enemies":"Snecko","floor":123,"turns":2},{"damage":0,"enemies":"Slavers","floor":127,"turns":1},{"damage":0,"enemies":"Book of Stabbing","floor":128,"turns":1},{"damage":0,"enemies":"Gremlin Leader","floor":131,"turns":1},{"damage":0,"enemies":"Centurion and Healer","floor":132,"turns":1},{"damage":0,"enemies":"Book of Stabbing","floor":133,"turns":1},{"damage":30,"enemies":"Champ","floor":135,"turns":2}],"seed_played":"-4378581350196073627","potions_obtained":[{"floor":4.0,"key":"Fruit Juice"},{"floor":6.0,"key":"Strength Potion"},{"floor":8.0,"key":"Block Potion"},{"floor":17.0,"key":"Fire Potion"},{"floor":18.0,"key":"FocusPotion"},{"floor":27.0,"key":"Fire Potion"},{"floor":30.0,"key":"EssenceOfSteel"},{"floor":33.0,"key":"SpeedPotion"},{"floor":44.0,"key":"LiquidBronze"},{"floor":46.0,"key":"SpeedPotion"},{"floor":50.0,"key":"GamblersBrew"},{"floor":54.0,"key":"SkillPotion"},{"floor":56.0,"key":"Weak Potion"},{"floor":61.0,"key":"EssenceOfSteel"},{"floor":64.0,"key":"Energy Potion"},{"floor":65.0,"key":"Dexterity Potion"},{"floor":69.0,"key":"SpeedPotion"},{"floor":72.0,"key":"Weak Potion"},{"floor":74.0,"key":"FairyPotion"},{"floor":81.0,"key":"SpeedPotion"},{"floor":84.0,"key":"LiquidBronze"},{"floor":86.0,"key":"Fire Potion"},{"floor":87.0,"key":"Strength Potion"},{"floor":89.0,"key":"Strength Potion"},{"floor":90.0,"key":"GamblersBrew"},{"floor":97.0,"key":"Ancient Potion"},{"floor":97.0,"key":"Regen Potion"},{"floor":97.0,"key":"Dexterity Potion"},{"floor":97.0,"key":"LiquidBronze"},{"floor":97.0,"key":"Swift Potion"},{"floor":99.0,"key":"Explosive Potion"},{"floor":103,"key":"Fire Potion"},{"floor":106,"key":"PowerPotion"},{"floor":110,"key":"Dexterity Potion"},{"floor":114,"key":"EssenceOfSteel"},{"floor":118,"key":"Dexterity Potion"},{"floor":122,"key":"FearPotion"},{"floor":123,"key":"SpeedPotion"},{"floor":128,"key":"Ancient Potion"},{"floor":131,"key":"SteroidPotion"},{"floor":132,"key":"Poison Potion"}],"is_trial":true,"path_per_floor":["M","?","?","M","M","E","R","E","T","E","$","$","R","M","R","B",null,"M","M","M","?","$","E","?","R","T","M","E","M","E","M","R","B",null,"M","?","M","?","M","E","R","$","T","E","R","M","$","E","R","B",null,"M","E","M","$","M","E","M","R","T","M","E","R","E","E","R","B",null,"M","?","M","E","M","E","R","E","E","R","E","M","M","$","R","B",null,"M","M","E","M","M","R","?","R","E","E","E","$","E","M","R","B",null,"M","?","$","E","M","E","R","E","E","R","E","M","$","M","R","B",null,"M","M","M","M","?","R","$","E","E","R","?","E","M","E","R","B"],"character_chosen":"DEFECT","items_purchased":["FairyPotion","Escape Plan+1","DataDisk","Well Laid Plans+1","Distraction+1","Mummified Hand","Nunchaku","Sadistic Nature+1","Capacitor+1","Rupture+1","HandDrill","AttackPotion","Finisher+1","Combust+1","Cauldron","Bronze Scales","Buffer+1","Whetstone","Defragment+1","Discovery+1","Gremlin Horn","FossilizedHelix"],"campfire_rested":8,"item_purchase_floors":[11,12,22,22,42,42,42,55,55,82,82,82,82,97,97,97,97,105,105,115,115,126],"current_hp_per_floor":[73,40,26,26,31,31,31,13,13,9,9,9,29,26,45,45,67,46,46,28,28,28,15,15,15,15,24,29,21,19,12,12,21,39,32,27,31,31,34,21,21,21,21,25,25,35,34,10,10,31,30,29,28,27,26,29,28,27,26,25,24,27,26,25,24,23,22,10,9,8,21,24,23,22,21,20,19,18,17,20,23,22,21,20,19,18,17,16,15,14,13,12,11,14,13,12,11,10,19,18,17,16,15,14,13,12,15,16,17,16,15,16,15,14,13,12,13,12,11,10,6,8,7,1,7,6,7,8,9,8,7,6,7,8,0],"gold":279,"neow_bonus":"","is_prod":false,"is_daily":false,"chose_seed":false,"campfire_upgraded":15,"win_rate":0.0,"timestamp":1557348926,"path_taken":["M","?","?","M","M","E","R","E","T","E","?","$","R","M","R","BOSS","M","M","M","?","$","E","?","R","T","?","E","M","E","M","R","BOSS","M","?","M","?","M","E","R","$","T","E","R","M","?","E","R","BOSS","M","?","M","$","?","E","M","R","T","M","E","R","E","?","R","BOSS","M","?","M","?","M","E","R","E","E","R","E","?","M","$","R","BOSS","M","M","?","M","M","R","?","R","E","?","E","$","E","M","R","BOSS","M","?","?","?","M","E","R","E","E","R","E","M","$","M","R","BOSS","M","?","M","M","?","R","$","E","E","R","?","E","M","E","R","BOSS"],"build_version":"2019-01-23","purchased_purges":3,"victory":false,"max_hp_per_floor":[73,72,71,70,74,73,72,71,70,69,68,67,66,65,64,63,67,66,65,64,43,42,41,40,39,38,40,39,38,40,42,41,40,39,42,41,40,39,38,37,36,35,34,37,36,35,34,33,32,31,30,29,28,27,26,29,28,27,26,25,24,27,26,25,24,23,22,10,9,8,21,24,23,22,21,20,19,18,17,20,23,22,21,20,19,18,17,16,15,14,13,12,11,14,13,12,11,10,19,18,17,16,15,14,13,12,15,16,17,16,15,16,15,14,13,12,13,12,11,10,9,8,7,6,7,6,7,8,9,8,7,6,7,8,8],"card_choices":[{"not_picked":["Clash","Disarm"],"picked":"Ball Lightning","floor":0.0},{"not_picked":["Twin Strike","Ball Lightning"],"picked":"Crippling Poison","floor":0.0},{"not_picked":["Acrobatics","Headbutt"],"picked":"Conserve Battery","floor":0.0},{"not_picked":["Flying Knee","Backflip"],"picked":"Skim","floor":0.0},{"not_picked":["Bouncing Flask","Cold Snap"],"picked":"Shockwave","floor":0.0},{"not_picked":["Rage","Disarm"],"picked":"Dagger Throw","floor":0.0},{"not_picked":["Blood for Blood","Armaments"],"picked":"Sweeping Beam","floor":0.0},{"not_picked":["Terror","Underhanded Strike"],"picked":"Cloak And Dagger","floor":0.0},{"not_picked":["Flying Knee","Body Slam"],"picked":"Distraction","floor":0.0},{"not_picked":["Outmaneuver","Cold Snap"],"picked":"Burning Pact","floor":0.0},{"not_picked":["Dagger Throw","Flying Knee"],"picked":"Crippling Poison","floor":0.0},{"not_picked":["Bouncing Flask","Hologram"],"picked":"Predator","floor":0.0},{"not_picked":["Pommel Strike","Anger"],"picked":"Shrug It Off","floor":0.0},{"not_picked":["Redo","Static Discharge"],"picked":"Cleave","floor":0.0},{"not_picked":["Power Through","Body Slam"],"picked":"Chaos","floor":0.0},{"not_picked":["Storm of Steel"],"picked":"Creative AI+1","floor":6.0},{"not_picked":["Die Die Die"],"picked":"Night Terror+1","floor":8.0},{"not_picked":["Fiend Fire"],"picked":"Die Die Die","floor":10.0},{"not_picked":["Demon Form+1"],"picked":"Venomology+1","floor":16.0},{"not_picked":["Clothesline"],"picked":"Burning Pact+1","floor":17.0},{"not_picked":["Machine Learning+1"],"picked":"Feed","floor":23.0},{"not_picked":["Bludgeon"],"picked":"Machine Learning+1","floor":28.0},{"not_picked":["Biased Cognition+1"],"picked":"After Image+1","floor":30.0},{"not_picked":["Bullet Time+1","Glass Knife"],"picked":"Juggernaut+1","floor":33.0},{"not_picked":["Dark Shackles+1","Dramatic Entrance"],"picked":"Secret Technique+1","floor":38.0},{"not_picked":["Feed","Fiend Fire"],"picked":"Double Tap+1","floor":40.0},{"not_picked":["Limit Break+1","Brutality+1"],"picked":"Electrodynamics+1","floor":44.0},{"not_picked":["Malaise+1","Demon Form+1"],"picked":"Rainbow+1","floor":48.0},{"not_picked":["Juggernaut+1","Seek+1"],"picked":"A Thousand Cuts+1","floor":50.0},{"not_picked":["Tools of the Trade+1","Core Surge"],"picked":"Die Die Die","floor":53.0},{"not_picked":["Tools of the Trade+1","Rainbow+1"],"picked":"Double Tap+1","floor":57.0},{"not_picked":["Impervious+1","Bullet Time+1"],"picked":"Creative AI+1","floor":62.0},{"not_picked":["Night Terror+1","Meteor Strike+1"],"picked":"Demon Form+1","floor":64.0},{"not_picked":["Wraith Form v2+1","Juggernaut+1"],"picked":"Die Die Die+1","floor":65.0},{"not_picked":["All For One+1","Creative AI+1"],"picked":"Exhume+1","floor":67.0},{"not_picked":["Pummel+1","Endless Agony+1"],"picked":"Redo+1","floor":70.0},{"not_picked":["Creative AI+1","Barricade+1"],"picked":"Night Terror+1","floor":72.0},{"not_picked":["Creative AI+1","Reboot+1"],"picked":"Unload+1","floor":74.0},{"not_picked":["Multi-Cast+1","Bludgeon+1"],"picked":"All For One+1","floor":76.0},{"not_picked":["A Thousand Cuts+1","Rainbow+1"],"picked":"Amplify+1","floor":77.0},{"not_picked":["Impervious+1","Glass Knife+1"],"picked":"Reaper+1","floor":79.0},{"not_picked":["Tools of the Trade+1","Reboot+1"],"picked":"Juggernaut+1","floor":84.0},{"not_picked":["Berserk+1","Reboot+1"],"picked":"Electrodynamics+1","floor":88.0},{"not_picked":["Echo Form+1","Reaper+1"],"picked":"Double Tap+1","floor":94.0},{"not_picked":["Demon Form+1","Immolate+1"],"picked":"Corpse Explosion+1","floor":95.0},{"not_picked":["Glass Knife+1","Fission+1"],"picked":"Feed+1","floor":96.0},{"not_picked":["Seek+1","Burst+1"],"picked":"Thunder Strike+1","floor":98.0},{"not_picked":["Die Die Die+1","Electrodynamics+1"],"picked":"Phantasmal Killer+1","floor":101.0},{"not_picked":["Bludgeon+1","Buffer+1"],"picked":"Limit Break+1","floor":106},{"not_picked":["Bludgeon+1","Multi-Cast+1","Night Terror+1"],"picked":"Singing Bowl","floor":108},{"not_picked":["Corruption+1","Reinforced Body+1","Iron Wave+1"],"picked":"Singing Bowl","floor":109},{"not_picked":["Adrenaline+1","Impervious+1"],"picked":"Thunder Strike+1","floor":110},{"not_picked":["Brutality+1","Fiend Fire+1"],"picked":"Phantasmal Killer+1","floor":111},{"not_picked":["Coolheaded+1","Streamline+1","Rupture+1"],"picked":"Singing Bowl","floor":112},{"not_picked":["Phantasmal Killer+1","Meteor Strike+1"],"picked":"Exhume+1","floor":113},{"not_picked":["Sword Boomerang+1","PiercingWail+1","Headbutt+1"],"picked":"Singing Bowl","floor":117},{"not_picked":["Berserk+1","Fiend Fire+1"],"picked":"Phantasmal Killer+1","floor":118},{"not_picked":["Predator+1","Cleave+1","True Grit+1"],"picked":"Singing Bowl","floor":125},{"not_picked":["Unload+1","Barricade+1","Buffer+1"],"picked":"Singing Bowl","floor":127},{"not_picked":["Burst+1","Limit Break+1","Night Terror+1"],"picked":"Singing Bowl","floor":128},{"not_picked":["Redo+1","Tactician+1","Searing Blow+1"],"picked":"Singing Bowl","floor":129},{"not_picked":["Die Die Die+1","Hyperbeam+1"],"picked":"Amplify+1","floor":131},{"not_picked":["Core Surge+1","Doppelganger+1","Corpse Explosion+1"],"picked":"Singing Bowl","floor":133},{"not_picked":["Wild Strike+1","Finisher+1","Flame Barrier+1"],"picked":"Singing Bowl","floor":134}],"player_experience":79549,"relics_obtained":[{"floor":1.0,"key":"Art of War"},{"floor":4.0,"key":"Frozen Egg 2"},{"floor":5.0,"key":"Shuriken"},{"floor":6.0,"key":"Toxic Egg 2"},{"floor":8.0,"key":"Bottled Lightning"},{"floor":9.0,"key":"Ancient Tea Set"},{"floor":10.0,"key":"Happy Flower"},{"floor":14.0,"key":"Potion Belt"},{"floor":18.0,"key":"Omamori"},{"floor":19.0,"key":"Ornamental Fan"},{"floor":20.0,"key":"Orichalcum"},{"floor":23.0,"key":"Bird Faced Urn"},{"floor":26.0,"key":"Pantograph"},{"floor":27.0,"key":"Old Coin"},{"floor":28.0,"key":"War Paint"},{"floor":29.0,"key":"Pen Nib"},{"floor":30.0,"key":"Question Card"},{"floor":31.0,"key":"Kunai"},{"floor":35.0,"key":"Blue Candle"},{"floor":37.0,"key":"Lantern"},{"floor":39.0,"key":"Tiny Chest"},{"floor":40.0,"key":"Oddly Smooth Stone"},{"floor":43.0,"key":"Anchor"},{"floor":44.0,"key":"The Courier"},{"floor":46.0,"key":"Letter Opener"},{"floor":48.0,"key":"Bottled Flame"},{"floor":52.0,"key":"Centennial Puzzle"},{"floor":54.0,"key":"Torii"},{"floor":56.0,"key":"Meat on the Bone"},{"floor":58.0,"key":"Symbiotic Virus"},{"floor":60.0,"key":"Dead Branch"},{"floor":61.0,"key":"Molten Egg 2"},{"floor":69.0,"key":"Vajra"},{"floor":70.0,"key":"Red Mask"},{"floor":71.0,"key":"Mango"},{"floor":73.0,"key":"Dodecahedron"},{"floor":80.0,"key":"Turnip"},{"floor":81.0,"key":"Dream Catcher"},{"floor":86.0,"key":"Regal Pillow"},{"floor":87.0,"key":"Smiling Mask"},{"floor":89.0,"key":"Singing Bowl"},{"floor":90.0,"key":"Bag of Marbles"},{"floor":99.0,"key":"Pear"},{"floor":103,"key":"Cables"},{"floor":107,"key":"PreservedInsect"},{"floor":114,"key":"Bag of Preparation"},{"floor":116,"key":"Boot"},{"floor":120,"key":"Pocketwatch"},{"floor":121,"key":"Gambling Chip"},{"floor":122,"key":"Blood Vial"},{"floor":123,"key":"Unceasing Top"},{"floor":132,"key":"Prayer Wheel"}],"event_choices":[{"damage_healed":0.0,"max_hp_gain":0.0,"max_hp_loss":0.0,"gold_gain":0.0,"event_name":"Scrap Ooze","player_choice":"Success","floor":2.0,"gold_loss":0.0,"damage_taken":33.0,"relics_obtained":["Sundial"]},{"damage_healed":0.0,"max_hp_gain":0.0,"max_hp_loss":0.0,"gold_gain":0.0,"event_name":"Shining Light","player_choice":"Entered Light","floor":3.0,"gold_loss":0.0,"damage_taken":14.0,"cards_upgraded":["Cloak And Dagger","Burning Pact"]},{"damage_healed":0.0,"max_hp_gain":0.0,"max_hp_loss":20.0,"gold_gain":0.0,"event_name":"Vampires","player_choice":"Became a vampire","floor":21.0,"gold_loss":0.0,"damage_taken":0.0,"cards_obtained":["Bite","Bite","Bite","Bite","Bite"]},{"damage_healed":0.0,"max_hp_gain":0.0,"max_hp_loss":0.0,"gold_gain":0.0,"event_name":"Drug Dealer","player_choice":"Inject Mutagens","floor":24.0,"gold_loss":0.0,"damage_taken":0.0,"relics_obtained":["MutagenicStrength"]},{"damage_healed":0.0,"max_hp_gain":0.0,"max_hp_loss":0.0,"gold_gain":0.0,"event_name":"Winding Halls","player_choice":"Embrace Madness","floor":36.0,"gold_loss":0.0,"damage_taken":5.0,"cards_obtained":["Madness","Madness"]},{"damage_healed":0.0,"max_hp_gain":0.0,"max_hp_loss":0.0,"gold_gain":0.0,"event_name":"SensoryStone","player_choice":"Memory 1","floor":38.0,"gold_loss":0.0,"damage_taken":0.0},{"damage_healed":0.0,"max_hp_gain":0.0,"max_hp_loss":0.0,"gold_gain":0.0,"event_name":"Masked Bandits","player_choice":"Fought Bandits","floor":70.0,"gold_loss":0.0,"damage_taken":0.0},{"damage_healed":0.0,"max_hp_gain":0.0,"max_hp_loss":0.0,"gold_gain":0.0,"event_name":"FaceTrader","player_choice":"Trade","floor":92.0,"gold_loss":0.0,"damage_taken":0.0,"relics_obtained":["SsserpentHead"]},{"cards_removed":["Bite"],"damage_healed":0,"gold_gain":0,"player_choice":"Card Removal","damage_taken":0,"max_hp_gain":0,"max_hp_loss":0,"event_name":"The Cleric","floor":104,"gold_loss":50},{"damage_healed":0,"gold_gain":0,"player_choice":"Joined the Cult","damage_taken":6,"max_hp_gain":0,"max_hp_loss":0,"event_name":"Nest","floor":124,"gold_loss":0,"cards_obtained":["RitualDagger"]},{"damage_healed":0,"gold_gain":0,"cards_transformed":["Injury","Pain"],"player_choice":"Became Test Subject","damage_taken":0,"max_hp_gain":0,"max_hp_loss":0,"event_name":"Drug Dealer","floor":130,"gold_loss":0,"cards_obtained":["Clumsy","Regret"]}],"is_beta":false,"boss_relics":[{"not_picked":["Astrolabe","Black Star"],"picked":"Tiny House"},{"not_picked":["Coffee Dripper","Calling Bell"],"picked":"Inserter"},{"not_picked":["Cursed Key","Fusion Hammer"],"picked":"Nuclear Battery"},{"not_picked":["GraspOfShadows"],"picked":"BlightedDurian"},{"not_picked":["VoidEssence"],"picked":"Accursed"},{"not_picked":["TwistingMind"],"picked":"Accursed"},{"not_picked":["GraspOfShadows"],"picked":"Accursed"}],"items_purged_floors":[11,47,82],"is_endless":true,"potions_floor_spawned":[4,6,8,18,27,30,33,44,46,50,54,56,61,64,65,67,69,70,72,74,81,84,86,87,89,90,99,103,106,110,114,118,122,123,128,131,132],"killed_by":"Champ","ascension_level":0}