{"gold_per_floor":[365,380,35,54,54,54,81,81,81,108,121,121,140,171,171,269,269,289,289,239,262,234,279,291,104,104,118,145,164,164,178,178,282,282,294,294,313,313,333,333,359,376,376,476,24,59,74,106,106,106],"floor_reached":51,"playtime":3852,"items_purged":["Strike_R","Pain","Strike_R"],"score":1149,"play_id":"53dc8706-ab08-4c98-bbc1-0e27935b6462","local_time":"20190627141401","is_ascension_mode":true,"campfire_choices":[{"data":"Apotheosis","floor":6,"key":"SMITH"},{"data":"Headbutt","floor":8,"key":"SMITH"},{"floor":15,"key":"REST"},{"floor":24,"key":"REST"},{"floor":30,"key":"REST"},{"floor":32,"key":"REST"},{"data":"Entrench","floor":40,"key":"SMITH"},{"floor":49,"key":"RECALL"}],"neow_cost":"PERCENT_DAMAGE","seed_source_timestamp":302218228211226,"circlet_count":0,"master_deck":["Defend_R","Defend_R","Defend_R","Defend_R","Bash","Headbutt+1","Clothesline","Apotheosis+1","Shrug It Off","Impervious","Warcry","Flame Barrier","Battle Trance","Shrug It Off","Fiend Fire+1","Infernal Blade+1","Blood for Blood+1","Impervious+1","Cleave+1","True Grit","Metallicize","Shockwave","Feed","Entrench+1","Shrug It Off+1","Exhume","Havoc+1","Flame Barrier","Master of Strategy","Body Slam"],"relics":["Burning Blood","Sundial","Bottled Lightning","Calipers","WarpedTongs","Orichalcum","Astrolabe","MutagenicStrength","MawBank","Smiling Mask","Juzu Bracelet","Charon\u0027s Ashes","Coffee Dripper","Mercury Hourglass","Centennial Puzzle","Mango","Toy Ornithopter","Gremlin Horn","PreservedInsect"],"potions_floor_usage":[13,16],"damage_taken":[{"damage":6,"enemies":"2 Louse","floor":1,"turns":3},{"damage":0,"enemies":"Small Slimes","floor":2,"turns":3},{"damage":4,"enemies":"Cultist","floor":4,"turns":4},{"damage":21,"enemies":"3 Sentries","floor":7,"turns":11},{"damage":2,"enemies":"Lagavulin","floor":10,"turns":8},{"damage":2,"enemies":"Exordium Thugs","floor":11,"turns":4},{"damage":4,"enemies":"3 Louse","floor":13,"turns":5},{"damage":28,"enemies":"Gremlin Nob","floor":14,"turns":5},{"damage":62,"enemies":"Slime Boss","floor":16,"turns":16},{"damage":2,"enemies":"Chosen","floor":18,"turns":4},{"damage":21,"enemies":"2 Thieves","floor":21,"turns":3},{"damage":30,"enemies":"Slavers","floor":23,"turns":6},{"damage":1,"enemies":"Chosen and Byrds","floor":27,"turns":8},{"damage":16,"enemies":"Book of Stabbing","floor":28,"turns":7},{"damage":9,"enemies":"Snake Plant","floor":29,"turns":3},{"damage":3,"enemies":"Snecko","floor":31,"turns":4},{"damage":54,"enemies":"Collector","floor":33,"turns":19},{"damage":4,"enemies":"Orb Walker","floor":35,"turns":3},{"damage":0,"enemies":"3 Shapes","floor":37,"turns":5},{"damage":3,"enemies":"3 Darklings","floor":39,"turns":5},{"damage":0,"enemies":"Reptomancer","floor":41,"turns":6},{"damage":10,"enemies":"Writhing Mass","floor":42,"turns":9},{"damage":0,"enemies":"Mind Bloom Boss Battle","floor":44,"turns":4},{"damage":0,"enemies":"Giant Head","floor":46,"turns":13},{"damage":3,"enemies":"4 Shapes","floor":47,"turns":3},{"damage":0,"enemies":"Reptomancer","floor":48,"turns":4},{"damage":10,"enemies":"Awakened One","floor":50,"turns":11}],"seed_played":"-2907544367483725370","potions_obtained":[{"floor":1,"key":"SpeedPotion"},{"floor":4,"key":"SteroidPotion"},{"floor":10,"key":"Regen Potion"},{"floor":16,"key":"PowerPotion"},{"floor":21,"key":"Dexterity Potion"},{"floor":39,"key":"SteroidPotion"}],"is_trial":false,"path_per_floor":["M","M","$","M","?","R","E","R","T","E","M","?","M","E","R","B",null,"M","?","?","M","?","E","R","$","T","M","E","M","R","M","R","B",null,"M","?","M","?","M","R","E","M","T","?","$","E","M","E","R","B",null],"character_chosen":"IRONCLAD","items_purchased":["Disarm","Apotheosis","AttackPotion","Shockwave","Feed","Master of Strategy","Toy Ornithopter"],"campfire_rested":4,"item_purchase_floors":[3,3,3,25,25,45,45],"current_hp_per_floor":[51,57,57,59,80,80,65,65,65,69,73,73,75,53,77,21,65,69,69,69,54,54,30,54,54,54,63,53,50,75,78,84,36,72,74,74,80,80,83,83,88,84,84,102,102,102,102,102,102,98],"gold":106,"neow_bonus":"TWO_FIFTY_GOLD","is_prod":false,"is_daily":false,"chose_seed":false,"campfire_upgraded":3,"win_rate":0,"timestamp":1561659241,"path_taken":["M","M","$","M","?","R","E","R","T","E","M","?","?","E","R","BOSS","M","?","?","?","?","E","R","$","T","M","E","M","R","M","R","BOSS","M","?","M","?","M","R","E","M","T","?","$","E","M","E","R","BOSS"],"build_version":"2019-01-23","purchased_purges":3,"victory":true,"max_hp_per_floor":[80,80,80,80,80,80,80,80,80,80,80,80,80,80,80,80,80,80,80,80,80,80,80,80,80,80,84,84,84,84,84,84,84,84,84,84,84,84,84,84,88,88,88,102,102,102,102,102,102,102],"card_choices":[{"not_picked":["Ghostly Armor","Carnage"],"picked":"Headbutt","floor":1},{"not_picked":["Metallicize","Bloodletting"],"picked":"Clothesline","floor":2},{"not_picked":["Body Slam","Reckless Charge"],"picked":"Shrug It Off","floor":4},{"not_picked":["Cleave","Rage"],"picked":"Impervious","floor":7},{"not_picked":["Pommel Strike","Clash"],"picked":"Warcry","floor":10},{"not_picked":["Thunderclap","Power Through"],"picked":"Flame Barrier","floor":11},{"not_picked":["Dropkick","Intimidate"],"picked":"Battle Trance","floor":13},{"not_picked":["Blood for Blood","True Grit"],"picked":"Shrug It Off","floor":14},{"not_picked":["Offering","Reaper"],"picked":"Fiend Fire","floor":16},{"not_picked":["Sever Soul","Sentinel"],"picked":"Cleave+1","floor":18},{"not_picked":["Flame Barrier","Warcry"],"picked":"True Grit","floor":21},{"not_picked":["Heavy Blade","Perfected Strike"],"picked":"Metallicize","floor":23},{"not_picked":["Armaments","True Grit"],"picked":"Entrench","floor":27},{"not_picked":["Fire Breathing","Rampage","Flex"],"picked":"SKIP","floor":28},{"not_picked":["Headbutt","Anger"],"picked":"Shrug It Off+1","floor":29},{"not_picked":["Fire Breathing+1","Iron Wave","Searing Blow+1"],"picked":"SKIP","floor":31},{"not_picked":["Limit Break","Fiend Fire"],"picked":"Exhume","floor":33},{"not_picked":["Headbutt+1","Perfected Strike+1"],"picked":"Havoc+1","floor":35},{"not_picked":["Infernal Blade","Thunderclap+1","Pummel"],"picked":"SKIP","floor":37},{"not_picked":["Rampage+1","Dual Wield","Heavy Blade+1"],"picked":"SKIP","floor":39},{"not_picked":["Evolve","Body Slam","Fire Breathing"],"picked":"SKIP","floor":41},{"not_picked":["Fire Breathing","Blood for Blood+1","Rage"],"picked":"SKIP","floor":42},{"not_picked":["Armaments+1","Bludgeon"],"picked":"Flame Barrier","floor":44},{"not_picked":["Cleave","Clothesline"],"picked":"Body Slam","floor":46},{"not_picked":["Pommel Strike","Flex+1","Thunderclap+1"],"picked":"SKIP","floor":47},{"not_picked":["Brutality","Headbutt","Intimidate+1"],"picked":"SKIP","floor":48}],"player_experience":182148,"relics_obtained":[{"floor":7,"key":"Sundial"},{"floor":9,"key":"Bottled Lightning"},{"floor":10,"key":"Calipers"},{"floor":14,"key":"Orichalcum"},{"floor":23,"key":"Smiling Mask"},{"floor":26,"key":"Juzu Bracelet"},{"floor":28,"key":"Charon\u0027s Ashes"},{"floor":41,"key":"Mercury Hourglass"},{"floor":43,"key":"Centennial Puzzle"},{"floor":44,"key":"Mango"},{"floor":46,"key":"Gremlin Horn"},{"floor":48,"key":"PreservedInsect"}],"event_choices":[{"damage_healed":26,"gold_gain":0,"player_choice":"Banana","damage_taken":0,"max_hp_gain":0,"max_hp_loss":0,"event_name":"Big Fish","floor":5,"gold_loss":0},{"damage_healed":0,"gold_gain":0,"player_choice":"Rummage","damage_taken":0,"relics_obtained":["WarpedTongs"],"max_hp_gain":0,"max_hp_loss":0,"event_name":"Accursed Blacksmith","floor":12,"gold_loss":0,"cards_obtained":["Pain"]},{"damage_healed":0,"gold_gain":0,"player_choice":"Inject Mutagens","damage_taken":0,"relics_obtained":["MutagenicStrength"],"max_hp_gain":0,"max_hp_loss":0,"event_name":"Drug Dealer","floor":19,"gold_loss":0},{"damage_healed":0,"gold_gain":0,"player_choice":"Paid Gold","damage_taken":0,"relics_obtained":["MawBank"],"max_hp_gain":0,"max_hp_loss":0,"event_name":"WeMeetAgain","floor":20,"gold_loss":50},{"damage_healed":0,"gold_gain":0,"player_choice":"Upgrade","damage_taken":0,"max_hp_gain":0,"max_hp_loss":0,"event_name":"Designer","floor":22,"gold_loss":40,"cards_upgraded":["Fiend Fire"]},{"cards_removed":["Disarm"],"damage_healed":0,"gold_gain":0,"player_choice":"Removed Skill","damage_taken":0,"max_hp_gain":0,"max_hp_loss":0,"event_name":"Falling","floor":36,"gold_loss":0},{"damage_healed":0,"gold_gain":0,"player_choice":"Ignored","damage_taken":0,"max_hp_gain":0,"max_hp_loss":0,"event_name":"Tomb of Lord Red Mask","floor":38,"gold_loss":0},{"damage_healed":0,"gold_gain":0,"player_choice":"Fight","damage_taken":0,"max_hp_gain":0,"max_hp_loss":0,"event_name":"MindBloom","floor":44,"gold_loss":0}],"is_beta":false,"boss_relics":[{"not_picked":["Orrery","Empty Cage"],"picked":"Astrolabe"},{"not_picked":["Velvet Choker","Runic Cube"],"picked":"Coffee Dripper"}],"items_purged_floors":[3,25,45],"is_endless":false,"potions_floor_spawned":[1,4,10,16,21,27,28,29,33,35,39,42,47],"ascension_level":6}