{"gold_per_floor":[210,210,223,243,67,67,78,78,104,66,86,104,119,148,148,251,251,268,268,268],"floor_reached":20,"playtime":957,"items_purged":["Strike_R"],"score":185,"play_id":"54b43b31-0a1c-45da-8215-3b1020e546ae","local_time":"20190605073851","is_ascension_mode":true,"campfire_choices":[{"data":"Body Slam","floor":6,"key":"SMITH"},{"data":"True Grit","floor":8,"key":"SMITH"},{"data":"Metallicize","floor":15,"key":"SMITH"}],"neow_cost":"NONE","seed_source_timestamp":371604002679909,"circlet_count":0,"master_deck":["Strike_R","Strike_R","Strike_R","Strike_R","Defend_R","Defend_R","Defend_R","Defend_R","Bash","True Grit+1","Metallicize+1","Body Slam+1","Corruption","Demon Form","Intimidate","Decay"],"relics":["Burning Blood","Strawberry","Philosopher\u0027s Stone"],"potions_floor_usage":[16,16,20],"damage_taken":[{"damage":2,"enemies":"2 Louse","floor":1,"turns":4},{"damage":1,"enemies":"Cultist","floor":3,"turns":3},{"damage":4,"enemies":"Jaw Worm","floor":4,"turns":5},{"damage":2,"enemies":"Blue Slaver","floor":7,"turns":5},{"damage":0,"enemies":"Exordium Wildlife","floor":11,"turns":4},{"damage":6,"enemies":"2 Fungi Beasts","floor":12,"turns":5},{"damage":4,"enemies":"Exordium Thugs","floor":13,"turns":5},{"damage":23,"enemies":"Gremlin Nob","floor":14,"turns":5},{"damage":6,"enemies":"The Guardian","floor":16,"turns":13},{"damage":11,"enemies":"Chosen","floor":18,"turns":6},{"damage":96,"enemies":"3 Byrds","floor":20,"turns":7}],"seed_played":"-2620267575508657050","potions_obtained":[{"floor":1,"key":"PowerPotion"},{"floor":4,"key":"SkillPotion"},{"floor":16,"key":"Explosive Potion"},{"floor":18,"key":"SteroidPotion"}],"is_trial":false,"path_per_floor":["M","?","M","M","$","R","M","R","T","$","M","M","M","E","R","B",null,"M","?","M"],"character_chosen":"IRONCLAD","items_purchased":["Metallicize","Body Slam","Corruption"],"campfire_rested":0,"item_purchase_floors":[5,5,10],"current_hp_per_floor":[80,72,77,79,79,79,80,80,80,80,80,80,80,70,70,70,87,82,82,0],"gold":268,"neow_bonus":"HUNDRED_GOLD","is_prod":false,"is_daily":false,"chose_seed":false,"campfire_upgraded":3,"win_rate":0,"timestamp":1559738331,"path_taken":["M","?","?","M","$","R","M","R","T","?","M","M","?","E","R","BOSS","M","?","?"],"build_version":"2019-01-23","purchased_purges":1,"victory":false,"max_hp_per_floor":[80,80,80,80,80,80,80,80,80,80,80,80,80,87,87,87,87,87,87,87],"card_choices":[{"not_picked":["Sword Boomerang","Pommel Strike","Rampage"],"picked":"SKIP","floor":1},{"not_picked":["Rage","Pommel Strike"],"picked":"True Grit","floor":3},{"not_picked":["Carnage","Clothesline","Heavy Blade"],"picked":"SKIP","floor":4},{"not_picked":["Iron Wave","Pommel Strike","True Grit"],"picked":"SKIP","floor":7},{"not_picked":["Clothesline","Anger","Carnage"],"picked":"SKIP","floor":11},{"not_picked":["Pommel Strike","Rage","Fire Breathing"],"picked":"SKIP","floor":12},{"not_picked":["Sever Soul","Reckless Charge","Corruption"],"picked":"SKIP","floor":13},{"not_picked":["Pummel","Whirlwind","Rupture"],"picked":"SKIP","floor":14},{"not_picked":["Double Tap","Feed"],"picked":"Demon Form","floor":16},{"not_picked":["Twin Strike","Dropkick"],"picked":"Intimidate","floor":18}],"player_experience":90217,"relics_obtained":[{"floor":14,"key":"Strawberry"}],"event_choices":[{"damage_healed":0,"gold_gain":0,"player_choice":"Damaged","damage_taken":8,"max_hp_gain":0,"max_hp_loss":0,"event_name":"Wheel of Change","floor":2,"gold_loss":0},{"damage_healed":0,"gold_gain":0,"player_choice":"Cursed","damage_taken":0,"max_hp_gain":0,"max_hp_loss":0,"event_name":"Wheel of Change","floor":19,"gold_loss":0,"cards_obtained":["Decay"]}],"is_beta":false,"boss_relics":[{"not_picked":["Snecko Eye","Ectoplasm"],"picked":"Philosopher\u0027s Stone"}],"items_purged_floors":[5],"is_endless":false,"potions_floor_spawned":[1,4,16,18],"killed_by":"3 Byrds","ascension_level":1}