{"gold_per_floor":[110,110,127,52,52,52,65,65,65,42,42],"floor_reached":11,"playtime":274,"items_purged":[],"score":126,"play_id":"db3168bc-f319-4c0b-8623-b835c0a633a5","local_time":"20190626161855","is_ascension_mode":true,"campfire_choices":[{"data":"Deadly Poison","floor":6,"key":"SMITH"},{"data":"Defend_G","floor":8,"key":"SMITH"}],"neow_cost":"NONE","seed_source_timestamp":111236893044900,"circlet_count":0,"master_deck":["AscendersBane","Defend_G+1","Defend_G","Defend_G","Defend_G","Defend_G","Strike_G","Strike_G","Strike_G","Strike_G","Survivor","Neutralize","Prepared","Deadly Poison+1","Escape Plan","Bouncing Flask"],"relics":["HoveringKite","Du-Vu Doll"],"potions_floor_usage":[7],"damage_taken":[{"damage":2,"enemies":"2 Louse","floor":1,"turns":5},{"damage":23,"enemies":"Cultist","floor":3,"turns":6},{"damage":9,"enemies":"Small Slimes","floor":7,"turns":3},{"damage":18,"enemies":"Exordium Thugs","floor":10,"turns":6},{"damage":10,"enemies":"Large Slime","floor":11,"turns":2}],"seed_played":"-6863059802624589030","potions_obtained":[{"floor":3,"key":"Swift Potion"},{"floor":5,"key":"Fire Potion"},{"floor":5,"key":"Block Potion"}],"is_trial":false,"path_per_floor":["M","?","M","?","?","R","M","R","T","M","M"],"character_chosen":"THE_SILENT","items_purchased":[],"campfire_rested":0,"item_purchase_floors":[],"current_hp_per_floor":[57,57,34,34,34,34,25,25,25,7,0],"gold":42,"neow_bonus":"BOSS_RELIC","is_prod":false,"is_daily":false,"chose_seed":false,"campfire_upgraded":2,"win_rate":0,"timestamp":1561580335,"path_taken":["M","?","M","?","?","R","?","R","T","M","M"],"build_version":"2019-01-23","purchased_purges":0,"victory":false,"max_hp_per_floor":[66,66,66,66,66,66,66,66,66,66,66],"card_choices":[{"not_picked":["Backflip","Slice"],"picked":"Prepared","floor":1},{"not_picked":["PiercingWail","Cloak And Dagger"],"picked":"Deadly Poison","floor":3},{"not_picked":["Dagger Spray","Deflect"],"picked":"Escape Plan","floor":7},{"not_picked":["Expertise","Die Die Die"],"picked":"Bouncing Flask","floor":10}],"player_experience":1438464,"relics_obtained":[{"floor":9,"key":"Du-Vu Doll"}],"event_choices":[{"damage_healed":0,"gold_gain":0,"player_choice":"Ignored","damage_taken":0,"max_hp_gain":0,"max_hp_loss":0,"event_name":"Shining Light","floor":2,"gold_loss":0},{"cards_removed":["Strike_G"],"damage_healed":0,"gold_gain":0,"player_choice":"Card Removal","damage_taken":0,"max_hp_gain":0,"max_hp_loss":0,"event_name":"The Cleric","floor":4,"gold_loss":75},{"damage_healed":0,"gold_gain":0,"player_choice":"Got Potions","damage_taken":0,"max_hp_gain":0,"max_hp_loss":0,"event_name":"Lab","floor":5,"gold_loss":0}],"is_beta":false,"boss_relics":[],"items_purged_floors":[],"is_endless":false,"potions_floor_spawned":[3],"killed_by":"Large Slime","ascension_level":20}