{"gold_per_floor":[113,125,57,69,69,96,96,112,166,166,180,193,193,226,226,328,328,347,64,75,88,108,143,143,173,243,243,261,336,354,383,383,488,488,506,506,519,71,83,116,116,143,195,295,312,312,6,6,6,6],"floor_reached":51,"playtime":3865,"items_purged":["Strike_G","Writhe","Strike_G"],"score":1306,"play_id":"8c9b5118-9698-4e03-bbbd-ff8ad9bbfd41","local_time":"20190623152852","is_ascension_mode":true,"campfire_choices":[{"data":"Backstab","floor":7,"key":"SMITH"},{"data":"Leg Sweep","floor":15,"key":"SMITH"},{"floor":24,"key":"REST"},{"floor":27,"key":"REST"},{"floor":32,"key":"REST"},{"floor":41,"key":"REST"},{"floor":46,"key":"REST"},{"floor":49,"key":"REST"}],"neow_cost":"NONE","seed_source_timestamp":146151224340831,"circlet_count":0,"master_deck":["Defend_G","Defend_G","Defend_G","Defend_G","Defend_G","Strike_G","Strike_G","Survivor","Neutralize","Deflect","Backstab+1","Noxious Fumes","Backflip","Footwork","Sucker Punch","Dash","Leg Sweep+1","Corpse Explosion","Well Laid Plans","Deadly Poison","Noxious Fumes+1","Escape Plan","Noxious Fumes","Poisoned Stab+1","Backflip","Caltrops","Heel Hook","Predator+1","Adrenaline","Burst+1","Deflect+1","Catalyst+1","Night Terror+1","Footwork","Backflip","Sucker Punch+1","Adrenaline","Calculated Gamble+1","Clumsy","Dodge and Roll+1","Backflip+1","Apotheosis","PiercingWail","Night Terror"],"relics":["Ring of the Snake","Bronze Scales","Blue Candle","Bag of Marbles","Happy Flower","Art of War","Fusion Hammer","Dream Catcher","Gremlin Horn","Pen Nib","The Courier","Darkstone Periapt","Cursed Key","Pear","War Paint","StoneCalendar","Vajra","FossilizedHelix"],"potions_floor_usage":[14,16,22,23,25,33,48,50,50],"damage_taken":[{"damage":6,"enemies":"Jaw Worm","floor":1,"turns":5},{"damage":0,"enemies":"2 Louse","floor":2,"turns":3},{"damage":0,"enemies":"Cultist","floor":4,"turns":4},{"damage":26,"enemies":"Gremlin Nob","floor":6,"turns":5},{"damage":2,"enemies":"2 Fungi Beasts","floor":8,"turns":3},{"damage":1,"enemies":"Lots of Slimes","floor":11,"turns":5},{"damage":0,"enemies":"Exordium Thugs","floor":12,"turns":6},{"damage":2,"enemies":"3 Sentries","floor":14,"turns":8},{"damage":0,"enemies":"Hexaghost","floor":16,"turns":12},{"damage":8,"enemies":"2 Thieves","floor":18,"turns":2},{"damage":0,"enemies":"Chosen","floor":20,"turns":5},{"damage":1,"enemies":"Centurion and Healer","floor":21,"turns":5},{"damage":0,"enemies":"Chosen and Byrds","floor":22,"turns":4},{"damage":4,"enemies":"Slavers","floor":23,"turns":5},{"damage":27,"enemies":"Book of Stabbing","floor":25,"turns":5},{"damage":10,"enemies":"Snecko","floor":28,"turns":5},{"damage":17,"enemies":"3 Cultists","floor":30,"turns":4},{"damage":12,"enemies":"Slavers","floor":31,"turns":5},{"damage":19,"enemies":"Collector","floor":33,"turns":7},{"damage":0,"enemies":"3 Shapes","floor":35,"turns":2},{"damage":13,"enemies":"Orb Walker","floor":37,"turns":2},{"damage":33,"enemies":"Transient","floor":39,"turns":5},{"damage":3,"enemies":"Reptomancer","floor":40,"turns":3},{"damage":7,"enemies":"Nemesis","floor":42,"turns":5},{"damage":0,"enemies":"Mind Bloom Boss Battle","floor":44,"turns":6},{"damage":4,"enemies":"Spire Growth","floor":45,"turns":5},{"damage":0,"enemies":"Reptomancer","floor":48,"turns":1},{"damage":38,"enemies":"Time Eater","floor":50,"turns":7}],"seed_played":"2881687068582709165","potions_obtained":[{"floor":8,"key":"FairyPotion"},{"floor":11,"key":"EssenceOfSteel"},{"floor":13,"key":"PowerPotion"},{"floor":13,"key":"Weak Potion"},{"floor":16,"key":"SteroidPotion"},{"floor":21,"key":"LiquidBronze"},{"floor":22,"key":"Ancient Potion"},{"floor":25,"key":"FairyPotion"},{"floor":31,"key":"SmokeBomb"},{"floor":37,"key":"AttackPotion"},{"floor":45,"key":"Poison Potion"}],"is_trial":false,"path_per_floor":["M","M","$","M","?","E","R","M","T","?","M","M","?","E","R","B",null,"M","$","M","M","M","E","R","E","T","R","M","?","M","E","R","B",null,"M","?","M","$","M","E","R","E","T","?","M","R","$","E","R","B",null],"character_chosen":"THE_SILENT","items_purchased":["Noxious Fumes","Deadly Poison","Dream Catcher","Night Terror","Footwork","Pear","Apotheosis","PiercingWail","Poison Potion"],"campfire_rested":6,"item_purchase_floors":[3,19,19,38,38,38,47,47,47],"current_hp_per_floor":[57,57,57,57,50,24,24,22,22,22,21,21,21,19,19,19,57,49,49,49,48,48,44,65,38,38,59,49,42,25,13,34,15,56,56,76,63,73,40,37,62,55,61,61,57,84,84,84,92,54],"gold":6,"neow_bonus":"RANDOM_COMMON_RELIC","is_prod":false,"is_daily":false,"chose_seed":false,"campfire_upgraded":2,"win_rate":0,"timestamp":1561318132,"path_taken":["M","M","$","M","?","E","R","M","T","?","?","M","?","E","R","BOSS","M","$","M","?","M","E","R","E","T","R","M","?","M","E","R","BOSS","M","?","M","$","M","E","R","E","T","?","M","R","$","E","R","BOSS"],"build_version":"2019-01-23","purchased_purges":3,"victory":true,"max_hp_per_floor":[70,70,70,70,70,70,70,70,70,70,70,70,70,70,70,70,70,70,70,70,70,70,70,70,70,70,70,70,70,70,70,70,70,70,70,76,76,86,86,86,86,86,92,92,92,92,92,92,92,92],"card_choices":[{"not_picked":["Blade Dance","Infinite Blades"],"picked":"Deflect","floor":1},{"not_picked":["Setup","Acrobatics"],"picked":"Backstab","floor":2},{"not_picked":["Sucker Punch","Skewer"],"picked":"Backflip","floor":4},{"not_picked":["Cloak And Dagger","Expertise"],"picked":"Footwork","floor":6},{"not_picked":["Flying Knee","Quick Slash","Outmaneuver"],"picked":"SKIP","floor":8},{"not_picked":["Acrobatics","Flying Knee"],"picked":"Sucker Punch","floor":11},{"not_picked":["Deadly Poison","Underhanded Strike"],"picked":"Dash","floor":12},{"not_picked":["Backflip","Bouncing Flask"],"picked":"Leg Sweep","floor":14},{"not_picked":["Malaise","Tools of the Trade"],"picked":"Corpse Explosion","floor":16},{"not_picked":["Deflect","Sucker Punch"],"picked":"Well Laid Plans","floor":18},{"not_picked":["Cloak And Dagger","Bane+1"],"picked":"Noxious Fumes+1","floor":20},{"not_picked":["Blade Dance","Concentrate"],"picked":"Escape Plan","floor":21},{"not_picked":["Escape Plan","Cloak And Dagger"],"picked":"Noxious Fumes","floor":22},{"not_picked":["Cloak And Dagger","Glass Knife"],"picked":"Poisoned Stab+1","floor":23},{"not_picked":["Prepared","Underhanded Strike"],"picked":"Backflip","floor":25},{"not_picked":["Backstab","Noxious Fumes"],"picked":"Caltrops","floor":27},{"not_picked":["Backflip","Poisoned Stab","Leg Sweep"],"picked":"SKIP","floor":28},{"not_picked":["Dodge and Roll","Acrobatics"],"picked":"Heel Hook","floor":30},{"not_picked":["Slice+1","Dagger Throw"],"picked":"Predator+1","floor":31},{"not_picked":["Sucker Punch","Quick Slash+1"],"picked":"Adrenaline","floor":32},{"not_picked":["Malaise","A Thousand Cuts"],"picked":"Burst","floor":33},{"not_picked":["Underhanded Strike+1","Dagger Spray"],"picked":"Deflect+1","floor":35},{"not_picked":["Escape Plan+1","Dagger Spray+1"],"picked":"Catalyst+1","floor":37},{"not_picked":["Dagger Throw","Terror+1"],"picked":"Backflip","floor":39},{"not_picked":["Outmaneuver","Predator"],"picked":"Sucker Punch+1","floor":40},{"not_picked":["Slice+1","Skewer+1"],"picked":"Adrenaline","floor":41},{"not_picked":["Storm of Steel","Expertise"],"picked":"Calculated Gamble+1","floor":42},{"not_picked":["Eviscerate","Bane+1"],"picked":"Dodge and Roll+1","floor":44},{"not_picked":["Quick Slash+1","Outmaneuver","Dodge and Roll"],"picked":"SKIP","floor":45},{"not_picked":["All Out Attack+1","Bane"],"picked":"Backflip+1","floor":46},{"not_picked":["Skewer+1","Poisoned Stab"],"picked":"Night Terror","floor":49}],"player_experience":623554,"relics_obtained":[{"floor":6,"key":"Bag of Marbles"},{"floor":9,"key":"Happy Flower"},{"floor":14,"key":"Art of War"},{"floor":23,"key":"Gremlin Horn"},{"floor":25,"key":"Pen Nib"},{"floor":26,"key":"The Courier"},{"floor":31,"key":"Darkstone Periapt"},{"floor":40,"key":"War Paint"},{"floor":42,"key":"StoneCalendar"},{"floor":43,"key":"Vajra"},{"floor":44,"key":"FossilizedHelix"}],"event_choices":[{"damage_healed":0,"gold_gain":0,"player_choice":"Success","damage_taken":7,"relics_obtained":["Blue Candle"],"max_hp_gain":0,"max_hp_loss":0,"event_name":"Scrap Ooze","floor":5,"gold_loss":0},{"cards_removed":["Strike_G"],"damage_healed":0,"gold_gain":0,"player_choice":"Purged","damage_taken":0,"max_hp_gain":0,"max_hp_loss":0,"event_name":"Purifier","floor":10,"gold_loss":0},{"damage_healed":0,"gold_gain":0,"player_choice":"Got Potions","damage_taken":0,"max_hp_gain":0,"max_hp_loss":0,"event_name":"Lab","floor":13,"gold_loss":0},{"damage_healed":0,"gold_gain":75,"player_choice":"Touch","damage_taken":7,"max_hp_gain":0,"max_hp_loss":0,"event_name":"FaceTrader","floor":29,"gold_loss":0},{"damage_healed":18,"gold_gain":0,"player_choice":"Writhe","damage_taken":0,"max_hp_gain":0,"max_hp_loss":0,"event_name":"Winding Halls","floor":36,"gold_loss":0,"cards_obtained":["Writhe"]},{"damage_healed":0,"gold_gain":0,"player_choice":"Fight","damage_taken":0,"max_hp_gain":0,"max_hp_loss":0,"event_name":"MindBloom","floor":44,"gold_loss":0}],"is_beta":false,"boss_relics":[{"not_picked":["Orrery","Coffee Dripper"],"picked":"Fusion Hammer"},{"not_picked":["Snecko Eye","Runic Pyramid"],"picked":"Cursed Key"}],"items_purged_floors":[19,38,47],"is_endless":false,"potions_floor_spawned":[8,11,16,21,22,25,31,37,42,45],"ascension_level":9}