{"gold_per_floor":[111,111,211,225,239,239,219,219,219,263,263,281,325,8,8,8],"floor_reached":16,"playtime":693,"items_purged":["Strike_G"],"score":184,"play_id":"a07851ac-265b-4c01-9ce3-35b0637f44aa","local_time":"20190623100615","is_ascension_mode":true,"campfire_choices":[{"data":"Quick Slash","floor":6,"key":"SMITH"},{"data":"Riddle With Holes","floor":8,"key":"SMITH"},{"floor":11,"key":"REST"},{"data":"Leg Sweep","floor":15,"key":"SMITH"}],"neow_cost":"NONE","seed_source_timestamp":500778367803156,"circlet_count":0,"master_deck":["AscendersBane","Defend_G","Defend_G","Defend_G","Defend_G","Defend_G","Strike_G","Strike_G","Strike_G","Strike_G","Survivor","Neutralize+1","Quick Slash+1","Riddle With Holes+1","Leg Sweep+1","Backflip"],"relics":["Ring of the Snake","Golden Idol","Unceasing Top","Turnip","Oddly Smooth Stone","Molten Egg 2"],"potions_floor_usage":[10,10,13],"damage_taken":[{"damage":0,"enemies":"2 Louse","floor":1,"turns":4},{"damage":1,"enemies":"Jaw Worm","floor":4,"turns":4},{"damage":0,"enemies":"Cultist","floor":5,"turns":3},{"damage":10,"enemies":"3 Sentries","floor":10,"turns":8},{"damage":4,"enemies":"Looter","floor":12,"turns":3},{"damage":19,"enemies":"Lagavulin","floor":13,"turns":10},{"damage":29,"enemies":"Hexaghost","floor":16,"turns":12}],"seed_played":"5631904940605064208","potions_obtained":[{"floor":5,"key":"SkillPotion"},{"floor":7,"key":"Block Potion"},{"floor":10,"key":"Strength Potion"},{"floor":13,"key":"GamblersBrew"}],"is_trial":false,"path_per_floor":["M","?","?","M","M","R","?","R","T","E","R","M","E","$","R","B"],"character_chosen":"THE_SILENT","items_purchased":["Molten Egg 2"],"campfire_rested":1,"item_purchase_floors":[14],"current_hp_per_floor":[59,43,43,42,42,42,42,42,42,32,51,47,28,28,28,0],"gold":8,"neow_bonus":"UPGRADE_CARD","is_prod":false,"is_daily":false,"chose_seed":false,"campfire_upgraded":3,"win_rate":0,"timestamp":1561295175,"path_taken":["M","?","?","M","?","R","?","R","T","E","R","M","E","?","R","BOSS"],"build_version":"2019-01-23","purchased_purges":1,"victory":false,"max_hp_per_floor":[66,66,66,66,66,66,66,66,66,66,66,66,66,66,66,66],"card_choices":[{"not_picked":["Poisoned Stab","Setup"],"picked":"Quick Slash","floor":1},{"not_picked":["Deflect","Dagger Throw"],"picked":"Riddle With Holes","floor":4},{"not_picked":["Dagger Spray","Outmaneuver","Reflex"],"picked":"SKIP","floor":5},{"not_picked":["Riddle With Holes","Calculated Gamble","Accuracy"],"picked":"SKIP","floor":10},{"not_picked":["Flying Knee","Dodge and Roll"],"picked":"Leg Sweep","floor":12},{"not_picked":["Dodge and Roll","Crippling Poison"],"picked":"Backflip","floor":13}],"player_experience":1149711,"relics_obtained":[{"floor":9,"key":"Unceasing Top"},{"floor":10,"key":"Turnip"},{"floor":13,"key":"Oddly Smooth Stone"}],"event_choices":[{"damage_healed":0,"gold_gain":0,"player_choice":"Take Damage","damage_taken":16,"relics_obtained":["Golden Idol"],"max_hp_gain":0,"max_hp_loss":0,"event_name":"Golden Idol","floor":2,"gold_loss":0},{"damage_healed":0,"gold_gain":100,"player_choice":"Gold","damage_taken":0,"max_hp_gain":0,"max_hp_loss":0,"event_name":"Wheel of Change","floor":3,"gold_loss":0},{"damage_healed":0,"gold_gain":0,"player_choice":"Bought 1 Potion","damage_taken":0,"max_hp_gain":0,"max_hp_loss":0,"event_name":"The Woman in Blue","floor":7,"gold_loss":0}],"is_beta":false,"boss_relics":[],"items_purged_floors":[14],"is_endless":false,"potions_floor_spawned":[5,10,13],"killed_by":"Hexaghost","ascension_level":14}