{"gold_per_floor":[215,290,309,325,336,336,371,371,371,371,390,122,134,149,149,244,244,264,250,262,162,162,194,194,194],"floor_reached":25,"playtime":2294,"items_purged":["Strike_R","Doubt"],"score":236,"play_id":"edebc9df-1f76-4b41-a9a9-b56e457deb76","local_time":"20190604205239","is_ascension_mode":true,"campfire_choices":[{"data":"Dual Wield","floor":6,"key":"SMITH"},{"data":"Inflame","floor":8,"key":"SMITH"},{"data":"Bash","floor":10,"key":"SMITH"},{"data":"True Grit","floor":15,"key":"SMITH"}],"neow_cost":"NONE","seed_source_timestamp":331492930708724,"circlet_count":0,"master_deck":["Strike_R","Strike_R","Strike_R","Defend_R","Defend_R","Defend_R","Defend_R","Bash+1","Dual Wield+1","Inflame+1","Infernal Blade","True Grit+1","Exhume","Shame","Shame","Body Slam+1","Feel No Pain","Intimidate+1"],"relics":["Burning Blood","Self Forming Clay","Magic Flower","Lee\u0027s Waffle","Calling Bell","Bag of Preparation","Toxic Egg 2","Torii","WingedGreaves"],"potions_floor_usage":[5,14,23],"damage_taken":[{"damage":0,"enemies":"Small Slimes","floor":1,"turns":3},{"damage":1,"enemies":"Cultist","floor":3,"turns":3},{"damage":2,"enemies":"2 Louse","floor":4,"turns":5},{"damage":12,"enemies":"Red Slaver","floor":5,"turns":5},{"damage":47,"enemies":"3 Sentries","floor":7,"turns":8},{"damage":14,"enemies":"3 Louse","floor":11,"turns":4},{"damage":5,"enemies":"Looter","floor":13,"turns":2},{"damage":9,"enemies":"Gremlin Gang","floor":14,"turns":5},{"damage":70,"enemies":"The Guardian","floor":16,"turns":14},{"damage":28,"enemies":"Chosen","floor":18,"turns":5},{"damage":12,"enemies":"2 Thieves","floor":19,"turns":5},{"damage":21,"enemies":"Cultist and Chosen","floor":20,"turns":5},{"damage":58,"enemies":"Gremlin Leader","floor":23,"turns":10},{"damage":28,"enemies":"Centurion and Healer","floor":25,"turns":8}],"seed_played":"84348156320469770","potions_obtained":[{"floor":4,"key":"Block Potion"},{"floor":11,"key":"FairyPotion"},{"floor":13,"key":"Fire Potion"},{"floor":20,"key":"EssenceOfSteel"},{"floor":23,"key":"Fire Potion"}],"is_trial":false,"path_per_floor":["M","?","M","M","M","R","E","R","T","R","M","$","M","M","R","B",null,"M","M","M","$","?","E","?","M"],"character_chosen":"IRONCLAD","items_purchased":["Lee\u0027s Waffle"],"campfire_rested":0,"item_purchase_floors":[12],"current_hp_per_floor":[80,72,77,80,74,74,33,33,33,33,28,87,87,87,87,26,87,68,65,53,53,53,21,21,0],"gold":194,"neow_bonus":"HUNDRED_GOLD","is_prod":false,"is_daily":false,"chose_seed":false,"campfire_upgraded":4,"win_rate":0,"timestamp":1559699559,"path_taken":["M","?","M","M","M","R","E","R","T","R","M","$","M","M","R","BOSS","M","?","M","?","?","E","?","?"],"build_version":"2019-01-23","purchased_purges":2,"victory":false,"max_hp_per_floor":[80,80,80,80,80,80,80,80,80,80,80,87,87,87,87,87,87,87,87,87,87,87,87,87,87],"card_choices":[{"not_picked":["Iron Wave","Cleave"],"picked":"Dual Wield","floor":1},{"not_picked":["Uppercut","Battle Trance"],"picked":"Inflame","floor":3},{"not_picked":["Dropkick","Shrug It Off","Sword Boomerang"],"picked":"SKIP","floor":4},{"not_picked":["Spot Weakness","Sword Boomerang"],"picked":"Infernal Blade","floor":5},{"not_picked":["Sever Soul","Anger","Bloodletting"],"picked":"SKIP","floor":7},{"not_picked":["Sword Boomerang","Perfected Strike","Burning Pact"],"picked":"SKIP","floor":11},{"not_picked":["Pummel","Evolve"],"picked":"True Grit","floor":13},{"not_picked":["Evolve","Perfected Strike","Thunderclap"],"picked":"SKIP","floor":14},{"not_picked":["Feed","Bludgeon"],"picked":"Exhume","floor":16},{"not_picked":["Flex+1","Anger","Searing Blow+1"],"picked":"SKIP","floor":18},{"not_picked":["Clothesline","Inflame"],"picked":"Body Slam+1","floor":19},{"not_picked":["Heavy Blade","Seeing Red+1"],"picked":"Feel No Pain","floor":20},{"not_picked":["Iron Wave","Rupture","Clash"],"picked":"SKIP","floor":23}],"player_experience":85239,"relics_obtained":[{"floor":7,"key":"Self Forming Clay"},{"floor":9,"key":"Magic Flower"},{"floor":17,"key":"Bag of Preparation"},{"floor":17,"key":"Toxic Egg 2"},{"floor":17,"key":"Torii"},{"floor":23,"key":"WingedGreaves"}],"event_choices":[{"damage_healed":0,"gold_gain":75,"player_choice":"Touch","damage_taken":8,"max_hp_gain":0,"max_hp_loss":0,"event_name":"FaceTrader","floor":2,"gold_loss":0},{"damage_healed":0,"gold_gain":0,"player_choice":"Ignored","damage_taken":0,"max_hp_gain":0,"max_hp_loss":0,"event_name":"Vampires","floor":22,"gold_loss":0},{"damage_healed":0,"gold_gain":0,"cards_transformed":["Strike_R"],"player_choice":"Transformed","damage_taken":0,"max_hp_gain":0,"max_hp_loss":0,"event_name":"Transmorgrifier","floor":24,"gold_loss":0,"cards_obtained":["Intimidate"]}],"is_beta":false,"boss_relics":[{"not_picked":["Eternal Feather","Fusion Hammer"],"picked":"Calling Bell"}],"items_purged_floors":[12,21],"is_endless":false,"potions_floor_spawned":[4,11,13,20,23],"killed_by":"Centurion and Healer","ascension_level":1}