{"gold_per_floor":[19,29,46,58,58,58,84,96,96,96,108,137,152,77,77,149,149,159,109,128,128,128],"floor_reached":22,"playtime":1179,"items_purged":[],"score":366,"play_id":"7a7ac0ea-7396-46a6-bd75-8c55907a018e","local_time":"20190625140546","is_ascension_mode":true,"campfire_choices":[{"data":"Bouncing Flask","floor":6,"key":"SMITH"},{"data":"Backflip","floor":10,"key":"SMITH"},{"floor":15,"key":"REST"}],"neow_cost":"NO_GOLD","seed_source_timestamp":15943051652700,"circlet_count":0,"master_deck":["AscendersBane","Defend_G","Defend_G","Defend_G","Defend_G","Defend_G","Strike_G","Strike_G","Survivor","Neutralize","Bouncing Flask+1","Flying Knee","Dash+1","Backflip+1","Bane","Caltrops","Terror","Dagger Throw+1","Catalyst","Venomology","Shame","Decay","Clumsy","Crippling Poison","Dagger Spray"],"relics":["Ring of the Snake","Bag of Preparation","PreservedInsect","Vajra","Calling Bell","Pen Nib","Blue Candle","Ginger","Mummified Hand"],"potions_floor_usage":[8,11,16,18,20,22,22],"damage_taken":[{"damage":1,"enemies":"2 Louse","floor":1,"turns":5},{"damage":0,"enemies":"Cultist","floor":2,"turns":5},{"damage":0,"enemies":"Jaw Worm","floor":3,"turns":4},{"damage":7,"enemies":"Blue Slaver","floor":4,"turns":4},{"damage":17,"enemies":"Lagavulin","floor":7,"turns":6},{"damage":5,"enemies":"Gremlin Gang","floor":8,"turns":3},{"damage":6,"enemies":"Exordium Thugs","floor":11,"turns":7},{"damage":16,"enemies":"Gremlin Nob","floor":12,"turns":4},{"damage":1,"enemies":"Looter","floor":13,"turns":4},{"damage":24,"enemies":"The Guardian","floor":16,"turns":9},{"damage":27,"enemies":"Spheric Guardian","floor":18,"turns":7},{"damage":6,"enemies":"Chosen","floor":20,"turns":5},{"damage":23,"enemies":"Colosseum Slavers","floor":22,"turns":3}],"seed_played":"155793122665643069","potions_obtained":[{"floor":1,"key":"Explosive Potion"},{"floor":3,"key":"Energy Potion"},{"floor":13,"key":"PowerPotion"},{"floor":20,"key":"Swift Potion"}],"is_trial":false,"path_per_floor":["M","M","M","M","?","R","E","M","T","R","M","E","M","?","R","B",null,"M","?","M","T","?"],"character_chosen":"THE_SILENT","items_purchased":[],"campfire_rested":1,"item_purchase_floors":[],"current_hp_per_floor":[58,58,58,51,66,66,49,44,44,44,38,22,21,21,40,16,54,27,27,21,21,0],"gold":128,"neow_bonus":"REMOVE_TWO","is_prod":false,"is_daily":false,"chose_seed":false,"campfire_upgraded":2,"win_rate":0,"timestamp":1561485946,"path_taken":["M","M","M","M","?","R","E","M","T","R","M","E","?","?","R","BOSS","M","?","?","?","?"],"build_version":"2019-01-23","purchased_purges":0,"victory":false,"max_hp_per_floor":[66,66,66,66,66,66,66,66,66,66,66,66,66,66,66,66,66,66,66,66,66,66],"card_choices":[{"not_picked":["Bane","Deflect"],"picked":"Bouncing Flask","floor":1},{"not_picked":["All Out Attack","Underhanded Strike"],"picked":"Flying Knee","floor":2},{"not_picked":["Outmaneuver","Acrobatics"],"picked":"Dash","floor":3},{"not_picked":["Dagger Spray","Concentrate"],"picked":"Backflip","floor":4},{"not_picked":["Poisoned Stab","Outmaneuver"],"picked":"Bane","floor":7},{"not_picked":["Finisher","Bouncing Flask"],"picked":"Caltrops","floor":8},{"not_picked":["Underhanded Strike","Slice"],"picked":"Terror","floor":11},{"not_picked":["Predator","Accuracy"],"picked":"Dagger Throw","floor":12},{"not_picked":["Prepared","Unload"],"picked":"Catalyst","floor":13},{"not_picked":["Grand Finale","Tools of the Trade"],"picked":"Venomology","floor":16},{"not_picked":["Cloak And Dagger","Slice"],"picked":"Crippling Poison","floor":18},{"not_picked":["Expertise","Poisoned Stab"],"picked":"Dagger Spray","floor":20}],"player_experience":1407293,"relics_obtained":[{"floor":7,"key":"Bag of Preparation"},{"floor":9,"key":"PreservedInsect"},{"floor":12,"key":"Vajra"},{"floor":17,"key":"Pen Nib"},{"floor":17,"key":"Blue Candle"},{"floor":17,"key":"Ginger"},{"floor":21,"key":"Mummified Hand"}],"event_choices":[{"damage_healed":15,"gold_gain":0,"player_choice":"Full Heal","damage_taken":0,"max_hp_gain":0,"max_hp_loss":0,"event_name":"Wheel of Change","floor":5,"gold_loss":0},{"cards_removed":["Strike_G"],"damage_healed":0,"gold_gain":0,"player_choice":"Card Removal","damage_taken":0,"max_hp_gain":0,"max_hp_loss":0,"event_name":"The Cleric","floor":14,"gold_loss":75},{"damage_healed":0,"gold_gain":0,"player_choice":"Upgraded Two","damage_taken":0,"max_hp_gain":0,"max_hp_loss":0,"event_name":"Designer","floor":19,"gold_loss":50,"cards_upgraded":["Dagger Throw","Dash"]},{"damage_healed":0,"gold_gain":0,"player_choice":"Fight","damage_taken":0,"max_hp_gain":0,"max_hp_loss":0,"event_name":"Colosseum","floor":22,"gold_loss":0}],"is_beta":false,"boss_relics":[{"not_picked":["Coffee Dripper","Runic Dome"],"picked":"Calling Bell"}],"items_purged_floors":[],"is_endless":false,"potions_floor_spawned":[1,3,7,13,20],"killed_by":"Colosseum Slavers","ascension_level":17}