{"gold_per_floor":[126,152,180,207,271,310,322,359,371,403,429,441,453],"floor_reached":13,"playtime":1244,"items_purged":[],"score":136,"play_id":"09864ca3-1baf-45e8-b33b-c5cc543527cb","local_time":"20190623124054","is_ascension_mode":true,"campfire_choices":[{"floor":7,"key":"REST"},{"floor":12,"key":"REST"}],"neow_cost":"NONE","seed_source_timestamp":138703788846105,"circlet_count":0,"master_deck":["Defend_G","Defend_G","Defend_G","Defend_G","Defend_G","Strike_G","Strike_G","Strike_G","Strike_G","Strike_G","Survivor","Neutralize","Dagger Throw","PiercingWail","Sucker Punch","Backflip","All Out Attack","Doppelganger","Backstab"],"relics":["Ring of the Snake","MawBank","Centennial Puzzle","Juzu Bracelet","Ancient Tea Set","Singing Bowl"],"potions_floor_usage":[4,6,11,13],"damage_taken":[{"damage":1,"enemies":"Cultist","floor":1,"turns":3},{"damage":3,"enemies":"2 Louse","floor":2,"turns":4},{"damage":2,"enemies":"Jaw Worm","floor":3,"turns":5},{"damage":16,"enemies":"Exordium Thugs","floor":4,"turns":10},{"damage":20,"enemies":"Gremlin Nob","floor":6,"turns":4},{"damage":14,"enemies":"3 Sentries","floor":8,"turns":8},{"damage":1,"enemies":"Lots of Slimes","floor":10,"turns":3},{"damage":14,"enemies":"Large Slime","floor":11,"turns":6},{"damage":42,"enemies":"Lagavulin","floor":13,"turns":8}],"seed_played":"6426597634674991836","potions_obtained":[{"floor":3,"key":"EssenceOfSteel"},{"floor":4,"key":"FearPotion"},{"floor":8,"key":"SteroidPotion"},{"floor":10,"key":"PowerPotion"}],"is_trial":false,"path_per_floor":["M","M","M","M","T","E","R","E","T","M","M","R","E"],"character_chosen":"THE_SILENT","items_purchased":[],"campfire_rested":2,"item_purchase_floors":[],"current_hp_per_floor":[62,59,57,41,41,21,42,28,28,29,15,36,0],"gold":453,"neow_bonus":"RANDOM_COMMON_RELIC","is_prod":false,"is_daily":false,"chose_seed":false,"campfire_upgraded":0,"win_rate":0,"timestamp":1561308054,"path_taken":["M","M","M","M","?","E","R","E","T","M","M","R","E"],"build_version":"2019-01-23","purchased_purges":0,"victory":false,"max_hp_per_floor":[70,70,70,70,70,70,70,70,70,72,72,72,72],"card_choices":[{"not_picked":["Quick Slash","Dodge and Roll"],"picked":"Dagger Throw","floor":1},{"not_picked":["Bane","Terror"],"picked":"PiercingWail","floor":2},{"not_picked":["Blade Dance","Bane"],"picked":"Sucker Punch","floor":3},{"not_picked":["Envenom","Dagger Throw"],"picked":"Backflip","floor":4},{"not_picked":["Dagger Spray","Dodge and Roll"],"picked":"All Out Attack","floor":6},{"not_picked":["Riddle With Holes","Outmaneuver"],"picked":"Doppelganger","floor":8},{"not_picked":["Dagger Throw","Cloak And Dagger","Slice"],"picked":"Singing Bowl","floor":10},{"not_picked":["Terror","Blade Dance"],"picked":"Backstab","floor":11}],"player_experience":616155,"relics_obtained":[{"floor":5,"key":"Centennial Puzzle"},{"floor":6,"key":"Juzu Bracelet"},{"floor":8,"key":"Ancient Tea Set"},{"floor":9,"key":"Singing Bowl"}],"event_choices":[],"is_beta":false,"boss_relics":[],"items_purged_floors":[],"is_endless":false,"potions_floor_spawned":[3,4,8,10],"killed_by":"Lagavulin","ascension_level":8}