{"gold_per_floor":[115,13,32,42,9,9,38,49,97,116,116,116,136,136,136,233,233,253,33,33,33,33,33,32,32,86,112,112,112],"floor_reached":29,"playtime":1680,"items_purged":["Strike_G"],"score":350,"play_id":"32363379-a884-416b-bad5-76a589159f63","local_time":"20190624163510","is_ascension_mode":true,"campfire_choices":[{"data":"All Out Attack","floor":6,"key":"SMITH"},{"floor":12,"key":"REST"},{"data":"Venomology","floor":15,"key":"SMITH"},{"data":"Catalyst","floor":23,"key":"SMITH"},{"floor":25,"key":"REST"},{"data":"Backflip","floor":28,"key":"SMITH"}],"neow_cost":"PERCENT_DAMAGE","seed_source_timestamp":238724301296848,"circlet_count":0,"master_deck":["AscendersBane","Defend_G","Defend_G","Defend_G","Defend_G","Defend_G","Survivor","Neutralize","Panacea","Panacea","Noxious Fumes","All Out Attack+1","Dagger Spray","Deadly Poison","Catalyst+1","Caltrops","Catalyst","Backflip+1","Venomology+1","Night Terror","All Out Attack+1","Prepared+1","Grand Finale+1","Caltrops+1","Catalyst","Footwork","Deflect"],"relics":["Ring of the Snake","Gremlin Horn","Orichalcum","Odd Mushroom","Astrolabe","Vajra","Happy Flower"],"potions_floor_usage":[7,7,13,16,18,24,24],"damage_taken":[{"damage":0,"enemies":"2 Louse","floor":1,"turns":4},{"damage":0,"enemies":"Small Slimes","floor":3,"turns":3},{"damage":1,"enemies":"Cultist","floor":4,"turns":4},{"damage":5,"enemies":"Gremlin Nob","floor":7,"turns":3},{"damage":25,"enemies":"Exordium Thugs","floor":8,"turns":4},{"damage":9,"enemies":"Blue Slaver","floor":10,"turns":4},{"damage":0,"enemies":"The Mushroom Lair","floor":13,"turns":1},{"damage":21,"enemies":"Hexaghost","floor":16,"turns":9},{"damage":12,"enemies":"Shell Parasite","floor":18,"turns":6},{"damage":16,"enemies":"2 Thieves","floor":24,"turns":4},{"damage":41,"enemies":"Sentry and Sphere","floor":29,"turns":5}],"seed_played":"-7962591026873787493","potions_obtained":[{"floor":3,"key":"SteroidPotion"},{"floor":4,"key":"FearPotion"},{"floor":10,"key":"SteroidPotion"},{"floor":16,"key":"GhostInAJar"}],"is_trial":false,"path_per_floor":["M","$","M","M","?","R","E","M","T","M","?","R","?","?","R","B",null,"M","$","?","$","?","R","M","R","T","T","R","M"],"character_chosen":"THE_SILENT","items_purchased":["All Out Attack","Dagger Spray","Catalyst","Footwork"],"campfire_rested":2,"item_purchase_floors":[2,2,19,19],"current_hp_per_floor":[45,45,45,44,44,44,39,14,14,5,5,26,26,26,26,5,54,42,42,29,29,29,29,13,35,35,35,35,0],"gold":112,"neow_bonus":"RANDOM_COLORLESS_2","is_prod":false,"is_daily":false,"chose_seed":false,"campfire_upgraded":4,"win_rate":0,"timestamp":1561408510,"path_taken":["M","$","M","M","?","R","E","M","T","M","?","R","?","?","R","BOSS","M","$","?","$","?","R","?","R","T","?","R","M"],"build_version":"2019-01-23","purchased_purges":1,"victory":false,"max_hp_per_floor":[70,70,70,70,70,70,70,70,70,70,70,70,70,70,70,70,70,70,70,75,75,75,75,75,75,75,75,75,75],"card_choices":[{"not_picked":["Terror","Eviscerate"],"picked":"Noxious Fumes","floor":1},{"not_picked":["Flying Knee","Blade Dance"],"picked":"Deadly Poison","floor":3},{"not_picked":["Caltrops","Dagger Throw"],"picked":"Catalyst","floor":4},{"not_picked":["Cloak And Dagger","Poisoned Stab"],"picked":"Caltrops","floor":7},{"not_picked":["Flying Knee","Calculated Gamble"],"picked":"Catalyst","floor":8},{"not_picked":["Escape Plan","Blade Dance"],"picked":"Backflip","floor":10},{"not_picked":["PiercingWail","Quick Slash"],"picked":"Venomology","floor":13},{"not_picked":["Doppelganger","A Thousand Cuts"],"picked":"Night Terror","floor":16},{"not_picked":["Expertise","Bane"],"picked":"Caltrops+1","floor":18},{"not_picked":["Acrobatics","Choke","Expertise"],"picked":"SKIP","floor":24}],"player_experience":654963,"relics_obtained":[{"floor":7,"key":"Gremlin Horn"},{"floor":9,"key":"Orichalcum"},{"floor":13,"key":"Odd Mushroom"},{"floor":26,"key":"Vajra"},{"floor":27,"key":"Happy Flower"}],"event_choices":[{"damage_healed":0,"gold_gain":0,"player_choice":"Left Gold","damage_taken":0,"max_hp_gain":0,"max_hp_loss":0,"event_name":"World of Goop","floor":5,"gold_loss":33},{"damage_healed":0,"gold_gain":0,"player_choice":"Ignored","damage_taken":0,"max_hp_gain":0,"max_hp_loss":0,"event_name":"Liars Game","floor":11,"gold_loss":0},{"damage_healed":0,"gold_gain":0,"player_choice":"Fought Mushrooms","damage_taken":0,"max_hp_gain":0,"max_hp_loss":0,"event_name":"Mushrooms","floor":13,"gold_loss":0},{"damage_healed":0,"gold_gain":0,"player_choice":"Fled","damage_taken":0,"max_hp_gain":0,"max_hp_loss":0,"event_name":"Scrap Ooze","floor":14,"gold_loss":0},{"damage_healed":0,"gold_gain":0,"player_choice":"Shed Blood","damage_taken":18,"max_hp_gain":5,"max_hp_loss":0,"event_name":"Forgotten Altar","floor":20,"gold_loss":0},{"damage_healed":0,"gold_gain":0,"cards_transformed":["Strike_G"],"player_choice":"Transformed","damage_taken":0,"max_hp_gain":0,"max_hp_loss":0,"event_name":"Transmorgrifier","floor":22,"gold_loss":0,"cards_obtained":["Deflect"]}],"is_beta":false,"boss_relics":[{"not_picked":["Empty Cage","White Beast Statue"],"picked":"Astrolabe"}],"items_purged_floors":[19],"is_endless":false,"potions_floor_spawned":[3,4,10,16],"killed_by":"Sentry and Sphere","ascension_level":12}