{"gold_per_floor":[111,124,143,143,154,154,180,25,51,51,85,85,85,99,99,194,194,211,211,228,228,35,35,70,70,70,83,96,96,74,106,106,205,205,224,224,244,244,244,244,276,276],"floor_reached":42,"playtime":2369,"items_purged":[],"score":566,"play_id":"f80724d0-b69a-469f-9804-0e69d5ae90e1","local_time":"20190626221332","is_ascension_mode":true,"campfire_choices":[{"data":"Whirlwind","floor":6,"key":"SMITH"},{"data":"Bash","floor":10,"key":"SMITH"},{"data":"Clash","floor":13,"key":"SMITH"},{"data":"Defend_R","floor":15,"key":"SMITH"},{"data":"Defend_R","floor":23,"key":"SMITH"},{"data":"Defend_R","floor":25,"key":"SMITH"},{"floor":29,"key":"REST"},{"floor":32,"key":"REST"},{"data":"Defend_R","floor":40,"key":"SMITH"}],"neow_cost":"NONE","seed_source_timestamp":333823036464133,"circlet_count":0,"master_deck":["Strike_R","Strike_R","Strike_R","Strike_R","Strike_R","Defend_R+1","Defend_R+1","Defend_R+1","Defend_R+1","Bash+1","Clash+1","Whirlwind+1","Clash","Pommel Strike","Reaper","Body Slam+1","J.A.X.","Armaments+1","Iron Wave","Thunderclap","Impervious+1","Battle Trance+1"],"relics":["Burning Blood","Regal Pillow","Strawberry","Juzu Bracelet","Centennial Puzzle","Blood Vial","Busted Crown","Frozen Eye","Anchor","Bottled Flame","Art of War","Runic Cube","Orichalcum"],"potions_floor_usage":[5,7,14,18,28,33,41],"damage_taken":[{"damage":0,"enemies":"2 Louse","floor":1,"turns":3},{"damage":0,"enemies":"Cultist","floor":2,"turns":2},{"damage":0,"enemies":"Jaw Worm","floor":3,"turns":3},{"damage":0,"enemies":"3 Louse","floor":5,"turns":1},{"damage":20,"enemies":"3 Sentries","floor":7,"turns":3},{"damage":20,"enemies":"Lagavulin","floor":11,"turns":5},{"damage":23,"enemies":"Exordium Thugs","floor":14,"turns":4},{"damage":5,"enemies":"Slime Boss","floor":16,"turns":7},{"damage":15,"enemies":"2 Thieves","floor":18,"turns":3},{"damage":12,"enemies":"Chosen","floor":20,"turns":3},{"damage":41,"enemies":"Book of Stabbing","floor":24,"turns":5},{"damage":9,"enemies":"Centurion and Healer","floor":27,"turns":3},{"damage":3,"enemies":"Cultist and Chosen","floor":28,"turns":4},{"damage":29,"enemies":"Slavers","floor":31,"turns":6},{"damage":82,"enemies":"Champ","floor":33,"turns":10},{"damage":16,"enemies":"3 Darklings","floor":35,"turns":5},{"damage":3,"enemies":"Orb Walker","floor":37,"turns":2},{"damage":88,"enemies":"Giant Head","floor":41,"turns":8},{"damage":48,"enemies":"Transient","floor":42,"turns":5}],"seed_played":"-7426429230327831553","potions_obtained":[{"floor":2,"key":"Poison Potion"},{"floor":3,"key":"Explosive Potion"},{"floor":7,"key":"LiquidBronze"},{"floor":11,"key":"Regen Potion"},{"floor":24,"key":"Swift Potion"},{"floor":31,"key":"LiquidBronze"},{"floor":37,"key":"PowerPotion"}],"is_trial":false,"path_per_floor":["M","M","M","$","M","R","E","$","T","R","E","?","R","M","R","B",null,"M","?","M","?","$","R","E","R","T","M","M","R","$","E","R","B",null,"M","?","M","?","?","R","E","M"],"character_chosen":"IRONCLAD","items_purchased":["Strawberry","Frozen Eye","Iron Wave"],"campfire_rested":2,"item_purchase_floors":[8,22,30],"current_hp_per_floor":[88,88,88,88,88,88,74,81,81,81,67,60,60,57,57,60,95,94,94,89,89,89,89,66,66,66,65,76,95,95,72,95,26,95,91,91,95,95,90,90,37,0],"gold":276,"neow_bonus":"TEN_PERCENT_HP_BONUS","is_prod":false,"is_daily":false,"chose_seed":false,"campfire_upgraded":7,"win_rate":0,"timestamp":1561612412,"path_taken":["M","M","M","$","M","R","E","$","T","R","E","?","R","M","R","BOSS","M","?","M","?","$","R","E","R","T","M","M","R","$","E","R","BOSS","M","?","M","?","?","R","E","M"],"build_version":"2019-01-23","purchased_purges":0,"victory":false,"max_hp_per_floor":[88,88,88,88,88,88,88,95,95,95,95,95,95,95,95,95,95,95,95,95,95,95,95,95,95,95,95,95,95,95,95,95,95,95,95,95,95,95,90,90,90,90],"card_choices":[{"not_picked":["Warcry","Blood for Blood"],"picked":"Clash","floor":1},{"not_picked":["Shrug It Off","Clothesline"],"picked":"Whirlwind","floor":2},{"not_picked":["Anger","Feel No Pain","Pummel"],"picked":"SKIP","floor":3},{"not_picked":["Power Through","Pommel Strike"],"picked":"Clash","floor":5},{"not_picked":["Armaments","Power Through","Body Slam"],"picked":"SKIP","floor":7},{"not_picked":["Heavy Blade","Juggernaut"],"picked":"Pommel Strike","floor":11},{"not_picked":["Shrug It Off","Combust","True Grit"],"picked":"SKIP","floor":14},{"not_picked":["Juggernaut","Exhume"],"picked":"Reaper","floor":16},{"not_picked":[],"picked":"Body Slam+1","floor":18},{"not_picked":[],"picked":"Armaments","floor":20},{"not_picked":["Evolve"],"picked":"SKIP","floor":24},{"not_picked":["Evolve"],"picked":"SKIP","floor":24},{"not_picked":["Ghostly Armor+1"],"picked":"SKIP","floor":27},{"not_picked":["Pommel Strike"],"picked":"SKIP","floor":28},{"not_picked":[],"picked":"Thunderclap","floor":31},{"not_picked":[],"picked":"Impervious","floor":33},{"not_picked":["Wild Strike"],"picked":"SKIP","floor":35},{"not_picked":["Flex+1"],"picked":"SKIP","floor":37},{"not_picked":[],"picked":"Battle Trance+1","floor":41}],"player_experience":496058,"relics_obtained":[{"floor":7,"key":"Regal Pillow"},{"floor":9,"key":"Juzu Bracelet"},{"floor":11,"key":"Centennial Puzzle"},{"floor":24,"key":"Anchor"},{"floor":26,"key":"Bottled Flame"},{"floor":31,"key":"Art of War"},{"floor":41,"key":"Orichalcum"}],"event_choices":[{"damage_healed":0,"gold_gain":0,"player_choice":"Success","damage_taken":7,"relics_obtained":["Blood Vial"],"max_hp_gain":0,"max_hp_loss":0,"event_name":"Scrap Ooze","floor":12,"gold_loss":0},{"damage_healed":0,"gold_gain":0,"player_choice":"Obtain J.A.X.","damage_taken":0,"max_hp_gain":0,"max_hp_loss":0,"event_name":"Drug Dealer","floor":19,"gold_loss":0,"cards_obtained":["J.A.X."]},{"damage_healed":0,"gold_gain":0,"player_choice":"Upgraded","damage_taken":0,"max_hp_gain":0,"max_hp_loss":0,"event_name":"Upgrade Shrine","floor":21,"gold_loss":0,"cards_upgraded":["Armaments"]},{"damage_healed":0,"gold_gain":0,"player_choice":"Ignored","damage_taken":0,"max_hp_gain":0,"max_hp_loss":0,"event_name":"Mysterious Sphere","floor":36,"gold_loss":0},{"damage_healed":0,"gold_gain":0,"player_choice":"Forge","damage_taken":0,"max_hp_gain":0,"max_hp_loss":0,"event_name":"Accursed Blacksmith","floor":38,"gold_loss":0,"cards_upgraded":["Impervious"]},{"damage_healed":0,"gold_gain":0,"player_choice":"Max HP","damage_taken":0,"max_hp_gain":0,"max_hp_loss":5,"event_name":"Winding Halls","floor":39,"gold_loss":0}],"is_beta":false,"boss_relics":[{"not_picked":["Empty Cage","Tiny House"],"picked":"Busted Crown"},{"not_picked":["Eternal Feather","Pandora\u0027s Box"],"picked":"Runic Cube"}],"items_purged_floors":[],"is_endless":false,"potions_floor_spawned":[2,3,7,11,24,31,37],"killed_by":"Transient","ascension_level":4}