{"gold_per_floor":[214,214,214,228,64,98,98,123,201,376,450,462,462,524,524,629,629,643,663,683,699,714,745,745,695,764,764,478,490,205,205,205,306,306,325,325,146,156,156,156,173,173,173,173,185,60,72,39,39,39],"floor_reached":51,"playtime":2688,"items_purged":["Decay","Doubt","Pain"],"score":823,"play_id":"823cbaff-89a9-4cd1-ab87-e40045ddb868","local_time":"20190323052434","is_ascension_mode":false,"campfire_choices":[{"data":"Noxious Fumes","floor":7,"key":"SMITH"},{"data":"Neutralize","floor":13,"key":"SMITH"},{"data":"Bouncing Flask","floor":15,"key":"SMITH"},{"data":"Catalyst","floor":24,"key":"SMITH"},{"data":"Die Die Die","floor":27,"key":"SMITH"},{"data":"Ghostly","floor":32,"key":"SMITH"},{"data":"Apotheosis","floor":40,"key":"SMITH"},{"data":"Well Laid Plans","floor":42,"key":"SMITH"},{"floor":49,"key":"REST"}],"neow_cost":"NONE","seed_source_timestamp":472643761911551,"circlet_count":0,"master_deck":["Defend_G+1","Defend_G","Defend_G","Defend_G","Defend_G","Strike_G","Strike_G","Strike_G","Strike_G","Strike_G+1","Survivor","Neutralize+1","Dagger Spray","Noxious Fumes+1","Die Die Die","Sucker Punch","Riddle With Holes","Bouncing Flask+1","After Image","Blur+1","Catalyst+1","Cloak And Dagger","Backflip+1","PiercingWail+1","Outmaneuver","Well Laid Plans+1","Crippling Poison","Poisoned Stab","Catalyst","Ghostly","Ghostly+1","Ghostly","Ghostly","Ghostly","Night Terror","Deadly Poison+1","Apotheosis+1","Deadly Poison+1","PiercingWail+1","Dark Shackles","PiercingWail+1","Dodge and Roll","Caltrops"],"relics":["Ring of the Snake","Lantern","Question Card","Meat on the Bone","Blood Vial","Cursed Key","Happy Flower","Gremlin Horn","PreservedInsect","Velvet Choker","Ornamental Fan"],"potions_floor_usage":[50,50,50],"damage_taken":[{"damage":2,"enemies":"Cultist","floor":1,"turns":6},{"damage":2,"enemies":"Jaw Worm","floor":4,"turns":6},{"damage":11,"enemies":"3 Sentries","floor":6,"turns":4},{"damage":25,"enemies":"Gremlin Nob","floor":8,"turns":4},{"damage":0,"enemies":"2 Louse","floor":12,"turns":1},{"damage":5,"enemies":"3 Sentries","floor":14,"turns":3},{"damage":22,"enemies":"Hexaghost","floor":16,"turns":8},{"damage":13,"enemies":"2 Thieves","floor":18,"turns":3},{"damage":10,"enemies":"Spheric Guardian","floor":19,"turns":4},{"damage":7,"enemies":"Snake Plant","floor":20,"turns":5},{"damage":4,"enemies":"Centurion and Healer","floor":21,"turns":7},{"damage":5,"enemies":"Cultist and Chosen","floor":22,"turns":6},{"damage":12,"enemies":"Slavers","floor":23,"turns":6},{"damage":3,"enemies":"Snecko","floor":29,"turns":5},{"damage":0,"enemies":"Champ","floor":33,"turns":9},{"damage":2,"enemies":"Orb Walker","floor":35,"turns":5},{"damage":10,"enemies":"3 Shapes","floor":38,"turns":4},{"damage":0,"enemies":"Spire Growth","floor":41,"turns":4},{"damage":5,"enemies":"Sphere and 2 Shapes","floor":45,"turns":5},{"damage":8,"enemies":"3 Darklings","floor":47,"turns":4},{"damage":7,"enemies":"Awakened One","floor":50,"turns":9}],"seed_played":"6651974494062386286","potions_obtained":[{"floor":1,"key":"GhostInAJar"},{"floor":12,"key":"Dexterity Potion"},{"floor":14,"key":"Swift Potion"},{"floor":18,"key":"PowerPotion"},{"floor":19,"key":"Regen Potion"}],"is_trial":false,"path_per_floor":["M","$","?","M","$","E","R","E","T","?","?","M","R","?","R","B",null,"M","M","M","M","M","E","R","?","T","R","$","M","$","?","R","B",null,"M","?","$","M","?","R","M","R","T","?","M","$","M","$","R","B",null],"character_chosen":"THE_SILENT","items_purchased":["Die Die Die","Well Laid Plans","Crippling Poison","Poisoned Stab","Catalyst","PreservedInsect","Apotheosis","Caltrops"],"campfire_rested":1,"item_purchase_floors":[5,28,28,28,30,30,37,48],"current_hp_per_floor":[68,68,54,52,52,41,41,16,16,16,16,28,28,35,35,27,70,57,49,44,42,39,41,41,41,41,41,41,40,40,35,35,35,35,33,33,33,25,25,25,27,27,27,27,24,24,18,18,27,33],"gold":39,"neow_bonus":"HUNDRED_GOLD","is_prod":false,"is_daily":false,"chose_seed":false,"campfire_upgraded":8,"win_rate":0.0,"timestamp":1553333074,"path_taken":["M","$","?","M","$","E","R","E","T","?","?","M","R","?","R","BOSS","M","M","M","M","M","E","R","?","T","R","$","?","$","?","R","BOSS","M","?","$","M","?","R","M","R","T","?","M","$","M","$","R","BOSS"],"build_version":"2019-01-23","purchased_purges":3,"victory":true,"max_hp_per_floor":[70,70,70,70,70,70,70,70,70,70,70,70,70,70,70,70,70,70,70,70,70,70,70,70,70,70,70,70,70,70,35,35,35,35,35,35,35,35,33,33,33,33,33,33,33,33,33,33,33,33],"card_choices":[{"not_picked":["Flying Knee","Sucker Punch"],"picked":"Dagger Spray","floor":1},{"not_picked":["Dagger Throw","Terror"],"picked":"Noxious Fumes","floor":4},{"not_picked":["Infinite Blades","Masterful Stab"],"picked":"Sucker Punch","floor":6},{"not_picked":["All Out Attack","Bane"],"picked":"Die Die Die","floor":8},{"not_picked":["Prepared","Blade Dance","Sucker Punch"],"picked":"Riddle With Holes","floor":12},{"not_picked":["All Out Attack","Quick Slash","Flying Knee"],"picked":"Bouncing Flask","floor":14},{"not_picked":["Glass Knife","Die Die Die","Doppelganger"],"picked":"After Image","floor":16},{"not_picked":["Caltrops","Predator","Slice+1"],"picked":"Blur+1","floor":18},{"not_picked":["Deflect","Finisher","Outmaneuver"],"picked":"Catalyst","floor":19},{"not_picked":["Dagger Spray","Quick Slash","Slice"],"picked":"Cloak And Dagger","floor":20},{"not_picked":["Acrobatics","Infinite Blades","Bane"],"picked":"Backflip+1","floor":21},{"not_picked":["Masterful Stab","Choke+1","Outmaneuver"],"picked":"PiercingWail+1","floor":22},{"not_picked":["Riddle With Holes","A Thousand Cuts","Finisher+1"],"picked":"Outmaneuver","floor":23},{"not_picked":["Quick Slash+1","Prepared","Masterful Stab","Dagger Spray+1"],"picked":"SKIP","floor":29},{"not_picked":["Doppelganger","A Thousand Cuts","Phantasmal Killer"],"picked":"Night Terror","floor":33},{"not_picked":["Dodge and Roll+1","Accuracy+1","Finisher+1"],"picked":"Deadly Poison+1","floor":35},{"not_picked":["Accuracy+1","Skewer+1","Flying Knee"],"picked":"Deadly Poison+1","floor":38},{"not_picked":["Outmaneuver+1","Heel Hook+1","Dagger Throw"],"picked":"PiercingWail+1","floor":41},{"not_picked":["Thinking Ahead","Panacea","The Bomb"],"picked":"Dark Shackles","floor":44},{"not_picked":["Accuracy","Quick Slash+1","Outmaneuver+1"],"picked":"PiercingWail+1","floor":45},{"not_picked":["Sucker Punch+1","Quick Slash","Prepared+1"],"picked":"Dodge and Roll","floor":47}],"player_experience":54812,"relics_obtained":[{"floor":6,"key":"Lantern"},{"floor":8,"key":"Question Card"},{"floor":9,"key":"Meat on the Bone"},{"floor":14,"key":"Blood Vial"},{"floor":23,"key":"Happy Flower"},{"floor":26,"key":"Gremlin Horn"},{"floor":43,"key":"Ornamental Fan"}],"event_choices":[{"damage_healed":0,"gold_gain":0,"player_choice":"Entered Light","damage_taken":14,"max_hp_gain":0,"max_hp_loss":0,"event_name":"Shining Light","floor":3,"gold_loss":0,"cards_upgraded":["Strike_G","Defend_G"]},{"damage_healed":0,"gold_gain":175,"player_choice":"AGREE","damage_taken":0,"max_hp_gain":0,"max_hp_loss":0,"event_name":"Liars Game","floor":10,"gold_loss":0,"cards_obtained":["Doubt"]},{"damage_healed":0,"gold_gain":74,"player_choice":"Gained Gold","damage_taken":0,"max_hp_gain":0,"max_hp_loss":0,"event_name":"Golden Wing","floor":11,"gold_loss":0},{"damage_healed":0,"gold_gain":0,"player_choice":"Searched \u00272\u0027 times","damage_taken":0,"max_hp_gain":0,"max_hp_loss":0,"event_name":"Dead Adventurer","floor":14,"gold_loss":0},{"damage_healed":0,"gold_gain":0,"player_choice":"Bet on Murderer","damage_taken":0,"max_hp_gain":0,"max_hp_loss":0,"event_name":"The Joust","floor":25,"gold_loss":50},{"damage_healed":0,"gold_gain":0,"player_choice":"Became a Ghost","damage_taken":0,"max_hp_gain":0,"max_hp_loss":35,"event_name":"Ghosts","floor":31,"gold_loss":0,"cards_obtained":["Ghostly","Ghostly","Ghostly","Ghostly","Ghostly"]},{"cards_removed":["Die Die Die"],"damage_healed":0,"gold_gain":0,"player_choice":"Removed Attack","damage_taken":0,"max_hp_gain":0,"max_hp_loss":0,"event_name":"Falling","floor":36,"gold_loss":0},{"damage_healed":0,"gold_gain":0,"player_choice":"Max HP","damage_taken":0,"max_hp_gain":0,"max_hp_loss":2,"event_name":"Winding Halls","floor":39,"gold_loss":0},{"damage_healed":0,"gold_gain":0,"player_choice":"Memory 1","damage_taken":0,"max_hp_gain":0,"max_hp_loss":0,"event_name":"SensoryStone","floor":44,"gold_loss":0}],"is_beta":false,"boss_relics":[{"not_picked":["Runic Dome","Tiny House"],"picked":"Cursed Key"},{"not_picked":["Empty Cage","Runic Pyramid"],"picked":"Velvet Choker"}],"items_purged_floors":[28,30,46],"is_endless":false,"potions_floor_spawned":[1,12,14,18,19,22,33,38,41],"ascension_level":0}