{"gold_per_floor":[113,37,37,57,57,72,72,91,91,91,105,105,115,150,150,255,255,271,211,211,211,126,126],"floor_reached":23,"playtime":896,"items_purged":["Decay"],"score":208,"play_id":"3546c8f1-da04-4e9a-9781-2adc57fbd07d","local_time":"20190609131943","is_ascension_mode":true,"campfire_choices":[{"data":"Twin Strike","floor":7,"key":"SMITH"},{"data":"Demon Form","floor":10,"key":"SMITH"},{"floor":15,"key":"REST"}],"neow_cost":"TEN_PERCENT_HP_LOSS","seed_source_timestamp":245607927591572,"circlet_count":0,"master_deck":["Strike_R+1","Strike_R+1","Strike_R+1","Strike_R+1","Strike_R+1","Defend_R+1","Defend_R+1","Defend_R+1","Defend_R+1","Bash","Demon Form+1","True Grit","Twin Strike+1","Rampage","Cleave","Body Slam","Dark Embrace"],"relics":["Burning Blood","Letter Opener","FossilizedHelix","The Courier","Mark of Pain","Centennial Puzzle"],"potions_floor_usage":[13,14,18],"damage_taken":[{"damage":6,"enemies":"2 Louse","floor":1,"turns":4},{"damage":6,"enemies":"Cultist","floor":4,"turns":4},{"damage":0,"enemies":"Small Slimes","floor":6,"turns":3},{"damage":8,"enemies":"Exordium Wildlife","floor":8,"turns":4},{"damage":21,"enemies":"Large Slime","floor":11,"turns":6},{"damage":13,"enemies":"Gremlin Gang","floor":13,"turns":5},{"damage":33,"enemies":"Gremlin Nob","floor":14,"turns":5},{"damage":23,"enemies":"Slime Boss","floor":16,"turns":7},{"damage":40,"enemies":"3 Byrds","floor":18,"turns":6},{"damage":27,"enemies":"Gremlin Leader","floor":23,"turns":4}],"seed_played":"2326749536581854018","potions_obtained":[{"floor":6,"key":"SkillPotion"},{"floor":11,"key":"LiquidBronze"},{"floor":13,"key":"Ancient Potion"}],"is_trial":false,"path_per_floor":["M","$","?","M","$","M","R","M","T","R","M","?","M","E","R","B",null,"M","$","?","?","?","E"],"character_chosen":"IRONCLAD","items_purchased":["True Grit","Twin Strike"],"campfire_rested":1,"item_purchase_floors":[2,2],"current_hp_per_floor":[72,72,72,72,72,72,72,70,70,70,55,48,41,14,35,18,72,38,38,38,25,25,0],"gold":126,"neow_bonus":"THREE_RARE_CARDS","is_prod":false,"is_daily":false,"chose_seed":false,"campfire_upgraded":2,"win_rate":0,"timestamp":1560104383,"path_taken":["M","$","?","M","?","M","R","M","T","R","M","?","M","E","R","BOSS","M","$","?","?","?","E"],"build_version":"2019-01-23","purchased_purges":1,"victory":false,"max_hp_per_floor":[72,72,72,72,72,72,72,72,72,72,72,72,72,72,72,72,72,72,72,72,77,77,77],"card_choices":[{"not_picked":["Fiend Fire","Impervious"],"picked":"Demon Form","floor":0},{"not_picked":["Iron Wave","Pommel Strike","Body Slam"],"picked":"SKIP","floor":1},{"not_picked":["Sever Soul","Berserk"],"picked":"Rampage","floor":4},{"not_picked":["Pommel Strike","True Grit","Bloodletting"],"picked":"SKIP","floor":6},{"not_picked":["Corruption","Iron Wave"],"picked":"Cleave","floor":8},{"not_picked":["Cleave","Intimidate","Havoc"],"picked":"SKIP","floor":11},{"not_picked":["Anger","Searing Blow"],"picked":"Body Slam","floor":13},{"not_picked":["Corruption","Combust","Headbutt"],"picked":"SKIP","floor":14},{"not_picked":["Feed","Berserk"],"picked":"Dark Embrace","floor":16},{"not_picked":["Anger","Wild Strike","Dropkick"],"picked":"SKIP","floor":18}],"player_experience":142803,"relics_obtained":[{"floor":9,"key":"Letter Opener"},{"floor":14,"key":"The Courier"}],"event_choices":[{"damage_healed":0,"gold_gain":0,"player_choice":"Cursed","damage_taken":0,"max_hp_gain":0,"max_hp_loss":0,"event_name":"Wheel of Change","floor":3,"gold_loss":0,"cards_obtained":["Decay"]},{"damage_healed":0,"gold_gain":0,"player_choice":"Success","damage_taken":7,"relics_obtained":["FossilizedHelix"],"max_hp_gain":0,"max_hp_loss":0,"event_name":"Scrap Ooze","floor":12,"gold_loss":0},{"damage_healed":0,"gold_gain":0,"player_choice":"Simplicity","damage_taken":0,"max_hp_gain":0,"max_hp_loss":0,"event_name":"Back to Basics","floor":20,"gold_loss":0,"cards_upgraded":["Strike_R","Strike_R","Strike_R","Strike_R","Strike_R","Defend_R","Defend_R","Defend_R","Defend_R"]},{"damage_healed":0,"gold_gain":0,"player_choice":"Shed Blood","damage_taken":18,"max_hp_gain":5,"max_hp_loss":0,"event_name":"Forgotten Altar","floor":21,"gold_loss":0},{"damage_healed":0,"gold_gain":0,"player_choice":"Obtained Relic","damage_taken":0,"relics_obtained":["Centennial Puzzle"],"max_hp_gain":0,"max_hp_loss":0,"event_name":"Addict","floor":22,"gold_loss":85}],"is_beta":false,"boss_relics":[{"not_picked":["Velvet Choker","Runic Dome"],"picked":"Mark of Pain"}],"items_purged_floors":[19],"is_endless":false,"potions_floor_spawned":[6,11,13],"killed_by":"Gremlin Leader","ascension_level":2}