{"gold_per_floor":[117,29,29,29,40,40,108,108,108,108,126,142,152,32,32,128,128,148,48,58,58,74,104,124,124,147,163,163],"floor_reached":28,"playtime":3040,"items_purged":["Strike_B","Strike_B"],"score":294,"play_id":"c7260476-f070-48a3-a9d7-34d4b88b656f","local_time":"20190531065517","is_ascension_mode":true,"campfire_choices":[{"data":"Defragment","floor":6.0,"key":"SMITH"},{"data":"Loop","floor":8.0,"key":"SMITH"},{"data":"White Noise","floor":10.0,"key":"SMITH"},{"floor":15.0,"key":"REST"}],"neow_cost":"NONE","seed_source_timestamp":0,"circlet_count":0,"master_deck":["Strike_B","Strike_B","Defend_B","Defend_B","Defend_B","Defend_B","Zap+1","Dualcast+1","Loop+1","Defragment+1","Cold Snap","White Noise+1","Defragment+1","Capacitor","Conserve Battery","Hologram+1","Electrodynamics","Turbo+1"],"special_seed":0,"relics":["Cracked Core","Strawberry","Pen Nib","Matryoshka","Regal Pillow","Black Star","Lantern","Bottled Tornado","Potion Belt","Bag of Marbles"],"potions_floor_usage":[],"damage_taken":[{"damage":1.0,"enemies":"2 Louse","floor":1.0,"turns":2.0},{"damage":0.0,"enemies":"Small Slimes","floor":5.0,"turns":4.0},{"damage":4.0,"enemies":"Jaw Worm","floor":11.0,"turns":3.0},{"damage":5.0,"enemies":"Looter","floor":12.0,"turns":2.0},{"damage":7.0,"enemies":"Lots of Slimes","floor":13.0,"turns":4.0},{"damage":0.0,"enemies":"The Guardian","floor":16.0,"turns":8.0},{"damage":12.0,"enemies":"Spheric Guardian","floor":18.0,"turns":4.0},{"damage":0.0,"enemies":"3 Byrds","floor":20.0,"turns":4.0},{"damage":13,"enemies":"Centurion and Healer","floor":22,"turns":9},{"damage":34,"enemies":"Gremlin Leader","floor":23,"turns":8},{"damage":0,"enemies":"Snecko","floor":24,"turns":5},{"damage":10,"enemies":"Cultist and Chosen","floor":27,"turns":5},{"damage":18,"enemies":"Snake Plant","floor":28,"turns":2}],"seed_played":"8474324664038709881","potions_obtained":[{"floor":1.0,"key":"Strength Potion"},{"floor":5.0,"key":"Regen Potion"},{"floor":13.0,"key":"Explosive Potion"},{"floor":18.0,"key":"GamblersBrew"},{"floor":20,"key":"SpeedPotion"}],"is_trial":false,"path_per_floor":["M","$","?","?","M","R","T","R","T","R","M","M","M","$","R","B",null,"M","$","M","?","M","E","M","?","T","M","M"],"character_chosen":"DEFECT","items_purchased":["Defragment","Cold Snap","Conserve Battery"],"campfire_rested":1,"item_purchase_floors":[2,2,14],"current_hp_per_floor":[81,81,65,58,58,58,58,58,58,58,54,49,54,54,82,82,82,70,70,70,70,57,23,23,23,23,13,0],"gold":163,"neow_bonus":"RANDOM_COMMON_RELIC","is_prod":false,"is_daily":false,"chose_seed":false,"campfire_upgraded":3,"win_rate":0,"timestamp":1559303717,"path_taken":["M","$","?","?","M","R","?","R","T","R","M","M","M","$","R","BOSS","M","$","M","?","?","E","M","?","T","?","M"],"build_version":"2019-01-23","purchased_purges":2,"victory":false,"max_hp_per_floor":[82,82,82,82,82,82,82,82,82,82,82,82,82,82,82,82,82,82,82,82,82,82,82,82,82,82,82,82],"card_choices":[{"not_picked":["Storm","Redo"],"picked":"Loop","floor":1.0},{"not_picked":["Compile Driver","Redo"],"picked":"White Noise","floor":5.0},{"not_picked":["Steam Power","Darkness"],"picked":"Defragment","floor":11.0},{"not_picked":["Steam","Force Field"],"picked":"Capacitor","floor":12.0},{"not_picked":["Beam Cell","Cold Snap","Undo"],"picked":"SKIP","floor":13.0},{"not_picked":["Beam Cell","Defragment"],"picked":"Hologram+1","floor":18.0},{"not_picked":["Streamline","Compile Driver","Ball Lightning"],"picked":"SKIP","floor":20},{"not_picked":["Leap","Force Field","Conserve Battery"],"picked":"SKIP","floor":22},{"not_picked":["Melter","Reprogram"],"picked":"Electrodynamics","floor":23},{"not_picked":["Undo","Recycle"],"picked":"Turbo+1","floor":24},{"not_picked":["Doom and Gloom+1","Hologram","Gash"],"picked":"SKIP","floor":27}],"player_experience":34173,"relics_obtained":[{"floor":7.0,"key":"Matryoshka"},{"floor":9.0,"key":"Regal Pillow"},{"floor":23,"key":"Lantern"},{"floor":23,"key":"Bottled Tornado"},{"floor":26,"key":"Potion Belt"},{"floor":26,"key":"Bag of Marbles"}],"event_choices":[{"damage_healed":0.0,"max_hp_gain":0.0,"max_hp_loss":0.0,"gold_gain":0.0,"event_name":"Shining Light","player_choice":"Entered Light","floor":3.0,"gold_loss":0.0,"damage_taken":16.0,"cards_upgraded":["Dualcast","Zap"]},{"damage_healed":0.0,"max_hp_gain":0.0,"max_hp_loss":0.0,"gold_gain":0.0,"event_name":"Scrap Ooze","player_choice":"Success","floor":4.0,"gold_loss":0.0,"damage_taken":7.0,"relics_obtained":["Pen Nib"]},{"damage_healed":0,"gold_gain":0,"player_choice":"Upgraded","damage_taken":0,"max_hp_gain":0,"max_hp_loss":0,"event_name":"Upgrade Shrine","floor":21,"gold_loss":0,"cards_upgraded":["Defragment"]},{"damage_healed":0,"gold_gain":0,"player_choice":"Bought 0 Potions","damage_taken":0,"max_hp_gain":0,"max_hp_loss":0,"event_name":"The Woman in Blue","floor":25,"gold_loss":0}],"is_beta":false,"boss_relics":[{"not_picked":["Fusion Hammer","Calling Bell"],"picked":"Black Star"}],"items_purged_floors":[14,19],"is_endless":false,"potions_floor_spawned":[1,5,13,18,20],"killed_by":"Snake Plant","ascension_level":1}