{"gold_per_floor":[18,18,30,40,40,40,69,87,112,112,173,173,173,173,173,270,270,285,300,300],"floor_reached":20,"playtime":988,"items_purged":[],"score":198,"play_id":"dbe9f401-12e9-48f3-a416-953e8f369c13","local_time":"20190603202751","is_ascension_mode":true,"campfire_choices":[{"data":"Genetic Algorithm","floor":6,"key":"SMITH"},{"floor":10,"key":"REST"},{"floor":13,"key":"REST"},{"data":"Zap","floor":15,"key":"SMITH"}],"neow_cost":"NO_GOLD","seed_source_timestamp":244909508638317,"circlet_count":0,"master_deck":["Strike_B","Strike_B","Defend_B","Defend_B+1","Defend_B+1","Defend_B","Zap+1","Dualcast","Genetic Algorithm+1","Doom and Gloom","Storm","White Noise","Coolheaded","Force Field+1","Chill"],"relics":["Cracked Core","Oddly Smooth Stone","Smiling Mask","Art of War","Busted Crown"],"potions_floor_usage":[7],"damage_taken":[{"damage":4,"enemies":"2 Louse","floor":1,"turns":2},{"damage":1,"enemies":"Jaw Worm","floor":3,"turns":4},{"damage":0,"enemies":"Cultist","floor":4,"turns":4},{"damage":35,"enemies":"3 Sentries","floor":7,"turns":7},{"damage":5,"enemies":"Red Slaver","floor":8,"turns":3},{"damage":21,"enemies":"Lagavulin Event","floor":11,"turns":7},{"damage":1,"enemies":"The Guardian","floor":16,"turns":12},{"damage":0,"enemies":"Chosen","floor":18,"turns":6},{"damage":2,"enemies":"3 Byrds","floor":19,"turns":6},{"damage":91,"enemies":"Cultist and Chosen","floor":20,"turns":6}],"seed_played":"7798340247921900252","potions_obtained":[{"floor":1,"key":"Ancient Potion"},{"floor":16,"key":"SpeedPotion"},{"floor":19,"key":"Explosive Potion"}],"is_trial":false,"path_per_floor":["M","?","M","M","$","R","E","M","T","R","?","?","R","T","R","B",null,"M","M","M"],"character_chosen":"DEFECT","items_purchased":[],"campfire_rested":2,"item_purchase_floors":[],"current_hp_per_floor":[71,56,55,55,55,55,20,15,15,37,16,16,38,38,38,37,75,75,73,0],"gold":300,"neow_bonus":"TRANSFORM_TWO_CARDS","is_prod":false,"is_daily":false,"chose_seed":false,"campfire_upgraded":2,"win_rate":0,"timestamp":1559611671,"path_taken":["M","?","M","M","$","R","E","M","T","R","?","?","R","?","R","BOSS","M","?","M"],"build_version":"2019-01-23","purchased_purges":0,"victory":false,"max_hp_per_floor":[75,75,75,75,75,75,75,75,75,75,75,75,75,75,75,75,75,75,75,75],"card_choices":[{"not_picked":["Rip and Tear","Beam Cell"],"picked":"Storm","floor":1},{"not_picked":["Rebound","Barrage","Undo"],"picked":"SKIP","floor":3},{"not_picked":["Ball Lightning","BootSequence"],"picked":"White Noise","floor":4},{"not_picked":["Conserve Battery","Sweeping Beam"],"picked":"Coolheaded","floor":7},{"not_picked":["Leap","Cold Snap"],"picked":"Force Field","floor":8},{"not_picked":["Steam","Go for the Eyes"],"picked":"Chill","floor":11},{"not_picked":["Aggregate+1"],"picked":"SKIP","floor":18},{"not_picked":["Leap"],"picked":"SKIP","floor":19}],"player_experience":71003,"relics_obtained":[{"floor":7,"key":"Oddly Smooth Stone"},{"floor":9,"key":"Smiling Mask"},{"floor":11,"key":"Art of War"}],"event_choices":[{"damage_healed":0,"gold_gain":0,"player_choice":"Entered Light","damage_taken":15,"max_hp_gain":0,"max_hp_loss":0,"event_name":"Shining Light","floor":2,"gold_loss":0,"cards_upgraded":["Defend_B","Defend_B"]},{"damage_healed":0,"gold_gain":30,"player_choice":"Searched \u00272\u0027 times","damage_taken":0,"max_hp_gain":0,"max_hp_loss":0,"event_name":"Dead Adventurer","floor":11,"gold_loss":0},{"damage_healed":0,"gold_gain":0,"player_choice":"Grow","damage_taken":0,"max_hp_gain":0,"max_hp_loss":0,"event_name":"Living Wall","floor":12,"gold_loss":0,"cards_upgraded":["Force Field"]}],"is_beta":false,"boss_relics":[{"not_picked":["Runic Pyramid","Velvet Choker"],"picked":"Busted Crown"}],"items_purged_floors":[],"is_endless":false,"potions_floor_spawned":[1,16,19],"killed_by":"Cultist and Chosen","ascension_level":3}