{"gold_per_floor":[212,212,212,231,22,22,39,54,54,87,101,134,146,178,190,280,292,317,346,374,386,398,436,448,12,12,12,37,37,48,65,65,139,139,150,150,1,101,119,119,151,1,1,19,32,42,42,52,52,52],"floor_reached":51,"playtime":9244,"items_purged":["Strike_G","Strike_G","Pain","Pain"],"score":1297,"play_id":"15f1208d-49ef-4652-b119-dda6bb35bced","local_time":"20190625124739","is_ascension_mode":true,"campfire_choices":[{"data":"Noxious Fumes","floor":6.0,"key":"SMITH"},{"floor":13.0,"key":"REST"},{"data":"Crippling Poison","floor":15.0,"key":"SMITH"},{"floor":27,"key":"REST"},{"floor":32,"key":"REST"},{"floor":40,"key":"REST"},{"floor":49,"key":"REST"}],"neow_cost":"NONE","seed_source_timestamp":0,"circlet_count":0,"master_deck":["AscendersBane","Defend_G","Defend_G","Defend_G","Defend_G+1","Strike_G","Survivor","Neutralize","Dagger Spray+1","Backflip","Noxious Fumes+1","Quick Slash","Well Laid Plans","Tools of the Trade","Dash","Bane","Crippling Poison+1","Die Die Die","Blur+1","Underhanded Strike","Corpse Explosion","Cloak And Dagger+1","RitualDagger","Footwork","Bandage Up","PiercingWail+1","Writhe","PiercingWail","Footwork","Venomology","Clumsy","Dagger Throw+1","Writhe","Prepared","Backflip","Sucker Punch","Noxious Fumes","Backflip+1","Sucker Punch","Backflip+1","Outmaneuver","Discovery","PiercingWail","Catalyst+1"],"special_seed":0,"relics":["Ring of the Snake","Darkstone Periapt","Bottled Lightning","MawBank","Fusion Hammer","Blood Vial","TwistedFunnel","Dodecahedron","Dream Catcher","Meat on the Bone","Calling Bell","War Paint","Gremlin Horn","Mango","Pocketwatch","Boot","Bottled Tornado"],"potions_floor_usage":[23,23,33,35,35,38,41,41,50,50,50,50],"damage_taken":[{"damage":1.0,"enemies":"Small Slimes","floor":1.0,"turns":4.0},{"damage":0.0,"enemies":"Cultist","floor":4.0,"turns":4.0},{"damage":2.0,"enemies":"Jaw Worm","floor":7.0,"turns":4.0},{"damage":5.0,"enemies":"2 Fungi Beasts","floor":8.0,"turns":4.0},{"damage":6.0,"enemies":"Lagavulin","floor":10.0,"turns":7.0},{"damage":11.0,"enemies":"3 Louse","floor":11.0,"turns":4.0},{"damage":22.0,"enemies":"Gremlin Nob","floor":12.0,"turns":5.0},{"damage":4.0,"enemies":"Exordium Wildlife","floor":14.0,"turns":5.0},{"damage":9.0,"enemies":"The Guardian","floor":16.0,"turns":11.0},{"damage":2,"enemies":"3 Byrds","floor":18,"turns":4},{"damage":3,"enemies":"Chosen","floor":19,"turns":5},{"damage":0,"enemies":"Centurion and Healer","floor":20,"turns":6},{"damage":17,"enemies":"Slavers","floor":23,"turns":4},{"damage":18,"enemies":"Book of Stabbing","floor":28,"turns":6},{"damage":20,"enemies":"Snake Plant","floor":30,"turns":5},{"damage":3,"enemies":"3 Cultists","floor":31,"turns":4},{"damage":43,"enemies":"Collector","floor":33,"turns":10},{"damage":5,"enemies":"Orb Walker","floor":35,"turns":3},{"damage":30,"enemies":"Mind Bloom Boss Battle","floor":38,"turns":9},{"damage":1,"enemies":"3 Shapes","floor":39,"turns":2},{"damage":47,"enemies":"Nemesis","floor":41,"turns":11},{"damage":17,"enemies":"Writhing Mass","floor":44,"turns":8},{"damage":10,"enemies":"3 Darklings","floor":45,"turns":4},{"damage":17,"enemies":"4 Shapes","floor":46,"turns":3},{"damage":21,"enemies":"Writhing Mass","floor":48,"turns":9},{"damage":43,"enemies":"Donu and Deca","floor":50,"turns":7}],"seed_played":"-7551441341852275455","potions_obtained":[{"floor":1.0,"key":"Dexterity Potion"},{"floor":12.0,"key":"Strength Potion"},{"floor":16.0,"key":"Weak Potion"},{"floor":18,"key":"Dexterity Potion"},{"floor":30,"key":"Ancient Potion"},{"floor":31,"key":"LiquidBronze"},{"floor":33,"key":"Fire Potion"},{"floor":35,"key":"LiquidBronze"},{"floor":38,"key":"SkillPotion"},{"floor":46,"key":"PowerPotion"}],"is_trial":false,"path_per_floor":["M","?","?","M","$","R","M","M","T","E","M","E","R","M","R","B",null,"M","M","M","?","?","E","?","$","T","R","E","?","M","M","R","B",null,"M","?","$","?","M","R","E","$","T","M","M","M","?","M","R","B",null],"character_chosen":"THE_SILENT","items_purchased":["Noxious Fumes","Quick Slash","TwistedFunnel","Footwork","Bandage Up","Prepared"],"campfire_rested":5,"item_purchase_floors":[5,5,25,25,25,37],"current_hp_per_floor":[58,58,58,58,58,58,56,51,51,45,34,12,31,27,27,18,54,52,49,49,49,43,26,48,48,48,66,52,58,44,47,68,43,97,94,110,110,84,85,110,82,82,82,71,67,56,56,53,86,61],"gold":52,"neow_bonus":"HUNDRED_GOLD","is_prod":false,"is_daily":false,"chose_seed":false,"campfire_upgraded":2,"win_rate":0,"timestamp":1561481259,"path_taken":["M","?","?","M","$","R","M","M","T","E","M","E","R","M","R","BOSS","M","M","M","?","?","E","?","$","T","R","E","?","M","M","R","BOSS","M","?","$","?","M","R","E","$","T","M","M","?","?","?","R","BOSS"],"build_version":"2019-01-23","purchased_purges":4,"victory":true,"max_hp_per_floor":[66,66,66,66,66,66,66,66,66,66,66,66,66,66,66,66,66,66,66,66,66,66,66,66,66,66,66,66,72,72,72,72,72,104,104,110,110,110,110,110,110,110,110,110,110,110,110,110,110,110],"card_choices":[{"not_picked":["Endless Agony","Prepared"],"picked":"Dagger Spray","floor":1.0},{"not_picked":["Cloak And Dagger","Slice"],"picked":"Backflip","floor":4.0},{"not_picked":["Cloak And Dagger","Acrobatics","Predator"],"picked":"SKIP","floor":7.0},{"not_picked":["Underhanded Strike","Dodge and Roll"],"picked":"Well Laid Plans","floor":8.0},{"not_picked":["Acrobatics","Tactician"],"picked":"Tools of the Trade","floor":10.0},{"not_picked":["Well Laid Plans","Quick Slash"],"picked":"Dash","floor":11.0},{"not_picked":["Flying Knee","Escape Plan"],"picked":"Bane","floor":12.0},{"not_picked":["Noxious Fumes","Setup"],"picked":"Crippling Poison","floor":14.0},{"not_picked":["Storm of Steel","Envenom"],"picked":"Die Die Die","floor":16.0},{"not_picked":["Dodge and Roll","Crippling Poison"],"picked":"Blur+1","floor":18},{"not_picked":["Dagger Spray","Masterful Stab","Acrobatics"],"picked":"SKIP","floor":19},{"not_picked":["Dagger Spray","Masterful Stab","Acrobatics"],"picked":"SKIP","floor":19},{"not_picked":["Dagger Spray","Masterful Stab","Acrobatics"],"picked":"SKIP","floor":19},{"not_picked":["Dagger Spray","Masterful Stab","Acrobatics"],"picked":"SKIP","floor":19},{"not_picked":["Heel Hook","Setup"],"picked":"Underhanded Strike","floor":20},{"not_picked":["Reflex","All Out Attack","Deflect"],"picked":"SKIP","floor":23},{"not_picked":["Well Laid Plans","Masterful Stab"],"picked":"PiercingWail+1","floor":28},{"not_picked":["Infinite Blades","Well Laid Plans"],"picked":"PiercingWail","floor":30},{"not_picked":["Backflip","Blade Dance"],"picked":"Footwork","floor":31},{"not_picked":["After Image","Storm of Steel"],"picked":"Venomology","floor":33},{"not_picked":["Blade Dance","Blur"],"picked":"Dagger Throw+1","floor":35},{"not_picked":["Underhanded Strike","Bane"],"picked":"Backflip","floor":38},{"not_picked":["Quick Slash","Riddle With Holes+1"],"picked":"Sucker Punch","floor":39},{"not_picked":["Dagger Spray","Accuracy"],"picked":"Noxious Fumes","floor":41},{"not_picked":["Deflect","Dodge and Roll+1"],"picked":"Backflip+1","floor":44},{"not_picked":["Infinite Blades+1","Flying Knee"],"picked":"Sucker Punch","floor":45},{"not_picked":["Quick Slash","Prepared"],"picked":"Backflip+1","floor":46},{"not_picked":["Deflect+1","Infinite Blades"],"picked":"PiercingWail","floor":48},{"not_picked":["Cloak And Dagger","Distraction"],"picked":"Catalyst+1","floor":49}],"player_experience":668214,"relics_obtained":[{"floor":9.0,"key":"Darkstone Periapt"},{"floor":10.0,"key":"Bottled Lightning"},{"floor":12.0,"key":"MawBank"},{"floor":23,"key":"Blood Vial"},{"floor":26,"key":"Dodecahedron"},{"floor":28,"key":"Dream Catcher"},{"floor":34,"key":"War Paint"},{"floor":34,"key":"Gremlin Horn"},{"floor":34,"key":"Mango"},{"floor":38,"key":"Pocketwatch"},{"floor":41,"key":"Boot"},{"floor":43,"key":"Bottled Tornado"}],"event_choices":[{"damage_healed":0.0,"max_hp_gain":0.0,"max_hp_loss":0.0,"gold_gain":0.0,"event_name":"Living Wall","player_choice":"Grow","floor":2.0,"gold_loss":0.0,"damage_taken":0.0,"cards_upgraded":["Dagger Spray"]},{"cards_removed":["Strike_G"],"damage_healed":0.0,"max_hp_gain":0.0,"max_hp_loss":0.0,"gold_gain":0.0,"event_name":"Bonfire Elementals","player_choice":"Offered Basic","floor":3.0,"gold_loss":0.0,"damage_taken":0.0},{"damage_healed":0,"gold_gain":0,"cards_transformed":["Strike_G","Defend_G"],"player_choice":"Became Test Subject","damage_taken":0,"max_hp_gain":0,"max_hp_loss":0,"event_name":"Drug Dealer","floor":21,"gold_loss":0,"cards_obtained":["Corpse Explosion","Cloak And Dagger"]},{"damage_healed":0,"gold_gain":0,"player_choice":"Joined the Cult","damage_taken":6,"max_hp_gain":0,"max_hp_loss":0,"event_name":"Nest","floor":22,"gold_loss":0,"cards_obtained":["RitualDagger"]},{"damage_healed":22,"gold_gain":0,"player_choice":"Heal","damage_taken":0,"max_hp_gain":0,"max_hp_loss":0,"event_name":"The Library","floor":24,"gold_loss":0},{"damage_healed":0,"gold_gain":0,"player_choice":"Opened","damage_taken":0,"relics_obtained":["Meat on the Bone"],"max_hp_gain":0,"max_hp_loss":0,"event_name":"The Mausoleum","floor":29,"gold_loss":0,"cards_obtained":["Writhe"]},{"damage_healed":26,"gold_gain":0,"player_choice":"Writhe","damage_taken":0,"max_hp_gain":0,"max_hp_loss":0,"event_name":"Winding Halls","floor":36,"gold_loss":0,"cards_obtained":["Writhe"]},{"damage_healed":0,"gold_gain":0,"player_choice":"Fight","damage_taken":0,"max_hp_gain":0,"max_hp_loss":0,"event_name":"MindBloom","floor":38,"gold_loss":0},{"damage_healed":0,"gold_gain":0,"player_choice":"2 cards matched","damage_taken":0,"max_hp_gain":0,"max_hp_loss":0,"event_name":"Match and Keep!","floor":47,"gold_loss":0,"cards_obtained":["Outmaneuver","Discovery"]}],"is_beta":false,"boss_relics":[{"not_picked":["Black Star","Empty Cage"],"picked":"Fusion Hammer"},{"not_picked":["Snecko Eye","Coffee Dripper"],"picked":"Calling Bell"}],"items_purged_floors":[5,25,37,42],"is_endless":false,"potions_floor_spawned":[1,12,16,18,20,30,31,33,35,38,46],"ascension_level":14}