{"gold_per_floor":[111,111,121,53,70,70,100,375,399,409,77,77,87,87,87,182,182,198,24,40,40,340,340,353,381,404,404,417,430,455,468,468,564,564,578,166,181,231,231,231,250,260,260,107,126,160,260,105,105,105],"floor_reached":50,"playtime":2617,"items_purged":["Regret","Shockwave"],"score":640,"play_id":"d73e4254-23aa-4c78-98ee-0dac3950dd7a","local_time":"20190604111713","is_ascension_mode":true,"campfire_choices":[{"data":"Inflame","floor":6,"key":"SMITH"},{"data":"Whirlwind","floor":12,"key":"SMITH"},{"data":"Body Slam","floor":15,"key":"SMITH"},{"data":"Limit Break","floor":23,"key":"SMITH"},{"data":"Inflame","floor":27,"key":"SMITH"},{"floor":32,"key":"REST"},{"floor":40,"key":"RECALL"},{"floor":49,"key":"REST"}],"neow_cost":"NONE","seed_source_timestamp":296636818955155,"circlet_count":0,"master_deck":["Bash","Intimidate","Thunderclap","Inflame+1","Inflame+1","Whirlwind+1","Shrug It Off","Body Slam+1","Limit Break+1","Flex+1","True Grit","Infernal Blade","Flex+1","Metallicize","Double Tap","Spot Weakness","Blood for Blood","Pommel Strike","True Grit","Shockwave","Barricade","Heavy Blade","Flex+1","Sword Boomerang"],"relics":["Burning Blood","Lantern","Sling","Philosopher\u0027s Stone","Vajra","Old Coin","Charon\u0027s Ashes","Strawberry","Regal Pillow","Pandora\u0027s Box","Gambling Chip","Mango","Toxic Egg 2","PreservedInsect","Girya","StoneCalendar","Bag of Preparation"],"potions_floor_usage":[7,16,16,29,30,38,42,42,45,50],"damage_taken":[{"damage":0,"enemies":"Small Slimes","floor":1,"turns":3},{"damage":4,"enemies":"Cultist","floor":3,"turns":3},{"damage":1,"enemies":"2 Louse","floor":5,"turns":3},{"damage":31,"enemies":"3 Sentries","floor":7,"turns":10},{"damage":2,"enemies":"Exordium Wildlife","floor":10,"turns":3},{"damage":5,"enemies":"Looter","floor":13,"turns":3},{"damage":40,"enemies":"The Guardian","floor":16,"turns":9},{"damage":12,"enemies":"Shell Parasite","floor":18,"turns":4},{"damage":3,"enemies":"Chosen","floor":20,"turns":4},{"damage":22,"enemies":"Snake Plant","floor":24,"turns":3},{"damage":0,"enemies":"Slavers","floor":25,"turns":1},{"damage":0,"enemies":"Centurion and Healer","floor":28,"turns":3},{"damage":7,"enemies":"Cultist and Chosen","floor":29,"turns":4},{"damage":17,"enemies":"Gremlin Leader","floor":30,"turns":5},{"damage":25,"enemies":"Snake Plant","floor":31,"turns":4},{"damage":82,"enemies":"Automaton","floor":33,"turns":7},{"damage":0,"enemies":"3 Shapes","floor":35,"turns":2},{"damage":14,"enemies":"3 Darklings","floor":37,"turns":5},{"damage":15,"enemies":"2 Orb Walkers","floor":38,"turns":2},{"damage":10,"enemies":"Maw","floor":41,"turns":6},{"damage":8,"enemies":"Jaw Worm Horde","floor":42,"turns":2},{"damage":10,"enemies":"Transient","floor":45,"turns":5},{"damage":20,"enemies":"Giant Head","floor":46,"turns":4},{"damage":39,"enemies":"Mind Bloom Boss Battle","floor":47,"turns":4},{"damage":86,"enemies":"Donu and Deca","floor":50,"turns":4}],"seed_played":"2964903483570947838","potions_obtained":[{"floor":1,"key":"SpeedPotion"},{"floor":5,"key":"FearPotion"},{"floor":7,"key":"Block Potion"},{"floor":20,"key":"LiquidBronze"},{"floor":25,"key":"SpeedPotion"},{"floor":28,"key":"EssenceOfSteel"},{"floor":33,"key":"Weak Potion"},{"floor":37,"key":"Regen Potion"},{"floor":38,"key":"PowerPotion"},{"floor":42,"key":"EssenceOfSteel"}],"is_trial":false,"path_per_floor":["M","?","M","$","M","R","E","?","T","M","$","R","M","$","R","B",null,"M","$","M","?","T","R","M","E","T","R","M","M","E","M","R","B",null,"M","$","M","?","?","R","M","M","T","$","M","E","?","$","R","B"],"character_chosen":"IRONCLAD","items_purchased":["Inflame","Shrug It Off","Sling","Vajra","True Grit","Heavy Blade","Gambling Chip","PreservedInsect","Bag of Preparation"],"campfire_rested":2,"item_purchase_floors":[4,11,11,19,19,36,36,44,48],"current_hp_per_floor":[80,80,80,80,80,80,55,55,55,59,59,59,60,60,60,26,80,74,74,77,77,77,77,61,67,74,74,80,79,68,49,87,11,87,87,87,79,84,84,84,80,83,83,83,79,65,32,32,77,0],"gold":105,"neow_bonus":"THREE_CARDS","is_prod":false,"is_daily":false,"chose_seed":false,"campfire_upgraded":5,"win_rate":0,"timestamp":1559665033,"path_taken":["M","?","M","$","?","R","E","?","T","M","$","R","M","?","R","BOSS","M","$","?","?","?","R","M","E","T","R","M","M","E","M","R","BOSS","M","$","M","?","?","R","M","?","T","?","M","E","?","$","R","BOSS"],"build_version":"2019-01-23","purchased_purges":2,"victory":false,"max_hp_per_floor":[80,80,80,80,80,80,80,80,80,80,80,80,80,80,80,80,80,80,80,80,80,80,80,80,80,87,87,87,87,87,87,87,87,87,87,87,87,101,101,101,101,101,101,101,101,101,101,101,101,101],"card_choices":[{"not_picked":["Warcry","Sentinel"],"picked":"Intimidate","floor":1},{"not_picked":["Anger","Iron Wave"],"picked":"Thunderclap","floor":3},{"not_picked":["Clothesline","Feel No Pain","Sword Boomerang"],"picked":"SKIP","floor":5},{"not_picked":["Shockwave","Rage"],"picked":"Inflame","floor":7},{"not_picked":["Twin Strike","True Grit"],"picked":"Whirlwind","floor":10},{"not_picked":["Warcry","Wild Strike"],"picked":"Body Slam","floor":13},{"not_picked":["Brutality","Immolate"],"picked":"Limit Break","floor":16},{"not_picked":["Cleave","Wild Strike"],"picked":"Flex+1","floor":18},{"not_picked":["Corruption","Clash"],"picked":"Infernal Blade","floor":20},{"not_picked":["Armaments","Shockwave"],"picked":"Flex+1","floor":24},{"not_picked":["Cleave","Second Wind+1","Blood for Blood"],"picked":"SKIP","floor":25},{"not_picked":["Searing Blow","Shockwave+1","Havoc"],"picked":"SKIP","floor":28},{"not_picked":["Body Slam","Berserk"],"picked":"Metallicize","floor":29},{"not_picked":["Feel No Pain","Reckless Charge+1","Berserk"],"picked":"SKIP","floor":30},{"not_picked":["Headbutt+1","Twin Strike","Wild Strike"],"picked":"SKIP","floor":31},{"not_picked":["Offering","Fiend Fire"],"picked":"Double Tap","floor":33},{"not_picked":["Thunderclap","Shrug It Off","Perfected Strike+1"],"picked":"SKIP","floor":35},{"not_picked":["Perfected Strike","Thunderclap","Anger"],"picked":"SKIP","floor":37},{"not_picked":["Shrug It Off+1","Double Tap"],"picked":"Flex+1","floor":41},{"not_picked":["Wild Strike+1","Perfected Strike","Combust"],"picked":"SKIP","floor":42},{"not_picked":["Body Slam","Sword Boomerang","Anger+1"],"picked":"SKIP","floor":45},{"not_picked":["Body Slam","Anger+1"],"picked":"Sword Boomerang","floor":45},{"not_picked":["Clash+1","Inflame","Heavy Blade"],"picked":"SKIP","floor":46}],"player_experience":78109,"relics_obtained":[{"floor":7,"key":"Lantern"},{"floor":22,"key":"Old Coin"},{"floor":25,"key":"Charon\u0027s Ashes"},{"floor":26,"key":"Strawberry"},{"floor":30,"key":"Regal Pillow"},{"floor":38,"key":"Mango"},{"floor":43,"key":"Toxic Egg 2"},{"floor":46,"key":"Girya"},{"floor":47,"key":"StoneCalendar"}],"event_choices":[{"cards_removed":["Strike_R"],"damage_healed":0,"gold_gain":0,"player_choice":"Offered Basic","damage_taken":0,"max_hp_gain":0,"max_hp_loss":0,"event_name":"Bonfire Elementals","floor":2,"gold_loss":0},{"damage_healed":0,"gold_gain":275,"player_choice":"Desecrate","damage_taken":0,"max_hp_gain":0,"max_hp_loss":0,"event_name":"Golden Shrine","floor":8,"gold_loss":0,"cards_obtained":["Regret"]},{"damage_healed":0,"gold_gain":0,"player_choice":"Ignored","damage_taken":0,"max_hp_gain":0,"max_hp_loss":0,"event_name":"Vampires","floor":21,"gold_loss":0},{"damage_healed":0,"gold_gain":0,"player_choice":"Fight","damage_taken":0,"max_hp_gain":0,"max_hp_loss":0,"event_name":"Mysterious Sphere","floor":38,"gold_loss":0},{"cards_removed":["Iron Wave"],"damage_healed":0,"gold_gain":0,"player_choice":"Removed Attack","damage_taken":0,"max_hp_gain":0,"max_hp_loss":0,"event_name":"Falling","floor":39,"gold_loss":0},{"damage_healed":0,"gold_gain":0,"player_choice":"Fight","damage_taken":0,"max_hp_gain":0,"max_hp_loss":0,"event_name":"MindBloom","floor":47,"gold_loss":0}],"is_beta":false,"boss_relics":[{"not_picked":["White Beast Statue","Lizard Tail"],"picked":"Philosopher\u0027s Stone"},{"not_picked":["Calling Bell","Astrolabe"],"picked":"Pandora\u0027s Box"}],"items_purged_floors":[11,36],"is_endless":false,"potions_floor_spawned":[1,5,7,20,25,28,33,37,38,42],"killed_by":"Donu and Deca","ascension_level":1}