{"gold_per_floor":[361,216,216,216,226,226,226,226,226,226,226,226,261,280,280,385,385,404,421,421,437,129,129,158,158,158,185,185,196,228,64,64,167,167,182,197,297,223,242,242,242,242,294,294,85,85,102,102,102,102],"floor_reached":50,"playtime":10971,"items_purged":["Strike_R","Clumsy"],"score":569,"play_id":"47785c9e-65c5-47d4-8c1b-ae7b149a5fcb","local_time":"20190605204845","is_ascension_mode":true,"campfire_choices":[{"data":"True Grit","floor":6,"key":"SMITH"},{"data":"Metallicize","floor":8,"key":"SMITH"},{"data":"Bash","floor":11,"key":"SMITH"},{"data":"Infernal Blade","floor":15,"key":"SMITH"},{"data":"Sever Soul","floor":23,"key":"SMITH"},{"data":"Impervious","floor":25,"key":"SMITH"},{"floor":28,"key":"RECALL"},{"floor":32,"key":"REST"},{"data":"Demon Form","floor":40,"key":"SMITH"},{"data":"Body Slam","floor":41,"key":"SMITH"},{"data":"Apotheosis","floor":44,"key":"SMITH"},{"data":"Havoc","floor":46,"key":"SMITH"},{"data":"Barricade","floor":49,"key":"SMITH"}],"neow_cost":"CURSE","seed_source_timestamp":408955229007926,"circlet_count":0,"master_deck":["Strike_R","Strike_R","Strike_R","Defend_R","Defend_R","Defend_R","Defend_R","Bash+1","Metallicize+1","Sever Soul+1","True Grit+1","Infernal Blade+1","Impervious+1","Havoc+1","Apotheosis+1","Body Slam+1","Demon Form+1","Fire Breathing+1","Barricade+1","Madness","Madness"],"relics":["Burning Blood","Meat on the Bone","StoneCalendar","Mummified Hand","Sozu","Enchiridion","Lee\u0027s Waffle","Ice Cream","Dead Branch","Turnip","Boot","Philosopher\u0027s Stone","WingedGreaves","Bag of Preparation","Toolbox"],"potions_floor_usage":[16,16,18],"damage_taken":[{"damage":8,"enemies":"Cultist","floor":1,"turns":5},{"damage":6,"enemies":"Jaw Worm","floor":5,"turns":6},{"damage":17,"enemies":"Gremlin Nob","floor":13,"turns":4},{"damage":0,"enemies":"Small Slimes","floor":14,"turns":4},{"damage":9,"enemies":"Slime Boss","floor":16,"turns":9},{"damage":6,"enemies":"Spheric Guardian","floor":18,"turns":8},{"damage":5,"enemies":"Shell Parasite","floor":19,"turns":7},{"damage":20,"enemies":"Centurion and Healer","floor":21,"turns":6},{"damage":49,"enemies":"Gremlin Leader","floor":24,"turns":8},{"damage":7,"enemies":"Book of Stabbing","floor":27,"turns":8},{"damage":23,"enemies":"Shelled Parasite and Fungi","floor":29,"turns":3},{"damage":23,"enemies":"Gremlin Leader","floor":30,"turns":5},{"damage":23,"enemies":"Collector","floor":33,"turns":11},{"damage":2,"enemies":"3 Darklings","floor":35,"turns":5},{"damage":7,"enemies":"3 Shapes","floor":36,"turns":5},{"damage":34,"enemies":"Mind Bloom Boss Battle","floor":37,"turns":7},{"damage":0,"enemies":"3 Darklings","floor":39,"turns":5},{"damage":10,"enemies":"Maw","floor":47,"turns":5},{"damage":56,"enemies":"Awakened One","floor":50,"turns":2}],"seed_played":"8097699556011186801","potions_obtained":[{"floor":1,"key":"Dexterity Potion"},{"floor":14,"key":"Block Potion"},{"floor":16,"key":"Ancient Potion"}],"is_trial":false,"path_per_floor":["M","$","$","?","M","R","T","R","T","$","R","?","E","M","R","B",null,"M","M","?","M","$","R","E","R","T","E","R","M","E","$","R","B",null,"M","M","?","$","M","R","R","?","T","R","$","R","M","?","R","B"],"character_chosen":"IRONCLAD","items_purchased":["Metallicize","Lee\u0027s Waffle","Apotheosis","Demon Form","Toolbox"],"campfire_rested":1,"item_purchase_floors":[2,22,31,38,45],"current_hp_per_floor":[78,78,78,78,78,78,78,78,78,78,78,71,60,66,66,63,80,80,80,64,50,87,87,56,56,56,55,55,50,45,45,71,54,87,87,86,58,58,64,64,64,64,64,64,64,64,60,49,49,0],"gold":102,"neow_bonus":"TWO_FIFTY_GOLD","is_prod":false,"is_daily":false,"chose_seed":false,"campfire_upgraded":11,"win_rate":0,"timestamp":1559785725,"path_taken":["M","?","$","?","?","R","?","R","T","?","R","?","E","M","R","BOSS","M","M","?","M","$","R","E","R","T","E","R","M","E","$","R","BOSS","M","M","?","$","M","R","R","?","T","R","$","R","M","?","R","BOSS"],"build_version":"2019-01-23","purchased_purges":2,"victory":false,"max_hp_per_floor":[80,80,80,80,80,80,80,80,80,80,80,80,80,80,80,80,80,80,80,80,80,87,87,87,87,87,87,87,87,87,87,87,87,87,87,87,87,87,87,87,87,87,87,87,87,87,87,87,87,87],"card_choices":[{"not_picked":["Warcry","Thunderclap","Perfected Strike"],"picked":"SKIP","floor":1},{"not_picked":["Whirlwind","Shockwave"],"picked":"True Grit","floor":5},{"not_picked":["Immolate","Second Wind","Fiend Fire"],"picked":"SKIP","floor":13},{"not_picked":["Headbutt","Thunderclap"],"picked":"Infernal Blade","floor":14},{"not_picked":["Juggernaut","Exhume"],"picked":"Impervious","floor":16},{"not_picked":["Evolve+1","Cleave","Heavy Blade"],"picked":"SKIP","floor":18},{"not_picked":["Clothesline","Headbutt+1","Burning Pact"],"picked":"SKIP","floor":19},{"not_picked":["Anger","Warcry","Thunderclap+1"],"picked":"SKIP","floor":21},{"not_picked":["Exhume","Pummel","Searing Blow"],"picked":"SKIP","floor":24},{"not_picked":["Thunderclap+1","Perfected Strike+1","Battle Trance"],"picked":"SKIP","floor":27},{"not_picked":["Armaments+1","Rampage","Power Through"],"picked":"SKIP","floor":29},{"not_picked":["Battle Trance+1","Power Through"],"picked":"Havoc","floor":30},{"not_picked":["Iron Wave","Headbutt","Wild Strike+1"],"picked":"SKIP","floor":35},{"not_picked":["Shrug It Off+1","Evolve","Clothesline+1"],"picked":"SKIP","floor":36},{"not_picked":["Thunderclap","Iron Wave"],"picked":"Body Slam","floor":37},{"not_picked":["Flex","Heavy Blade"],"picked":"Fire Breathing+1","floor":39},{"not_picked":["Intimidate","Cleave"],"picked":"Barricade","floor":47}],"player_experience":98378,"relics_obtained":[{"floor":7,"key":"Meat on the Bone"},{"floor":13,"key":"Mummified Hand"},{"floor":20,"key":"Enchiridion"},{"floor":24,"key":"Ice Cream"},{"floor":26,"key":"Dead Branch"},{"floor":27,"key":"Turnip"},{"floor":30,"key":"Boot"},{"floor":37,"key":"WingedGreaves"},{"floor":43,"key":"Bag of Preparation"}],"event_choices":[{"damage_healed":0,"gold_gain":0,"cards_transformed":["Strike_R"],"player_choice":"Transformed","damage_taken":0,"max_hp_gain":0,"max_hp_loss":0,"event_name":"Transmorgrifier","floor":4,"gold_loss":0,"cards_obtained":["Sever Soul"]},{"damage_healed":0,"gold_gain":0,"player_choice":"Success","damage_taken":7,"relics_obtained":["StoneCalendar"],"max_hp_gain":0,"max_hp_loss":0,"event_name":"Scrap Ooze","floor":12,"gold_loss":0},{"damage_healed":0,"gold_gain":0,"player_choice":"Obtained Book","damage_taken":16,"max_hp_gain":0,"max_hp_loss":0,"event_name":"Cursed Tome","floor":20,"gold_loss":0},{"damage_healed":0,"gold_gain":0,"player_choice":"Fight","damage_taken":0,"max_hp_gain":0,"max_hp_loss":0,"event_name":"MindBloom","floor":37,"gold_loss":0},{"damage_healed":0,"gold_gain":0,"player_choice":"Ignored","damage_taken":0,"max_hp_gain":0,"max_hp_loss":0,"event_name":"Tomb of Lord Red Mask","floor":42,"gold_loss":0},{"damage_healed":0,"gold_gain":0,"player_choice":"Embrace Madness","damage_taken":11,"max_hp_gain":0,"max_hp_loss":0,"event_name":"Winding Halls","floor":48,"gold_loss":0,"cards_obtained":["Madness","Madness"]}],"is_beta":false,"boss_relics":[{"not_picked":["Empty Cage","Mark of Pain"],"picked":"Sozu"},{"not_picked":["Eternal Feather","Calling Bell"],"picked":"Philosopher\u0027s Stone"}],"items_purged_floors":[2,22],"is_endless":false,"potions_floor_spawned":[1,14,16,21,27,30,35,39,47],"killed_by":"Awakened One","ascension_level":1}