{"gold_per_floor":[110,120,50,80,90,116,143,143,215,230,242,227],"floor_reached":12,"playtime":651,"items_purged":[],"score":92,"play_id":"6b184009-6cdc-44c0-b9c8-6714d8dc1778","local_time":"20190603203954","is_ascension_mode":true,"campfire_choices":[{"floor":8,"key":"REST"}],"neow_cost":"NONE","seed_source_timestamp":245970430600658,"circlet_count":0,"master_deck":["Strike_B","Strike_B","Strike_B","Defend_B","Defend_B","Defend_B","Defend_B","Zap","Dualcast","Loop","Loop","Glacier"],"relics":["Cracked Core","Tiny Chest","Singing Bowl","Bronze Scales"],"potions_floor_usage":[6],"damage_taken":[{"damage":7,"enemies":"Small Slimes","floor":1,"turns":5},{"damage":7,"enemies":"Jaw Worm","floor":2,"turns":3},{"damage":1,"enemies":"Cultist","floor":5,"turns":3},{"damage":51,"enemies":"Gremlin Nob","floor":6,"turns":6},{"damage":19,"enemies":"3 Louse","floor":10,"turns":3},{"damage":6,"enemies":"2 Fungi Beasts","floor":11,"turns":5},{"damage":10,"enemies":"Exordium Thugs","floor":12,"turns":1}],"seed_played":"-7764481275706076997","potions_obtained":[{"floor":1,"key":"Strength Potion"},{"floor":5,"key":"EssenceOfSteel"},{"floor":11,"key":"Swift Potion"}],"is_trial":false,"path_per_floor":["M","M","$","?","M","E","T","R","T","M","M","M"],"character_chosen":"DEFECT","items_purchased":["Loop"],"campfire_rested":1,"item_purchase_floors":[3],"current_hp_per_floor":[68,61,61,54,53,2,2,24,24,7,3,0],"gold":227,"neow_bonus":"REMOVE_CARD","is_prod":false,"is_daily":false,"chose_seed":false,"campfire_upgraded":0,"win_rate":0,"timestamp":1559612394,"path_taken":["M","M","$","?","M","E","?","R","T","M","M","M"],"build_version":"2019-01-23","purchased_purges":0,"victory":false,"max_hp_per_floor":[75,75,75,75,75,75,75,75,75,77,79,79],"card_choices":[{"not_picked":["Recycle","Hologram"],"picked":"Loop","floor":1},{"not_picked":["Undo","Steam Power","Stack"],"picked":"SKIP","floor":2},{"not_picked":["Sweeping Beam","Streamline","Compile Driver"],"picked":"SKIP","floor":5},{"not_picked":["Biased Cognition","Self Repair"],"picked":"Glacier","floor":6},{"not_picked":["Leap","Darkness","Sweeping Beam"],"picked":"Singing Bowl","floor":10},{"not_picked":["Compile Driver","FTL","Barrage"],"picked":"Singing Bowl","floor":11}],"player_experience":71991,"relics_obtained":[{"floor":6,"key":"Singing Bowl"},{"floor":7,"key":"Bronze Scales"}],"event_choices":[{"damage_healed":0,"gold_gain":0,"player_choice":"Success","damage_taken":7,"relics_obtained":["Tiny Chest"],"max_hp_gain":0,"max_hp_loss":0,"event_name":"Scrap Ooze","floor":4,"gold_loss":0}],"is_beta":false,"boss_relics":[],"items_purged_floors":[],"is_endless":false,"potions_floor_spawned":[1,5,11],"killed_by":"Exordium Thugs","ascension_level":3}