{"gold_per_floor":[116,129,140,140,140,166,166,166,192,252,265,265,12,38,38,114,114,126,137,137,147,147],"floor_reached":22,"playtime":2259,"items_purged":[],"score":347,"play_id":"2754595c-c08a-4b76-899f-98a81bfbb7f2","local_time":"20190622111731","is_ascension_mode":true,"campfire_choices":[{"data":"Envenom","floor":7,"key":"SMITH"},{"floor":12,"key":"REST"},{"data":"Infinite Blades","floor":15,"key":"SMITH"}],"neow_cost":"NONE","seed_source_timestamp":417088611460886,"circlet_count":0,"master_deck":["AscendersBane","Defend_G","Defend_G","Defend_G","Defend_G","Strike_G","Strike_G","Strike_G","Strike_G","Survivor","Neutralize+1","Backflip","Footwork","Flying Knee","Cloak And Dagger","Envenom+1","Infinite Blades+1","Venomology","Slice","Cloak And Dagger","Catalyst"],"relics":["Ring of the Snake","Bag of Marbles","Boot","Tiny Chest","Shuriken","The Specimen","Runic Pyramid"],"potions_floor_usage":[10,10,18,19,21,22,22],"damage_taken":[{"damage":0,"enemies":"2 Louse","floor":1,"turns":4},{"damage":8,"enemies":"Small Slimes","floor":2,"turns":6},{"damage":0,"enemies":"Cultist","floor":3,"turns":4},{"damage":21,"enemies":"3 Sentries","floor":6,"turns":16},{"damage":7,"enemies":"Gremlin Nob","floor":10,"turns":4},{"damage":0,"enemies":"Blue Slaver","floor":11,"turns":5},{"damage":5,"enemies":"Lagavulin","floor":14,"turns":6},{"damage":28,"enemies":"The Guardian","floor":16,"turns":12},{"damage":12,"enemies":"3 Byrds","floor":18,"turns":5},{"damage":2,"enemies":"Shell Parasite","floor":19,"turns":8},{"damage":2,"enemies":"Centurion and Healer","floor":21,"turns":6},{"damage":41,"enemies":"Masked Bandits","floor":22,"turns":3}],"seed_played":"8518855360495969069","potions_obtained":[{"floor":1,"key":"GamblersBrew"},{"floor":3,"key":"Energy Potion"},{"floor":14,"key":"Energy Potion"},{"floor":16,"key":"Swift Potion"}],"is_trial":false,"path_per_floor":["M","M","M","?","?","E","R","?","T","E","M","R","$","E","R","B",null,"M","M","?","M","?"],"character_chosen":"THE_SILENT","items_purchased":["Shuriken"],"campfire_rested":1,"item_purchase_floors":[13],"current_hp_per_floor":[59,51,51,51,51,30,30,30,30,23,23,42,42,37,37,9,52,40,38,38,36,0],"gold":147,"neow_bonus":"TRANSFORM_CARD","is_prod":false,"is_daily":false,"chose_seed":false,"campfire_upgraded":2,"win_rate":0,"timestamp":1561213051,"path_taken":["M","M","M","?","?","E","R","?","T","E","?","R","$","E","R","BOSS","M","M","?","M","?"],"build_version":"2019-01-23","purchased_purges":0,"victory":false,"max_hp_per_floor":[66,66,66,66,66,66,66,66,66,66,66,66,66,66,66,66,66,66,66,66,66,66],"card_choices":[{"not_picked":["Concentrate","Dagger Throw"],"picked":"Footwork","floor":1},{"not_picked":["Outmaneuver","Dodge and Roll"],"picked":"Flying Knee","floor":2},{"not_picked":["Infinite Blades","Calculated Gamble"],"picked":"Cloak And Dagger","floor":3},{"not_picked":["Slice","Accuracy"],"picked":"Envenom","floor":6},{"not_picked":["Outmaneuver","Tactician","Acrobatics"],"picked":"SKIP","floor":10},{"not_picked":["Distraction","Quick Slash","Deadly Poison"],"picked":"SKIP","floor":11},{"not_picked":["Underhanded Strike","Skewer"],"picked":"Infinite Blades","floor":14},{"not_picked":["Grand Finale","Night Terror"],"picked":"Venomology","floor":16},{"not_picked":["Flying Knee+1","Bane"],"picked":"Slice","floor":18},{"not_picked":["Dagger Spray","Quick Slash"],"picked":"Cloak And Dagger","floor":19},{"not_picked":["Outmaneuver","Skewer"],"picked":"Catalyst","floor":21}],"player_experience":1136907,"relics_obtained":[{"floor":6,"key":"Bag of Marbles"},{"floor":9,"key":"Boot"},{"floor":10,"key":"Tiny Chest"},{"floor":14,"key":"The Specimen"}],"event_choices":[{"damage_healed":0,"gold_gain":0,"player_choice":"Ignored","damage_taken":0,"max_hp_gain":0,"max_hp_loss":0,"event_name":"Liars Game","floor":4,"gold_loss":0},{"damage_healed":0,"gold_gain":0,"player_choice":"Grow","damage_taken":0,"max_hp_gain":0,"max_hp_loss":0,"event_name":"Living Wall","floor":5,"gold_loss":0,"cards_upgraded":["Neutralize"]},{"cards_removed":["Defend_G"],"damage_healed":0,"gold_gain":0,"player_choice":"Purged","damage_taken":0,"max_hp_gain":0,"max_hp_loss":0,"event_name":"Purifier","floor":8,"gold_loss":0},{"damage_healed":0,"gold_gain":0,"player_choice":"Ignored","damage_taken":0,"max_hp_gain":0,"max_hp_loss":0,"event_name":"Cursed Tome","floor":20,"gold_loss":0},{"damage_healed":0,"gold_gain":0,"player_choice":"Fought Bandits","damage_taken":0,"max_hp_gain":0,"max_hp_loss":0,"event_name":"Masked Bandits","floor":22,"gold_loss":0}],"is_beta":false,"boss_relics":[{"not_picked":["Coffee Dripper","Cursed Key"],"picked":"Runic Pyramid"}],"items_purged_floors":[],"is_endless":false,"potions_floor_spawned":[1,3,14,16,19],"killed_by":"Masked Bandits","ascension_level":14}