{"gold_per_floor":[109,34,109,124,199,232,244,281,319,346,41,41,60,71,71,173,173,188,188,33,33,50,50,83,83,83,83,95,95,95],"floor_reached":30,"playtime":2557,"items_purged":["Strike_G","Strike_G"],"score":436,"play_id":"6af7ffd6-2ec9-4ebb-b22e-edbf2a55630d","local_time":"20190624131648","is_ascension_mode":true,"campfire_choices":[{"data":"Venomology","floor":7,"key":"SMITH"},{"data":"All Out Attack","floor":12,"key":"SMITH"},{"data":"Dodge and Roll","floor":15,"key":"SMITH"},{"data":"Dash","floor":23,"key":"SMITH"},{"data":"Corpse Explosion","floor":27,"key":"SMITH"}],"neow_cost":"NONE","seed_source_timestamp":225945013922974,"circlet_count":0,"master_deck":["AscendersBane","Defend_G+1","Defend_G+1","Defend_G+1","Defend_G+1","Defend_G+1","Strike_G+1","Strike_G+1","Strike_G+1","Survivor","Neutralize","All Out Attack+1","Venomology+1","Underhanded Strike","PiercingWail","Venomology+1","Prepared","Acrobatics","Dodge and Roll+1","Corpse Explosion+1","PiercingWail","Writhe","Reflex","Dash+1","PiercingWail","Neutralize","Footwork","Underhanded Strike","Prepared"],"relics":["Ring of the Snake","NeowsBlessing","MawBank","Ice Cream","Anchor","DollysMirror","HoveringKite","Lantern","Sundial","Happy Flower"],"potions_floor_usage":[8,8,8,13,16,16,16,16,18,18,18,18,22,24,28,28,30,30],"damage_taken":[{"damage":0,"enemies":"Jaw Worm","floor":1,"turns":1},{"damage":0,"enemies":"Cultist","floor":4,"turns":1},{"damage":0,"enemies":"Lagavulin","floor":6,"turns":1},{"damage":20,"enemies":"Gremlin Nob","floor":8,"turns":4},{"damage":0,"enemies":"2 Louse","floor":10,"turns":2},{"damage":0,"enemies":"2 Fungi Beasts","floor":13,"turns":3},{"damage":0,"enemies":"Red Slaver","floor":14,"turns":5},{"damage":16,"enemies":"Hexaghost","floor":16,"turns":16},{"damage":0,"enemies":"2 Thieves","floor":18,"turns":2},{"damage":3,"enemies":"3 Byrds","floor":22,"turns":3},{"damage":7,"enemies":"Slavers","floor":24,"turns":4},{"damage":5,"enemies":"Cultist and Chosen","floor":28,"turns":7},{"damage":34,"enemies":"3 Cultists","floor":30,"turns":4}],"seed_played":"2963727264621432788","potions_obtained":[{"floor":4,"key":"Dexterity Potion"},{"floor":6,"key":"Swift Potion"},{"floor":13,"key":"Dexterity Potion"},{"floor":28,"key":"SpeedPotion"}],"is_trial":false,"path_per_floor":["M","$","?","M","?","E","R","E","T","M","$","R","M","M","R","B",null,"M","?","$","?","M","R","E","?","T","R","M","?","M"],"character_chosen":"THE_SILENT","items_purchased":["DollysMirror","Prepared","Reflex","Dash","PiercingWail"],"campfire_rested":0,"item_purchase_floors":[11,11,20,20,20],"current_hp_per_floor":[63,63,56,56,45,45,45,25,25,25,25,25,25,25,25,9,55,60,60,60,60,57,57,50,37,37,37,32,32,0],"gold":95,"neow_bonus":"THREE_ENEMY_KILL","is_prod":false,"is_daily":false,"chose_seed":false,"campfire_upgraded":5,"win_rate":0,"timestamp":1561396608,"path_taken":["M","$","?","?","?","E","R","E","T","M","$","R","M","M","R","BOSS","M","?","$","?","?","R","E","?","T","R","M","?","M"],"build_version":"2019-01-23","purchased_purges":2,"victory":false,"max_hp_per_floor":[70,70,70,70,70,70,70,70,70,70,70,70,70,70,70,70,70,70,70,70,70,70,70,70,75,75,75,75,75,75],"card_choices":[{"not_picked":["Acrobatics","Outmaneuver"],"picked":"All Out Attack","floor":1},{"not_picked":["Cloak And Dagger","Skewer","Well Laid Plans"],"picked":"SKIP","floor":4},{"not_picked":["Deadly Poison","Eviscerate"],"picked":"Venomology","floor":6},{"not_picked":["Bane","Heel Hook"],"picked":"Underhanded Strike","floor":8},{"not_picked":["Underhanded Strike","Poisoned Stab"],"picked":"PiercingWail","floor":10},{"not_picked":["Dagger Throw","Quick Slash"],"picked":"Acrobatics","floor":13},{"not_picked":["Backflip","Flying Knee"],"picked":"Dodge and Roll","floor":14},{"not_picked":["Malaise","Storm of Steel"],"picked":"Corpse Explosion","floor":16},{"not_picked":["Choke","Setup"],"picked":"PiercingWail","floor":18},{"not_picked":["Cloak And Dagger","Flying Knee"],"picked":"Underhanded Strike","floor":22},{"not_picked":["Dagger Spray","Flying Knee","Dodge and Roll"],"picked":"SKIP","floor":24},{"not_picked":["Bane","Slice+1"],"picked":"Prepared","floor":28}],"player_experience":642261,"relics_obtained":[{"floor":6,"key":"MawBank"},{"floor":8,"key":"Ice Cream"},{"floor":9,"key":"Anchor"},{"floor":24,"key":"Sundial"},{"floor":26,"key":"Happy Flower"}],"event_choices":[{"damage_healed":0,"gold_gain":75,"player_choice":"Touch","damage_taken":7,"max_hp_gain":0,"max_hp_loss":0,"event_name":"FaceTrader","floor":3,"gold_loss":0},{"damage_healed":0,"gold_gain":75,"player_choice":"Gather Gold","damage_taken":11,"max_hp_gain":0,"max_hp_loss":0,"event_name":"World of Goop","floor":5,"gold_loss":0},{"damage_healed":0,"gold_gain":0,"player_choice":"Opened","damage_taken":0,"relics_obtained":["Lantern"],"max_hp_gain":0,"max_hp_loss":0,"event_name":"The Mausoleum","floor":19,"gold_loss":0,"cards_obtained":["Writhe"]},{"damage_healed":0,"gold_gain":0,"player_choice":"2 cards matched","damage_taken":0,"max_hp_gain":0,"max_hp_loss":0,"event_name":"Match and Keep!","floor":21,"gold_loss":0,"cards_obtained":["Neutralize","Footwork"]},{"damage_healed":0,"gold_gain":0,"player_choice":"Shed Blood","damage_taken":18,"max_hp_gain":5,"max_hp_loss":0,"event_name":"Forgotten Altar","floor":25,"gold_loss":0},{"damage_healed":0,"gold_gain":0,"player_choice":"Simplicity","damage_taken":0,"max_hp_gain":0,"max_hp_loss":0,"event_name":"Back to Basics","floor":29,"gold_loss":0,"cards_upgraded":["Defend_G","Defend_G","Defend_G","Defend_G","Defend_G","Strike_G","Strike_G","Strike_G"]}],"is_beta":false,"boss_relics":[{"not_picked":["Orrery","Fusion Hammer"],"picked":"HoveringKite"}],"items_purged_floors":[2,11],"is_endless":false,"potions_floor_spawned":[4,6,13,14,28],"killed_by":"3 Cultists","ascension_level":11}