{"gold_per_floor":[110,110,128,140,154,154,188,188,188,188,200,233,233,258,258,362,362,379,479,479,492,512,512,523,534,557,585,602,636,654,654],"floor_reached":31,"playtime":1695,"items_purged":[],"score":374,"play_id":"8131ffdd-dfd0-466c-a30b-bfc2bb24171a","local_time":"20190617211056","is_ascension_mode":true,"campfire_choices":[{"data":"Rip and Tear","floor":6,"key":"SMITH"},{"data":"Zap","floor":8,"key":"SMITH"},{"data":"Sweeping Beam","floor":10,"key":"SMITH"},{"data":"Echo Form","floor":13,"key":"SMITH"},{"data":"Defragment","floor":15,"key":"SMITH"},{"floor":23,"key":"REST"}],"neow_cost":"NONE","seed_source_timestamp":21337709323357,"circlet_count":0,"master_deck":["Zap+1","Dualcast","Conserve Battery","Sweeping Beam+1","Cold Snap","Steam Power","Rip and Tear+1","Reinforced Body","Genetic Algorithm","Ball Lightning","Cold Snap","Creative AI","Echo Form+1","Defragment+1","Seek","Hologram","Chill","Defragment","Capacitor","Core Surge","Sunder+1"],"relics":["Pandora\u0027s Box","Pantograph","Kunai","Ornamental Fan","Strawberry","Fusion Hammer","Turnip","Symbiotic Virus","Bronze Scales","PreservedInsect","Shuriken"],"potions_floor_usage":[7,12,19,27],"damage_taken":[{"damage":0,"enemies":"2 Louse","floor":1,"turns":2},{"damage":0,"enemies":"Cultist","floor":3,"turns":3},{"damage":7,"enemies":"Jaw Worm","floor":4,"turns":3},{"damage":4,"enemies":"3 Louse","floor":5,"turns":4},{"damage":2,"enemies":"Gremlin Nob","floor":7,"turns":3},{"damage":0,"enemies":"Looter","floor":11,"turns":2},{"damage":11,"enemies":"Lagavulin","floor":12,"turns":5},{"damage":18,"enemies":"3 Sentries","floor":14,"turns":5},{"damage":7,"enemies":"The Guardian","floor":16,"turns":10},{"damage":5,"enemies":"Shell Parasite","floor":18,"turns":4},{"damage":17,"enemies":"Colosseum Slavers","floor":19,"turns":4},{"damage":43,"enemies":"Colosseum Nobs","floor":19,"turns":6},{"damage":2,"enemies":"2 Thieves","floor":21,"turns":4},{"damage":0,"enemies":"Sentry and Sphere","floor":22,"turns":5},{"damage":0,"enemies":"Snake Plant","floor":24,"turns":4},{"damage":2,"enemies":"Centurion and Healer","floor":25,"turns":6},{"damage":5,"enemies":"Slavers","floor":27,"turns":5},{"damage":13,"enemies":"Sentry and Sphere","floor":28,"turns":4},{"damage":5,"enemies":"Gremlin Leader","floor":29,"turns":5},{"damage":6,"enemies":"Cultist and Chosen","floor":30,"turns":4},{"damage":13,"enemies":"Centurion and Healer","floor":31,"turns":2}],"seed_played":"6116210409906447295","potions_obtained":[{"floor":1,"key":"Fire Potion"},{"floor":4,"key":"Dexterity Potion"},{"floor":5,"key":"SteroidPotion"},{"floor":14,"key":"Strength Potion"},{"floor":16,"key":"Swift Potion"},{"floor":19,"key":"SteroidPotion"},{"floor":22,"key":"Ancient Potion"},{"floor":27,"key":"SpeedPotion"}],"is_trial":false,"path_per_floor":["M","?","M","M","M","R","E","R","T","R","M","E","R","E","R","B",null,"M","?","?","M","M","R","M","M","T","E","M","E","M","M"],"character_chosen":"DEFECT","items_purchased":[],"campfire_rested":1,"item_purchase_floors":[],"current_hp_per_floor":[75,75,75,68,64,64,62,62,62,62,62,51,51,40,40,58,76,71,11,11,9,9,33,33,31,31,26,13,8,2,0],"gold":654,"neow_bonus":"BOSS_RELIC","is_prod":false,"is_daily":false,"chose_seed":false,"campfire_upgraded":5,"win_rate":0,"timestamp":1560820256,"path_taken":["M","?","?","M","M","R","E","R","T","R","M","E","R","E","R","BOSS","M","?","?","?","M","R","M","M","T","E","M","E","M","M"],"build_version":"2019-01-23","purchased_purges":0,"victory":false,"max_hp_per_floor":[75,75,75,75,75,75,75,75,75,75,75,75,75,82,82,82,82,82,82,82,82,82,82,82,82,82,82,82,82,82,82],"card_choices":[{"not_picked":["Blizzard","Rebound"],"picked":"Genetic Algorithm","floor":1},{"not_picked":["Conserve Battery","Leap","Beam Cell"],"picked":"SKIP","floor":3},{"not_picked":["White Noise","Sweeping Beam"],"picked":"Ball Lightning","floor":4},{"not_picked":["Beam Cell","Sweeping Beam"],"picked":"Cold Snap","floor":5},{"not_picked":["Conserve Battery","Redo","Rip and Tear"],"picked":"SKIP","floor":7},{"not_picked":["Sunder","Lockon"],"picked":"Creative AI","floor":11},{"not_picked":["Aggregate","Barrage"],"picked":"Echo Form","floor":12},{"not_picked":["Chill","Gash"],"picked":"Defragment","floor":14},{"not_picked":["Machine Learning","Amplify"],"picked":"Seek","floor":16},{"not_picked":["Sweeping Beam","Stack+1"],"picked":"Hologram","floor":18},{"not_picked":["Barrage+1","Thunder Strike"],"picked":"Chill","floor":21},{"not_picked":["Sweeping Beam","Glacier"],"picked":"Defragment","floor":22},{"not_picked":["Melter","Barrage+1"],"picked":"Capacitor","floor":24},{"not_picked":["Turbo","Heatsinks","Cold Snap+1"],"picked":"SKIP","floor":25},{"not_picked":["Streamline","Redo","Creative AI"],"picked":"SKIP","floor":27},{"not_picked":["Auto Shields+1","Ball Lightning","Conserve Battery"],"picked":"SKIP","floor":28},{"not_picked":["Aggregate","Cold Snap"],"picked":"Core Surge","floor":29},{"not_picked":["Heatsinks","Streamline"],"picked":"Sunder+1","floor":30}],"player_experience":135033,"relics_obtained":[{"floor":7,"key":"Pantograph"},{"floor":9,"key":"Kunai"},{"floor":12,"key":"Ornamental Fan"},{"floor":14,"key":"Strawberry"},{"floor":19,"key":"Turnip"},{"floor":19,"key":"Symbiotic Virus"},{"floor":26,"key":"Bronze Scales"},{"floor":27,"key":"PreservedInsect"},{"floor":29,"key":"Shuriken"}],"event_choices":[{"cards_removed":["Turbo"],"damage_healed":5,"gold_gain":0,"player_choice":"Offered Common","damage_taken":0,"max_hp_gain":0,"max_hp_loss":0,"event_name":"Bonfire Elementals","floor":2,"gold_loss":0},{"cards_removed":["Turbo"],"damage_healed":5,"gold_gain":0,"player_choice":"Offered Special","damage_taken":0,"max_hp_gain":0,"max_hp_loss":0,"event_name":"Bonfire Elementals","floor":2,"gold_loss":0},{"damage_healed":0,"gold_gain":0,"player_choice":"Fight","damage_taken":0,"max_hp_gain":0,"max_hp_loss":0,"event_name":"Colosseum","floor":19,"gold_loss":0},{"damage_healed":0,"gold_gain":0,"player_choice":"Fought Nobs","damage_taken":0,"max_hp_gain":0,"max_hp_loss":0,"event_name":"Colosseum","floor":19,"gold_loss":0},{"cards_removed":["Heatsinks"],"damage_healed":0,"gold_gain":0,"player_choice":"Card Removal","damage_taken":0,"max_hp_gain":0,"max_hp_loss":0,"event_name":"Wheel of Change","floor":20,"gold_loss":0}],"is_beta":false,"boss_relics":[{"not_picked":["Lizard Tail","Orrery"],"picked":"Fusion Hammer"}],"items_purged_floors":[],"is_endless":false,"potions_floor_spawned":[1,4,5,14,16,19,22,27,28,30],"killed_by":"Centurion and Healer","ascension_level":5}