{"gold_per_floor":[110,110,129,59,72,72,103,114,140,140,170,120,120,148,148,225,225,238,148,165,19,33,33,65,65,65,92,92,122,139,168,168,247,247,264,275,290,304,317,317,334,369,440,440,440,440,440],"floor_reached":47,"playtime":3336,"items_purged":["Defend_G"],"score":949,"play_id":"6fa28fc7-d560-4821-9334-67c93979b8b1","local_time":"20190622121324","is_ascension_mode":true,"campfire_choices":[{"data":"Neutralize","floor":6,"key":"SMITH"},{"floor":10,"key":"REST"},{"floor":15,"key":"REST"},{"floor":23,"key":"REST"},{"floor":32,"key":"REST"},{"floor":40,"key":"REST"},{"data":"1","floor":44,"key":"LIFT"},{"floor":46,"key":"REST"}],"neow_cost":"NONE","seed_source_timestamp":419363051844569,"circlet_count":0,"master_deck":["AscendersBane","Defend_G","Defend_G","Defend_G","Strike_G","Strike_G","Strike_G","Survivor","Neutralize+1","Caltrops","Quick Slash","Noxious Fumes","Backflip","Dagger Throw","Corpse Explosion","Dash+1","Noxious Fumes","Poisoned Stab+1","PiercingWail","Well Laid Plans","Predator","Backflip","Bouncing Flask","Adrenaline","Prepared+1","Underhanded Strike","Night Terror","Backflip+1"],"relics":["Ring of the Snake","Pen Nib","Centennial Puzzle","Lantern","Anchor","Pear","Snake Skull","Velvet Choker","Oddly Smooth Stone","Girya","Red Mask","Singing Bowl","Regal Pillow","Snecko Eye","Juzu Bracelet"],"potions_floor_usage":[7,16,27,33,37,38,42,47],"damage_taken":[{"damage":8,"enemies":"2 Louse","floor":1,"turns":3},{"damage":1,"enemies":"Cultist","floor":3,"turns":3},{"damage":0,"enemies":"Small Slimes","floor":5,"turns":3},{"damage":18,"enemies":"Gremlin Nob","floor":7,"turns":5},{"damage":5,"enemies":"Blue Slaver","floor":8,"turns":3},{"damage":14,"enemies":"3 Sentries","floor":11,"turns":7},{"damage":19,"enemies":"Gremlin Nob","floor":14,"turns":4},{"damage":35,"enemies":"Hexaghost","floor":16,"turns":11},{"damage":14,"enemies":"2 Thieves","floor":18,"turns":3},{"damage":2,"enemies":"Shell Parasite","floor":20,"turns":5},{"damage":8,"enemies":"Snecko","floor":22,"turns":5},{"damage":16,"enemies":"Book of Stabbing","floor":24,"turns":5},{"damage":2,"enemies":"Masked Bandits","floor":27,"turns":2},{"damage":3,"enemies":"Gremlin Leader","floor":29,"turns":7},{"damage":3,"enemies":"Centurion and Healer","floor":30,"turns":3},{"damage":0,"enemies":"Book of Stabbing","floor":31,"turns":6},{"damage":37,"enemies":"Automaton","floor":33,"turns":9},{"damage":0,"enemies":"3 Darklings","floor":35,"turns":3},{"damage":1,"enemies":"Orb Walker","floor":36,"turns":4},{"damage":27,"enemies":"Transient","floor":37,"turns":5},{"damage":12,"enemies":"Writhing Mass","floor":38,"turns":6},{"damage":17,"enemies":"Sphere and 2 Shapes","floor":39,"turns":5},{"damage":0,"enemies":"Transient","floor":41,"turns":5},{"damage":2,"enemies":"Reptomancer","floor":42,"turns":6},{"damage":88,"enemies":"Giant Head","floor":47,"turns":8}],"seed_played":"4163025353936258060","potions_obtained":[{"floor":3,"key":"Fruit Juice"},{"floor":5,"key":"Swift Potion"},{"floor":18,"key":"FearPotion"},{"floor":20,"key":"Poison Potion"},{"floor":31,"key":"SpeedPotion"},{"floor":33,"key":"Swift Potion"},{"floor":37,"key":"Block Potion"},{"floor":39,"key":"PowerPotion"},{"floor":41,"key":"GhostInAJar"},{"floor":42,"key":"Fire Potion"}],"is_trial":false,"path_per_floor":["M","?","M","$","M","R","E","M","T","R","E","?","?","E","R","B",null,"M","?","M","$","M","R","E","?","T","?","$","E","M","E","R","B",null,"M","M","M","M","M","R","M","E","T","R","?","R","E"],"character_chosen":"THE_SILENT","items_purchased":["Caltrops","Noxious Fumes"],"campfire_rested":6,"item_purchase_floors":[4,21],"current_hp_per_floor":[51,51,50,50,50,50,32,27,27,46,42,42,42,23,45,15,65,51,51,49,49,41,65,49,49,49,47,47,44,41,41,80,43,72,74,73,46,34,19,59,59,59,59,59,59,83,0],"gold":440,"neow_bonus":"RANDOM_COMMON_RELIC","is_prod":false,"is_daily":false,"chose_seed":false,"campfire_upgraded":1,"win_rate":0,"timestamp":1561216404,"path_taken":["M","?","M","$","M","R","E","?","T","R","E","?","?","E","R","BOSS","M","?","M","?","?","R","E","?","T","?","?","E","M","E","R","BOSS","M","M","M","M","M","R","M","E","T","R","?","R","E"],"build_version":"2019-01-23","purchased_purges":1,"victory":false,"max_hp_per_floor":[66,66,66,66,66,66,66,66,66,66,76,76,76,76,76,81,81,81,81,81,81,81,81,81,81,81,81,81,81,81,81,81,81,81,83,83,83,83,85,85,85,87,87,87,83,83,83],"card_choices":[{"not_picked":["Dodge and Roll","Acrobatics"],"picked":"Cloak And Dagger","floor":1},{"not_picked":["Concentrate","Flechettes","Dodge and Roll"],"picked":"SKIP","floor":3},{"not_picked":["Poisoned Stab","Dagger Spray"],"picked":"Quick Slash","floor":5},{"not_picked":["Finisher","Flying Knee"],"picked":"Noxious Fumes","floor":7},{"not_picked":["Endless Agony","Underhanded Strike"],"picked":"Backflip","floor":8},{"not_picked":["Cloak And Dagger","PiercingWail"],"picked":"Dagger Throw","floor":11},{"not_picked":["Heel Hook","Eviscerate","Skewer"],"picked":"SKIP","floor":14},{"not_picked":["Tools of the Trade","Phantasmal Killer"],"picked":"Corpse Explosion","floor":16},{"not_picked":["Dodge and Roll","Blade Dance"],"picked":"Dash","floor":18},{"not_picked":["Underhanded Strike","Calculated Gamble","Bane"],"picked":"SKIP","floor":20},{"not_picked":["Dagger Spray","Dodge and Roll+1"],"picked":"Poisoned Stab+1","floor":22},{"not_picked":["Slice+1","Concentrate"],"picked":"PiercingWail","floor":24},{"not_picked":["Caltrops","Prepared"],"picked":"Well Laid Plans","floor":27},{"not_picked":["Flechettes","Dagger Spray"],"picked":"Predator","floor":29},{"not_picked":["Predator","Slice"],"picked":"Backflip","floor":30},{"not_picked":["Poisoned Stab+1","Dagger Spray"],"picked":"Bouncing Flask","floor":31},{"not_picked":["Night Terror","Storm of Steel"],"picked":"Adrenaline","floor":33},{"not_picked":["Backstab","PiercingWail","Deadly Poison"],"picked":"Singing Bowl","floor":35},{"not_picked":["Bane+1","Deflect+1"],"picked":"Prepared+1","floor":36},{"not_picked":["Sucker Punch+1","All Out Attack+1"],"picked":"Underhanded Strike","floor":37},{"not_picked":["Outmaneuver","Deadly Poison"],"picked":"Night Terror","floor":38},{"not_picked":["Blade Dance","Sucker Punch","Prepared+1"],"picked":"Singing Bowl","floor":39},{"not_picked":["Bouncing Flask","All Out Attack"],"picked":"Backflip+1","floor":41},{"not_picked":["Terror","Backstab","Grand Finale"],"picked":"Singing Bowl","floor":42}],"player_experience":1139166,"relics_obtained":[{"floor":7,"key":"Lantern"},{"floor":9,"key":"Anchor"},{"floor":11,"key":"Pear"},{"floor":14,"key":"Snake Skull"},{"floor":24,"key":"Oddly Smooth Stone"},{"floor":26,"key":"Girya"},{"floor":27,"key":"Red Mask"},{"floor":29,"key":"Singing Bowl"},{"floor":31,"key":"Regal Pillow"},{"floor":42,"key":"Juzu Bracelet"}],"event_choices":[{"cards_removed":["Cloak And Dagger"],"damage_healed":0,"gold_gain":0,"player_choice":"Gave Card","damage_taken":0,"relics_obtained":["Centennial Puzzle"],"max_hp_gain":0,"max_hp_loss":0,"event_name":"WeMeetAgain","floor":2,"gold_loss":0},{"cards_removed":["Strike_G"],"damage_healed":0,"gold_gain":0,"player_choice":"Card Removal","damage_taken":0,"max_hp_gain":0,"max_hp_loss":0,"event_name":"The Cleric","floor":12,"gold_loss":50},{"cards_removed":["Defend_G"],"damage_healed":0,"gold_gain":0,"player_choice":"Offered Basic","damage_taken":0,"max_hp_gain":0,"max_hp_loss":0,"event_name":"Bonfire Elementals","floor":13,"gold_loss":0},{"cards_removed":["Strike_G"],"damage_healed":0,"gold_gain":0,"player_choice":"Upgrade and Remove","damage_taken":0,"max_hp_gain":0,"max_hp_loss":0,"event_name":"Designer","floor":19,"gold_loss":90,"cards_upgraded":["Dash"]},{"damage_healed":0,"gold_gain":0,"player_choice":"Ignored","damage_taken":0,"max_hp_gain":0,"max_hp_loss":0,"event_name":"Beggar","floor":25,"gold_loss":0},{"damage_healed":0,"gold_gain":0,"player_choice":"Fought Bandits","damage_taken":0,"max_hp_gain":0,"max_hp_loss":0,"event_name":"Masked Bandits","floor":27,"gold_loss":0},{"damage_healed":0,"gold_gain":0,"player_choice":"Max HP","damage_taken":0,"max_hp_gain":0,"max_hp_loss":4,"event_name":"Winding Halls","floor":45,"gold_loss":0}],"is_beta":false,"boss_relics":[{"not_picked":["Eternal Feather","Lizard Tail"],"picked":"Velvet Choker"},{"not_picked":["Runic Pyramid","Cursed Key"],"picked":"Snecko Eye"}],"items_purged_floors":[21],"is_endless":false,"potions_floor_spawned":[3,5,18,20,31,33,37,39,41,42],"killed_by":"Giant Head","ascension_level":14}