{"gold_per_floor":[112,131,142,156,81,81,112,112,112,112,142,142,157,157,157,157],"floor_reached":16,"playtime":862,"items_purged":[],"score":185,"play_id":"f4141dd7-634d-463e-85d7-6f1b5b93506b","local_time":"20190625130853","is_ascension_mode":true,"campfire_choices":[{"data":"Neutralize","floor":6,"key":"SMITH"},{"data":"Blur","floor":8,"key":"SMITH"},{"data":"Blur","floor":10,"key":"SMITH"},{"data":"Outmaneuver","floor":12,"key":"SMITH"},{"data":"Survivor","floor":15,"key":"SMITH"}],"neow_cost":"NONE","seed_source_timestamp":12846924555200,"circlet_count":0,"master_deck":["AscendersBane","Defend_G","Defend_G","Defend_G","Defend_G","Defend_G","Strike_G","Strike_G","Strike_G","Survivor+1","Neutralize+1","Expertise","Flying Knee","Slice","Blur+1","Outmaneuver+1","Blur+1","Crippling Poison"],"relics":["Ring of the Snake","Pear","Paper Crane"],"potions_floor_usage":[7,16,16],"damage_taken":[{"damage":0,"enemies":"2 Louse","floor":1,"turns":3},{"damage":2,"enemies":"Jaw Worm","floor":2,"turns":4},{"damage":1,"enemies":"Small Slimes","floor":3,"turns":3},{"damage":0,"enemies":"Exordium Wildlife","floor":4,"turns":4},{"damage":34,"enemies":"3 Sentries","floor":7,"turns":15},{"damage":0,"enemies":"Large Slime","floor":13,"turns":9},{"damage":35,"enemies":"Hexaghost","floor":16,"turns":16}],"seed_played":"-512305021912590202","potions_obtained":[{"floor":1,"key":"Swift Potion"},{"floor":7,"key":"Poison Potion"},{"floor":13,"key":"Weak Potion"}],"is_trial":false,"path_per_floor":["M","M","M","M","?","R","E","R","T","R","?","R","M","?","R","B"],"character_chosen":"THE_SILENT","items_purchased":[],"campfire_rested":0,"item_purchase_floors":[],"current_hp_per_floor":[59,57,56,56,56,56,32,32,32,32,32,32,32,32,32,0],"gold":157,"neow_bonus":"TRANSFORM_CARD","is_prod":false,"is_daily":false,"chose_seed":false,"campfire_upgraded":5,"win_rate":0,"timestamp":1561482533,"path_taken":["M","M","M","M","?","R","E","R","T","R","?","R","M","?","R","BOSS"],"build_version":"2019-01-23","purchased_purges":0,"victory":false,"max_hp_per_floor":[66,66,66,66,66,66,76,76,76,76,76,76,76,76,76,76],"card_choices":[{"not_picked":["Well Laid Plans","Eviscerate"],"picked":"Flying Knee","floor":1},{"not_picked":["Dagger Throw","Deflect"],"picked":"Slice","floor":2},{"not_picked":["Dodge and Roll","Prepared"],"picked":"Blur","floor":3},{"not_picked":["Sucker Punch","Underhanded Strike"],"picked":"Outmaneuver","floor":4},{"not_picked":["Envenom","Distraction"],"picked":"Blur","floor":7},{"not_picked":["Deflect","Endless Agony"],"picked":"Crippling Poison","floor":13}],"player_experience":1404248,"relics_obtained":[{"floor":7,"key":"Pear"},{"floor":9,"key":"Paper Crane"}],"event_choices":[{"cards_removed":["Strike_G"],"damage_healed":0,"gold_gain":0,"player_choice":"Card Removal","damage_taken":0,"max_hp_gain":0,"max_hp_loss":0,"event_name":"The Cleric","floor":5,"gold_loss":75},{"damage_healed":0,"gold_gain":30,"player_choice":"Searched \u00271\u0027 times","damage_taken":0,"max_hp_gain":0,"max_hp_loss":0,"event_name":"Dead Adventurer","floor":11,"gold_loss":0},{"damage_healed":0,"gold_gain":0,"player_choice":"Ignored","damage_taken":0,"max_hp_gain":0,"max_hp_loss":0,"event_name":"Shining Light","floor":14,"gold_loss":0}],"is_beta":false,"boss_relics":[],"items_purged_floors":[],"is_endless":false,"potions_floor_spawned":[1,7,13],"killed_by":"Hexaghost","ascension_level":17}