{"gold_per_floor":[119,129,149,166,166,166,204,204,231,265,265,299,11,52,52,147,147,167,191,191,191,191],"floor_reached":22,"playtime":1388,"items_purged":["Injury"],"score":413,"play_id":"326828c2-4b18-4302-a2c3-3b06a961dd6a","local_time":"20190620183451","is_ascension_mode":true,"campfire_choices":[{"data":"Hemokinesis","floor":6,"key":"SMITH"},{"floor":8,"key":"REST"},{"floor":11,"key":"REST"},{"floor":15,"key":"REST"}],"neow_cost":"NONE","seed_source_timestamp":271400031633761,"circlet_count":0,"master_deck":["AscendersBane","Strike_R","Strike_R","Strike_R+1","Strike_R+1","Strike_R","Defend_R","Defend_R","Defend_R","Defend_R","Bash","Sword Boomerang","Hemokinesis+1","Inflame","Rampage","Clothesline","Armaments","Demon Form","Ghostly Armor","Rupture"],"relics":["Burning Blood","Bloody Idol","Whetstone","Centennial Puzzle","Blood Vial","Bag of Preparation","Lee\u0027s Waffle","Vajra","Velvet Choker"],"potions_floor_usage":[7,12,12,21,21],"damage_taken":[{"damage":10,"enemies":"Small Slimes","floor":1,"turns":3},{"damage":9,"enemies":"Jaw Worm","floor":2,"turns":5},{"damage":3,"enemies":"2 Louse","floor":3,"turns":2},{"damage":13,"enemies":"Exordium Wildlife","floor":4,"turns":4},{"damage":48,"enemies":"3 Sentries","floor":7,"turns":12},{"damage":34,"enemies":"Gremlin Nob","floor":10,"turns":4},{"damage":32,"enemies":"3 Sentries","floor":12,"turns":7},{"damage":34,"enemies":"Gremlin Nob","floor":14,"turns":4},{"damage":57,"enemies":"Slime Boss","floor":16,"turns":9},{"damage":29,"enemies":"Shell Parasite","floor":18,"turns":4},{"damage":24,"enemies":"2 Thieves","floor":19,"turns":5},{"damage":40,"enemies":"Colosseum Slavers","floor":21,"turns":6},{"damage":11,"enemies":"Sentry and Sphere","floor":22,"turns":2}],"seed_played":"-7238551159473443920","potions_obtained":[{"floor":2,"key":"GamblersBrew"},{"floor":3,"key":"SkillPotion"},{"floor":4,"key":"SkillPotion"},{"floor":10,"key":"SpeedPotion"},{"floor":16,"key":"Poison Potion"},{"floor":19,"key":"Swift Potion"}],"is_trial":false,"path_per_floor":["M","M","M","M","?","R","E","R","T","E","R","E","$","E","R","B",null,"M","M","?","?","M"],"character_chosen":"IRONCLAD","items_purchased":["Lee\u0027s Waffle"],"campfire_rested":3,"item_purchase_floors":[13],"current_hp_per_floor":[71,68,71,64,64,64,22,46,46,18,42,18,89,61,87,38,76,55,39,39,7,0],"gold":191,"neow_bonus":"TEN_PERCENT_HP_BONUS","is_prod":false,"is_daily":false,"chose_seed":false,"campfire_upgraded":1,"win_rate":0,"timestamp":1561066491,"path_taken":["M","M","M","M","?","R","E","R","T","E","R","E","$","E","R","BOSS","M","M","?","?","M"],"build_version":"2019-01-23","purchased_purges":1,"victory":false,"max_hp_per_floor":[82,82,82,82,82,82,82,82,82,82,82,82,89,89,89,89,89,89,89,89,89,89],"card_choices":[{"not_picked":["Flex","True Grit"],"picked":"Sword Boomerang","floor":1},{"not_picked":["Rupture","Second Wind"],"picked":"Hemokinesis","floor":2},{"not_picked":["Cleave","Power Through","Wild Strike"],"picked":"SKIP","floor":3},{"not_picked":["Sentinel","Flex","Body Slam"],"picked":"SKIP","floor":4},{"not_picked":["Iron Wave","Hemokinesis"],"picked":"Inflame","floor":7},{"not_picked":["Dropkick","Flex"],"picked":"Rampage","floor":10},{"not_picked":["Searing Blow","Rage"],"picked":"Clothesline","floor":12},{"not_picked":["Warcry","Hemokinesis"],"picked":"Armaments","floor":14},{"not_picked":["Brutality","Berserk"],"picked":"Demon Form","floor":16},{"not_picked":["Bloodletting","Searing Blow"],"picked":"Ghostly Armor","floor":18},{"not_picked":["Sword Boomerang","Iron Wave"],"picked":"Rupture","floor":19}],"player_experience":1111528,"relics_obtained":[{"floor":7,"key":"Whetstone"},{"floor":9,"key":"Centennial Puzzle"},{"floor":10,"key":"Blood Vial"},{"floor":12,"key":"Bag of Preparation"},{"floor":14,"key":"Vajra"}],"event_choices":[{"damage_healed":0,"gold_gain":0,"player_choice":"Take Wound","damage_taken":0,"relics_obtained":["Golden Idol"],"max_hp_gain":0,"max_hp_loss":0,"event_name":"Golden Idol","floor":5,"gold_loss":0,"cards_obtained":["Injury"]},{"damage_healed":0,"gold_gain":0,"player_choice":"Gave Idol","damage_taken":0,"relics_obtained":["Bloody Idol"],"max_hp_gain":0,"max_hp_loss":0,"event_name":"Forgotten Altar","floor":20,"relics_lost":["Golden Idol"],"gold_loss":0},{"damage_healed":0,"gold_gain":0,"player_choice":"Fight","damage_taken":0,"max_hp_gain":0,"max_hp_loss":0,"event_name":"Colosseum","floor":21,"gold_loss":0},{"damage_healed":0,"gold_gain":0,"player_choice":"Fled From Nobs","damage_taken":0,"max_hp_gain":0,"max_hp_loss":0,"event_name":"Colosseum","floor":21,"gold_loss":0}],"is_beta":false,"boss_relics":[{"not_picked":["Coffee Dripper","Fusion Hammer"],"picked":"Velvet Choker"}],"items_purged_floors":[13],"is_endless":false,"potions_floor_spawned":[2,3,4,10,16,19,21],"killed_by":"Sentry and Sphere","ascension_level":19}