{"gold_per_floor":[116,133,32,107,180,208,18,36,36,60,60,72,47,80,80,154,154,166,166,71,88,98,98],"floor_reached":23,"playtime":1753,"items_purged":["Strike_G","Strike_G"],"score":473,"play_id":"426be9b9-923b-4089-871c-95453bf8c361","local_time":"20190626112800","is_ascension_mode":true,"campfire_choices":[{"data":"Terror","floor":11,"key":"SMITH"},{"data":"Setup","floor":15,"key":"SMITH"}],"neow_cost":"NONE","seed_source_timestamp":47492612419433,"circlet_count":0,"master_deck":["AscendersBane","Defend_G","Defend_G","Defend_G","Defend_G","Defend_G","Strike_G","Strike_G","Strike_G","Survivor","Neutralize","Slice","Dash","Slice","Terror+1","Footwork","Backflip","Choke","Blade Dance","Accuracy","Deflect","Setup+1","Burst","PiercingWail","Accuracy","Cloak And Dagger","Backflip","Escape Plan"],"relics":["Ring of the Snake","NeowsBlessing","Bottled Lightning","Orichalcum","Odd Mushroom","Juzu Bracelet","WristBlade"],"potions_floor_usage":[14,16,16,18,23],"damage_taken":[{"damage":0,"enemies":"Small Slimes","floor":1,"turns":1},{"damage":0,"enemies":"Jaw Worm","floor":2,"turns":1},{"damage":0,"enemies":"3 Sentries","floor":6,"turns":1},{"damage":0,"enemies":"2 Louse","floor":8,"turns":3},{"damage":13,"enemies":"The Mushroom Lair","floor":10,"turns":6},{"damage":0,"enemies":"Blue Slaver","floor":12,"turns":3},{"damage":0,"enemies":"Gremlin Nob","floor":14,"turns":2},{"damage":14,"enemies":"Slime Boss","floor":16,"turns":14},{"damage":0,"enemies":"Chosen","floor":18,"turns":4},{"damage":11,"enemies":"2 Thieves","floor":21,"turns":5},{"damage":10,"enemies":"Centurion and Healer","floor":22,"turns":7},{"damage":51,"enemies":"Book of Stabbing","floor":23,"turns":4}],"seed_played":"-960469691997411125","potions_obtained":[{"floor":2,"key":"GhostInAJar"},{"floor":12,"key":"SteroidPotion"},{"floor":14,"key":"SpeedPotion"},{"floor":16,"key":"Swift Potion"},{"floor":18,"key":"SmokeBomb"},{"floor":19,"key":"GamblersBrew"}],"is_trial":false,"path_per_floor":["M","M","$","?","?","E","$","M","T","?","R","M","$","E","R","B",null,"M","?","$","M","M","E"],"character_chosen":"THE_SILENT","items_purchased":["Slice","Footwork","Backflip","Deflect","Accuracy","Cloak And Dagger"],"campfire_rested":0,"item_purchase_floors":[3,7,7,13,20,20],"current_hp_per_floor":[59,59,59,48,48,48,48,48,48,35,35,35,35,35,35,21,55,55,55,55,44,34,0],"gold":98,"neow_bonus":"THREE_ENEMY_KILL","is_prod":false,"is_daily":false,"chose_seed":false,"campfire_upgraded":2,"win_rate":0,"timestamp":1561562880,"path_taken":["M","M","$","?","?","E","?","M","T","?","R","?","$","E","R","BOSS","M","?","$","M","M","E"],"build_version":"2019-01-23","purchased_purges":2,"victory":false,"max_hp_per_floor":[66,66,66,66,66,66,66,66,66,66,66,66,66,66,66,66,66,66,66,66,66,66,66],"card_choices":[{"not_picked":["Prepared","Eviscerate"],"picked":"Slice","floor":1},{"not_picked":["Quick Slash","Bane"],"picked":"Dash","floor":2},{"not_picked":["Blade Dance","Quick Slash"],"picked":"Terror","floor":6},{"not_picked":["Endless Agony","Prepared"],"picked":"Choke","floor":8},{"not_picked":["Reflex","Slice"],"picked":"Blade Dance","floor":10},{"not_picked":["Backflip","Masterful Stab"],"picked":"Accuracy","floor":12},{"not_picked":["Skewer","Bane"],"picked":"Setup","floor":14},{"not_picked":["Venomology","Phantasmal Killer"],"picked":"Burst","floor":16},{"not_picked":["Bane","Concentrate"],"picked":"PiercingWail","floor":18},{"not_picked":["Bane","Acrobatics"],"picked":"Backflip","floor":21},{"not_picked":["Dagger Throw","Well Laid Plans"],"picked":"Escape Plan","floor":22}],"player_experience":707268,"relics_obtained":[{"floor":6,"key":"Bottled Lightning"},{"floor":9,"key":"Orichalcum"},{"floor":10,"key":"Odd Mushroom"},{"floor":14,"key":"Juzu Bracelet"}],"event_choices":[{"damage_healed":0,"gold_gain":75,"player_choice":"Gather Gold","damage_taken":11,"max_hp_gain":0,"max_hp_loss":0,"event_name":"World of Goop","floor":4,"gold_loss":0},{"damage_healed":0,"gold_gain":73,"player_choice":"Gained Gold","damage_taken":0,"max_hp_gain":0,"max_hp_loss":0,"event_name":"Golden Wing","floor":5,"gold_loss":0},{"damage_healed":0,"gold_gain":0,"player_choice":"Fought Mushrooms","damage_taken":0,"max_hp_gain":0,"max_hp_loss":0,"event_name":"Mushrooms","floor":10,"gold_loss":0},{"damage_healed":0,"gold_gain":0,"player_choice":"Got Potions","damage_taken":0,"max_hp_gain":0,"max_hp_loss":0,"event_name":"Lab","floor":19,"gold_loss":0}],"is_beta":false,"boss_relics":[{"not_picked":["Coffee Dripper","Cursed Key"],"picked":"WristBlade"}],"items_purged_floors":[3,7],"is_endless":false,"potions_floor_spawned":[2,12,14,16,18],"killed_by":"Book of Stabbing","ascension_level":18}