{"gold_per_floor":[118,118,186,205,130,163,163,163,163,176,196,226,242,20,20,97,97,97,97,17,0,0,0,0],"floor_reached":24,"playtime":909,"items_purged":["Strike_G"],"score":431,"play_id":"bb892345-bb9e-4e5e-b79c-267020525440","local_time":"20190625183556","is_ascension_mode":true,"campfire_choices":[{"data":"Deadly Poison","floor":7,"key":"SMITH"},{"floor":15,"key":"REST"},{"floor":23,"key":"REST"}],"neow_cost":"NONE","seed_source_timestamp":32423289897500,"circlet_count":0,"master_deck":["AscendersBane","Defend_G","Defend_G","Defend_G","Defend_G","Defend_G","Strike_G","Strike_G","Strike_G","Strike_G","Survivor","Neutralize","Distraction+1","Deadly Poison+1","Catalyst","Crippling Poison","Dagger Throw","Dagger Spray","Infinite Blades","Dodge and Roll","Tools of the Trade","Slice+1","RitualDagger","Noxious Fumes"],"relics":["Ring of the Snake","NeowsBlessing","Ornamental Fan","Nunchaku","Matryoshka","Dodecahedron","HandDrill","Ectoplasm","Tiny Chest","Bag of Marbles"],"potions_floor_usage":[12,13,24,24],"damage_taken":[{"damage":0,"enemies":"2 Louse","floor":1,"turns":1},{"damage":0,"enemies":"Jaw Worm","floor":4,"turns":1},{"damage":0,"enemies":"3 Sentries","floor":6,"turns":1},{"damage":0,"enemies":"Cultist","floor":10,"turns":3},{"damage":5,"enemies":"Blue Slaver","floor":11,"turns":5},{"damage":17,"enemies":"Lagavulin","floor":12,"turns":5},{"damage":0,"enemies":"3 Louse","floor":13,"turns":2},{"damage":11,"enemies":"The Guardian","floor":16,"turns":12},{"damage":31,"enemies":"Chosen","floor":18,"turns":6},{"damage":43,"enemies":"Slavers","floor":24,"turns":6}],"seed_played":"-5614865707951055766","potions_obtained":[{"floor":6,"key":"Fire Potion"},{"floor":10,"key":"SteroidPotion"},{"floor":12,"key":"Block Potion"},{"floor":16,"key":"Energy Potion"}],"is_trial":false,"path_per_floor":["M","?","T","M","$","E","R","?","T","M","M","E","M","$","R","B",null,"M","?","$","?","T","R","E"],"character_chosen":"THE_SILENT","items_purchased":["HandDrill","Noxious Fumes"],"campfire_rested":2,"item_purchase_floors":[14,20],"current_hp_per_floor":[59,59,59,59,59,59,59,59,59,59,54,37,37,37,56,45,61,30,24,24,24,24,43,0],"gold":0,"neow_bonus":"THREE_ENEMY_KILL","is_prod":false,"is_daily":false,"chose_seed":false,"campfire_upgraded":1,"win_rate":0,"timestamp":1561502156,"path_taken":["M","?","?","M","$","E","R","?","T","M","?","E","M","$","R","BOSS","M","?","$","?","?","R","E"],"build_version":"2019-01-23","purchased_purges":1,"victory":false,"max_hp_per_floor":[66,66,66,66,66,66,66,66,66,66,66,66,66,66,66,66,66,66,66,66,66,66,66,66],"card_choices":[{"not_picked":["Cloak And Dagger","PiercingWail"],"picked":"Distraction","floor":1},{"not_picked":["Accuracy","Backflip"],"picked":"Deadly Poison","floor":4},{"not_picked":["Quick Slash","Eviscerate"],"picked":"Catalyst","floor":6},{"not_picked":["Leg Sweep","Acrobatics"],"picked":"Dagger Throw","floor":10},{"not_picked":["Eviscerate","Backflip"],"picked":"Dagger Spray","floor":11},{"not_picked":["Tactician","Phantasmal Killer"],"picked":"Infinite Blades","floor":12},{"not_picked":["All Out Attack","Outmaneuver"],"picked":"Dodge and Roll","floor":13},{"not_picked":["Malaise","Bullet Time"],"picked":"Tools of the Trade","floor":16},{"not_picked":["Predator","Blade Dance"],"picked":"Slice+1","floor":18}],"player_experience":1416996,"relics_obtained":[{"floor":3,"key":"Ornamental Fan"},{"floor":6,"key":"Nunchaku"},{"floor":9,"key":"Matryoshka"},{"floor":12,"key":"Dodecahedron"},{"floor":22,"key":"Tiny Chest"},{"floor":22,"key":"Bag of Marbles"}],"event_choices":[{"damage_healed":0,"gold_gain":0,"player_choice":"Grow","damage_taken":0,"max_hp_gain":0,"max_hp_loss":0,"event_name":"Living Wall","floor":2,"gold_loss":0,"cards_upgraded":["Distraction"]},{"damage_healed":0,"gold_gain":0,"player_choice":"1 cards matched","damage_taken":0,"max_hp_gain":0,"max_hp_loss":0,"event_name":"Match and Keep!","floor":8,"gold_loss":0,"cards_obtained":["Crippling Poison"]},{"damage_healed":0,"gold_gain":0,"player_choice":"Joined the Cult","damage_taken":6,"max_hp_gain":0,"max_hp_loss":0,"event_name":"Nest","floor":19,"gold_loss":0,"cards_obtained":["RitualDagger"]},{"damage_healed":0,"gold_gain":0,"player_choice":"Paid Fearfully","damage_taken":0,"max_hp_gain":0,"max_hp_loss":0,"event_name":"Masked Bandits","floor":21,"gold_loss":17}],"is_beta":false,"boss_relics":[{"not_picked":["Philosopher\u0027s Stone","White Beast Statue"],"picked":"Ectoplasm"}],"items_purged_floors":[5],"is_endless":false,"potions_floor_spawned":[6,10,12,16],"killed_by":"Slavers","ascension_level":18}