{"gold_per_floor":[117,267,267,342,24,54,54,84,84,84,101,101,101,120,120,193,193,205,215,233,243,28,28,59,59,59,59,59,59,89,104,104,181,181,199,199,199,216,230,230],"floor_reached":40,"playtime":4512,"items_purged":["Doubt","Strike_G"],"score":1086,"play_id":"259db312-20bb-4780-8530-a96cfa816652","local_time":"20190626221427","is_ascension_mode":true,"campfire_choices":[{"data":"Bouncing Flask","floor":7.0,"key":"SMITH"},{"floor":10.0,"key":"REST"},{"data":"Blur","floor":13.0,"key":"SMITH"},{"data":"Envenom","floor":15.0,"key":"SMITH"},{"data":"Choke","floor":23.0,"key":"SMITH"},{"data":"Dash","floor":25.0,"key":"SMITH"},{"floor":27.0,"key":"REST"},{"data":"Terror","floor":32,"key":"SMITH"}],"neow_cost":"NONE","seed_source_timestamp":0,"circlet_count":0,"master_deck":["AscendersBane","Defend_G","Defend_G","Defend_G+1","Defend_G","Defend_G","Strike_G+1","Strike_G+1","Strike_G","Strike_G+1","Survivor","Neutralize","Blur+1","Dagger Throw","Bouncing Flask+1","Crippling Poison","Prepared","Envenom+1","Bullet Time","Choke+1","Blade Dance","Cloak And Dagger+1","Outmaneuver+1","PiercingWail","Dash+1","PiercingWail","Terror+1","Grand Finale","Acrobatics+1"],"special_seed":0,"relics":["Ring of the Snake","NeowsBlessing","Juzu Bracelet","Regal Pillow","Dodecahedron","Bottled Lightning","Mercury Hourglass","Runic Pyramid","Whetstone","Singing Bowl","Omamori","Snecko Eye"],"potions_floor_usage":[30,31,33,33,40],"damage_taken":[{"damage":0.0,"enemies":"Jaw Worm","floor":1.0,"turns":1.0},{"damage":0.0,"enemies":"Lagavulin","floor":6.0,"turns":1.0},{"damage":0.0,"enemies":"Gremlin Nob","floor":8.0,"turns":1.0},{"damage":1.0,"enemies":"2 Louse","floor":11.0,"turns":2.0},{"damage":0.0,"enemies":"Small Slimes","floor":14.0,"turns":2.0},{"damage":0.0,"enemies":"The Guardian","floor":16.0,"turns":9.0},{"damage":0.0,"enemies":"Chosen","floor":18.0,"turns":4.0},{"damage":4.0,"enemies":"Spheric Guardian","floor":19.0,"turns":4.0},{"damage":3.0,"enemies":"3 Cultists","floor":20.0,"turns":4.0},{"damage":5.0,"enemies":"Chosen and Byrds","floor":21.0,"turns":5.0},{"damage":17.0,"enemies":"Slavers","floor":24.0,"turns":6.0},{"damage":0,"enemies":"Book of Stabbing","floor":30,"turns":4},{"damage":0,"enemies":"Snake Plant","floor":31,"turns":3},{"damage":55,"enemies":"Automaton","floor":33,"turns":12},{"damage":3,"enemies":"Orb Walker","floor":35,"turns":4},{"damage":6,"enemies":"3 Darklings","floor":38,"turns":6},{"damage":23,"enemies":"Sphere and 2 Shapes","floor":39,"turns":7},{"damage":32,"enemies":"Giant Head","floor":40,"turns":5}],"seed_played":"-418213241817960568","potions_obtained":[{"floor":6.0,"key":"SpeedPotion"},{"floor":14.0,"key":"SteroidPotion"},{"floor":24.0,"key":"LiquidBronze"},{"floor":30,"key":"AttackPotion"},{"floor":31,"key":"Dexterity Potion"},{"floor":39,"key":"Block Potion"}],"is_trial":false,"path_per_floor":["M","?","?","?","$","E","R","E","T","R","M","T","R","M","R","B",null,"M","M","M","M","$","R","E","R","T","R","?","?","E","M","R","B",null,"M","?","?","M","M","E"],"character_chosen":"THE_SILENT","items_purchased":["Juzu Bracelet","Dagger Throw","SteroidPotion","PiercingWail","SteroidPotion"],"campfire_rested":2,"item_purchase_floors":[5,5,5,22,22],"current_hp_per_floor":[59,59,39,28,28,28,28,28,28,62,61,61,61,61,61,61,65,65,61,58,53,53,53,36,36,36,66,66,66,66,68,68,13,54,53,53,53,49,26,0],"gold":230,"neow_bonus":"THREE_ENEMY_KILL","is_prod":false,"is_daily":false,"chose_seed":false,"campfire_upgraded":6,"win_rate":0,"timestamp":1561601667,"path_taken":["M","?","?","?","$","E","R","E","T","R","M","?","R","M","R","BOSS","M","M","M","M","$","R","E","R","T","R","?","?","E","M","R","BOSS","M","?","?","M","M","E"],"build_version":"2019-01-23","purchased_purges":2,"victory":false,"max_hp_per_floor":[66,66,66,66,66,66,66,66,66,66,66,66,66,66,66,66,66,66,66,66,66,66,66,66,66,66,66,66,66,66,68,68,68,68,70,66,66,68,68,68],"card_choices":[{"not_picked":["Deflect","Deadly Poison"],"picked":"Blur","floor":1.0},{"not_picked":["Envenom","Reflex"],"picked":"Bouncing Flask","floor":6.0},{"not_picked":["Concentrate","Terror"],"picked":"Crippling Poison","floor":8.0},{"not_picked":["Infinite Blades","Blade Dance"],"picked":"Prepared","floor":11.0},{"not_picked":["Slice","Cloak And Dagger"],"picked":"Envenom","floor":14.0},{"not_picked":["A Thousand Cuts","Envenom"],"picked":"Bullet Time","floor":16.0},{"not_picked":["Dagger Throw","Leg Sweep"],"picked":"Choke","floor":18.0},{"not_picked":["Cloak And Dagger","Deadly Poison"],"picked":"Blade Dance","floor":19.0},{"not_picked":["Footwork","PiercingWail+1"],"picked":"Cloak And Dagger+1","floor":20.0},{"not_picked":["Bane","Masterful Stab"],"picked":"Outmaneuver+1","floor":21.0},{"not_picked":["Dagger Throw","Dodge and Roll"],"picked":"Dash","floor":24.0},{"not_picked":["Cloak And Dagger","Outmaneuver"],"picked":"Terror","floor":30},{"not_picked":["Quick Slash","Bouncing Flask","Predator"],"picked":"Singing Bowl","floor":31},{"not_picked":["Glass Knife","Night Terror"],"picked":"Grand Finale","floor":33},{"not_picked":["Terror","Well Laid Plans","Accuracy"],"picked":"Singing Bowl","floor":35},{"not_picked":["Poisoned Stab","Endless Agony","Sucker Punch"],"picked":"Singing Bowl","floor":38},{"not_picked":["Flying Knee+1","Prepared"],"picked":"Acrobatics+1","floor":39}],"player_experience":730267,"relics_obtained":[{"floor":6.0,"key":"Regal Pillow"},{"floor":8.0,"key":"Dodecahedron"},{"floor":9.0,"key":"Bottled Lightning"},{"floor":12.0,"key":"Mercury Hourglass"},{"floor":24.0,"key":"Whetstone"},{"floor":26.0,"key":"Singing Bowl"},{"floor":30,"key":"Omamori"}],"event_choices":[{"damage_healed":0.0,"max_hp_gain":0.0,"max_hp_loss":0.0,"gold_gain":150.0,"event_name":"Liars Game","player_choice":"AGREE","floor":2.0,"gold_loss":0.0,"damage_taken":0.0,"cards_obtained":["Doubt"]},{"damage_healed":0.0,"max_hp_gain":0.0,"max_hp_loss":0.0,"gold_gain":0.0,"event_name":"Shining Light","player_choice":"Entered Light","floor":3.0,"gold_loss":0.0,"damage_taken":20.0,"cards_upgraded":["Defend_G","Strike_G"]},{"damage_healed":0.0,"max_hp_gain":0.0,"max_hp_loss":0.0,"gold_gain":75.0,"event_name":"World of Goop","player_choice":"Gather Gold","floor":4.0,"gold_loss":0.0,"damage_taken":11.0},{"damage_healed":0.0,"max_hp_gain":0.0,"max_hp_loss":0.0,"gold_gain":0.0,"event_name":"Ghosts","player_choice":"Ignored","floor":28.0,"gold_loss":0.0,"damage_taken":0.0},{"damage_healed":0,"gold_gain":0,"player_choice":"Read","damage_taken":0,"max_hp_gain":0,"max_hp_loss":0,"event_name":"The Library","floor":29,"gold_loss":0,"cards_obtained":["PiercingWail"]},{"damage_healed":0,"gold_gain":0,"player_choice":"Max HP","damage_taken":0,"max_hp_gain":0,"max_hp_loss":4,"event_name":"Winding Halls","floor":36,"gold_loss":0},{"damage_healed":0,"gold_gain":0,"player_choice":"Ignored","damage_taken":0,"max_hp_gain":0,"max_hp_loss":0,"event_name":"Tomb of Lord Red Mask","floor":37,"gold_loss":0}],"is_beta":false,"boss_relics":[{"not_picked":["Pandora\u0027s Box","White Beast Statue"],"picked":"Runic Pyramid"},{"not_picked":["Empty Cage","WristBlade"],"picked":"Snecko Eye"}],"items_purged_floors":[5,22],"is_endless":false,"potions_floor_spawned":[6,14,19,24,30,31,39],"killed_by":"Giant Head","ascension_level":19}