{"gold_per_floor":[12,26,46,121,86,86,112,125,198,198,227,227,253,264,264,264],"floor_reached":16,"playtime":1126,"items_purged":[],"score":212,"play_id":"d0278de2-0947-4582-ae3f-1bc597a19696","local_time":"20190622103941","is_ascension_mode":true,"campfire_choices":[{"data":"Caltrops","floor":6,"key":"SMITH"},{"floor":12,"key":"REST"},{"data":"Cloak And Dagger","floor":15,"key":"SMITH"}],"neow_cost":"NO_GOLD","seed_source_timestamp":415951912047522,"circlet_count":0,"master_deck":["AscendersBane","Defend_G","Defend_G","Defend_G","Defend_G","Defend_G","Strike_G","Strike_G","Strike_G","Strike_G","Strike_G","Survivor","Neutralize","Swift Strike","Purity","Caltrops+1","Finisher","Crippling Poison","Footwork","Cloak And Dagger+1","Blade Dance","Glass Knife"],"relics":["Ring of the Snake","Mango","Pear","Mercury Hourglass","Odd Mushroom","Smiling Mask"],"potions_floor_usage":[7],"damage_taken":[{"damage":0,"enemies":"2 Louse","floor":1,"turns":4},{"damage":1,"enemies":"Jaw Worm","floor":2,"turns":3},{"damage":10,"enemies":"Small Slimes","floor":3,"turns":3},{"damage":29,"enemies":"3 Sentries","floor":7,"turns":9},{"damage":3,"enemies":"Looter","floor":8,"turns":5},{"damage":7,"enemies":"The Mushroom Lair","floor":11,"turns":4},{"damage":21,"enemies":"Lagavulin","floor":13,"turns":8},{"damage":12,"enemies":"3 Louse","floor":14,"turns":2},{"damage":46,"enemies":"The Guardian","floor":16,"turns":10}],"seed_played":"-1046048379678744154","potions_obtained":[{"floor":2,"key":"FairyPotion"},{"floor":3,"key":"LiquidBronze"},{"floor":14,"key":"GamblersBrew"}],"is_trial":false,"path_per_floor":["M","M","M","?","?","R","E","M","T","T","?","R","E","M","R","B"],"character_chosen":"THE_SILENT","items_purchased":[],"campfire_rested":1,"item_purchase_floors":[],"current_hp_per_floor":[59,58,48,37,53,53,38,35,45,45,38,65,44,32,32,0],"gold":264,"neow_bonus":"RANDOM_COLORLESS_2","is_prod":false,"is_daily":false,"chose_seed":false,"campfire_upgraded":2,"win_rate":0,"timestamp":1561210781,"path_taken":["M","M","M","?","?","R","E","M","T","?","?","R","E","M","R","BOSS"],"build_version":"2019-01-23","purchased_purges":0,"victory":false,"max_hp_per_floor":[66,66,66,66,66,66,80,80,90,90,90,90,90,90,90,90],"card_choices":[{"not_picked":["Tactician","Backstab"],"picked":"Caltrops","floor":1},{"not_picked":["Acrobatics","Outmaneuver"],"picked":"Finisher","floor":2},{"not_picked":["Underhanded Strike","Outmaneuver"],"picked":"Crippling Poison","floor":3},{"not_picked":["Backstab","Dash"],"picked":"Footwork","floor":7},{"not_picked":["PiercingWail","Quick Slash"],"picked":"Cloak And Dagger","floor":8},{"not_picked":["Dagger Throw","Sucker Punch"],"picked":"Blade Dance","floor":11},{"not_picked":["Skewer","Terror"],"picked":"Glass Knife","floor":13},{"not_picked":["Deflect","Slice","Flying Knee"],"picked":"SKIP","floor":14}],"player_experience":1135781,"relics_obtained":[{"floor":7,"key":"Mango"},{"floor":9,"key":"Pear"},{"floor":10,"key":"Mercury Hourglass"},{"floor":11,"key":"Odd Mushroom"},{"floor":13,"key":"Smiling Mask"}],"event_choices":[{"damage_healed":0,"gold_gain":75,"player_choice":"Gather Gold","damage_taken":11,"max_hp_gain":0,"max_hp_loss":0,"event_name":"World of Goop","floor":4,"gold_loss":0},{"damage_healed":16,"gold_gain":0,"player_choice":"Healed","damage_taken":0,"max_hp_gain":0,"max_hp_loss":0,"event_name":"The Cleric","floor":5,"gold_loss":35},{"damage_healed":0,"gold_gain":0,"player_choice":"Fought Mushrooms","damage_taken":0,"max_hp_gain":0,"max_hp_loss":0,"event_name":"Mushrooms","floor":11,"gold_loss":0}],"is_beta":false,"boss_relics":[],"items_purged_floors":[],"is_endless":false,"potions_floor_spawned":[2,3,14],"killed_by":"The Guardian","ascension_level":14}