{"gold_per_floor":[112,126,140,215,215,215,242,255,255,280,294,314,326,346,346,441,441,421,13,29,49,49,49,84,100,100,100],"floor_reached":27,"playtime":1673,"items_purged":[],"score":311,"play_id":"d01742d2-f853-4146-986e-3b7e93a96203","local_time":"20190622185816","is_ascension_mode":true,"campfire_choices":[{"floor":6.0,"key":"REST"},{"data":"Terror","floor":15.0,"key":"SMITH"},{"floor":23.0,"key":"REST"}],"neow_cost":"NONE","seed_source_timestamp":0,"circlet_count":0,"master_deck":["Defend_G+1","Defend_G","Defend_G","Defend_G","Defend_G","Strike_G","Strike_G","Strike_G","Strike_G","Strike_G","Survivor","Neutralize","Adrenaline","Noxious Fumes+1","PiercingWail","PiercingWail+1","PiercingWail","Terror+1","Dodge and Roll","Blade Dance","Prepared","Blade Dance","Slice","Envenom","Blade Dance","Accuracy","Leg Sweep+1","Well Laid Plans","Footwork","Shame","Footwork+1"],"special_seed":0,"relics":["Ring of the Snake","PreservedInsect","Bag of Marbles","Meat on the Bone","Fusion Hammer","Vajra","War Paint","Oddly Smooth Stone","Singing Bowl","Ornamental Fan"],"potions_floor_usage":[27],"damage_taken":[{"damage":0.0,"enemies":"Small Slimes","floor":1.0,"turns":3.0},{"damage":0.0,"enemies":"2 Louse","floor":2.0,"turns":3.0},{"damage":1.0,"enemies":"Jaw Worm","floor":3.0,"turns":5.0},{"damage":37.0,"enemies":"Lagavulin","floor":7.0,"turns":11.0},{"damage":0.0,"enemies":"Looter","floor":8.0,"turns":4.0},{"damage":12.0,"enemies":"Gremlin Nob","floor":10.0,"turns":3.0},{"damage":0.0,"enemies":"3 Louse","floor":11.0,"turns":3.0},{"damage":14.0,"enemies":"Large Slime","floor":12.0,"turns":7.0},{"damage":8.0,"enemies":"Looter","floor":13.0,"turns":4.0},{"damage":0.0,"enemies":"Gremlin Gang","floor":14.0,"turns":4.0},{"damage":34.0,"enemies":"Hexaghost","floor":16.0,"turns":11.0},{"damage":23.0,"enemies":"2 Thieves","floor":18.0,"turns":5.0},{"damage":2.0,"enemies":"3 Byrds","floor":20.0,"turns":4.0},{"damage":25.0,"enemies":"Centurion and Healer","floor":21.0,"turns":6.0},{"damage":29,"enemies":"Gremlin Leader","floor":24,"turns":9},{"damage":27,"enemies":"Snake Plant","floor":25,"turns":6},{"damage":24,"enemies":"Chosen and Byrds","floor":27,"turns":5}],"seed_played":"1275341798101975446","potions_obtained":[{"floor":1.0,"key":"SneckoOil"},{"floor":8.0,"key":"AttackPotion"},{"floor":11.0,"key":"Explosive Potion"},{"floor":16.0,"key":"SneckoOil"},{"floor":25,"key":"SpeedPotion"}],"is_trial":false,"path_per_floor":["M","M","M","?","?","R","E","M","T","E","M","M","M","M","R","B",null,"M","$","M","M","?","R","E","M","T","M"],"character_chosen":"THE_SILENT","items_purchased":["Accuracy","Vajra","Leg Sweep","War Paint"],"campfire_rested":2,"item_purchase_floors":[19,19,19,19],"current_hp_per_floor":[70,70,69,58,44,65,28,28,28,16,28,26,30,42,42,20,58,47,47,45,32,32,53,36,23,23,0],"gold":100,"neow_bonus":"ONE_RANDOM_RARE_CARD","is_prod":false,"is_daily":false,"chose_seed":false,"campfire_upgraded":1,"win_rate":0,"timestamp":1561244296,"path_taken":["M","M","M","?","?","R","E","M","T","E","M","M","M","M","R","BOSS","M","$","M","M","?","R","E","M","T","M"],"build_version":"2019-01-23","purchased_purges":0,"victory":false,"max_hp_per_floor":[70,70,70,70,70,70,70,70,70,70,70,70,70,70,70,70,70,70,70,70,70,70,70,70,72,72,72],"card_choices":[{"not_picked":["Prepared","Deflect"],"picked":"Noxious Fumes","floor":1.0},{"not_picked":["Bouncing Flask","Flying Knee"],"picked":"PiercingWail","floor":2.0},{"not_picked":["Slice","Blade Dance"],"picked":"PiercingWail","floor":3.0},{"not_picked":["Outmaneuver","Quick Slash"],"picked":"PiercingWail","floor":7.0},{"not_picked":["Underhanded Strike","Choke"],"picked":"Terror","floor":8.0},{"not_picked":["Flying Knee","Outmaneuver"],"picked":"Dodge and Roll","floor":10.0},{"not_picked":["Acrobatics","Finisher"],"picked":"Blade Dance","floor":11.0},{"not_picked":["Grand Finale","All Out Attack"],"picked":"Prepared","floor":12.0},{"not_picked":["Heel Hook","Sucker Punch"],"picked":"Blade Dance","floor":13.0},{"not_picked":["Dagger Throw","Underhanded Strike"],"picked":"Slice","floor":14.0},{"not_picked":["Glass Knife","Doppelganger"],"picked":"Envenom","floor":16.0},{"not_picked":["Prepared","Backflip"],"picked":"Blade Dance","floor":18.0},{"not_picked":["Eviscerate","Dodge and Roll+1"],"picked":"Well Laid Plans","floor":20.0},{"not_picked":["Caltrops","Deadly Poison"],"picked":"Footwork","floor":21.0},{"not_picked":["Deadly Poison","Bouncing Flask"],"picked":"Footwork+1","floor":24},{"not_picked":["Dagger Throw","Slice","Outmaneuver"],"picked":"Singing Bowl","floor":25}],"player_experience":325434,"relics_obtained":[{"floor":7.0,"key":"PreservedInsect"},{"floor":9.0,"key":"Bag of Marbles"},{"floor":10.0,"key":"Meat on the Bone"},{"floor":24,"key":"Singing Bowl"},{"floor":26,"key":"Ornamental Fan"}],"event_choices":[{"damage_healed":0.0,"max_hp_gain":0.0,"max_hp_loss":0.0,"gold_gain":75.0,"event_name":"World of Goop","player_choice":"Gather Gold","floor":4.0,"gold_loss":0.0,"damage_taken":11.0},{"damage_healed":0.0,"max_hp_gain":0.0,"max_hp_loss":0.0,"gold_gain":0.0,"event_name":"Shining Light","player_choice":"Entered Light","floor":5.0,"gold_loss":0.0,"damage_taken":14.0,"cards_upgraded":["Defend_G","Noxious Fumes"]},{"damage_healed":0.0,"max_hp_gain":0.0,"max_hp_loss":0.0,"gold_gain":0.0,"event_name":"Addict","player_choice":"Stole Relic","floor":22.0,"gold_loss":0.0,"damage_taken":0.0,"relics_obtained":["Oddly Smooth Stone"],"cards_obtained":["Shame"]}],"is_beta":false,"boss_relics":[{"not_picked":["Empty Cage","HoveringKite"],"picked":"Fusion Hammer"}],"items_purged_floors":[],"is_endless":false,"potions_floor_spawned":[1,8,11,16,25],"killed_by":"Chosen and Byrds","ascension_level":5}