{"gold_per_floor":[113,26,176,176,176,207,207,232,232,232,38,48,48,61,61,135,135,148,164,164,42,42],"floor_reached":22,"playtime":890,"items_purged":["Doubt"],"score":468,"play_id":"fd796c84-8a22-4acc-bcec-2b228ef353b5","local_time":"20190626170136","is_ascension_mode":true,"campfire_choices":[{"data":"Poisoned Stab","floor":7.0,"key":"SMITH"},{"data":"Unload","floor":10.0,"key":"SMITH"},{"data":"Noxious Fumes","floor":13.0,"key":"SMITH"},{"data":"Sucker Punch","floor":15.0,"key":"SMITH"}],"neow_cost":"NONE","seed_source_timestamp":0,"circlet_count":0,"master_deck":["AscendersBane","Defend_G","Defend_G","Defend_G","Defend_G+1","Defend_G","Strike_G","Strike_G","Strike_G","Strike_G","Survivor","Neutralize","Blade Dance","Footwork+1","Poisoned Stab+1","Unload+1","Noxious Fumes+1","Blur","Prepared","Sucker Punch+1","Corpse Explosion","Heel Hook","Footwork","Masterful Stab"],"special_seed":0,"relics":["Ring of the Snake","NeowsBlessing","Omamori","Darkstone Periapt","Pocketwatch","Bottled Flame","Empty Cage"],"potions_floor_usage":[19,22],"damage_taken":[{"damage":0.0,"enemies":"Jaw Worm","floor":1.0,"turns":1.0},{"damage":3.0,"enemies":"3 Sentries","floor":6.0,"turns":2.0},{"damage":0.0,"enemies":"Gremlin Nob","floor":8.0,"turns":1.0},{"damage":4.0,"enemies":"Small Slimes","floor":12.0,"turns":3.0},{"damage":6.0,"enemies":"2 Louse","floor":14.0,"turns":3.0},{"damage":12.0,"enemies":"Hexaghost","floor":16.0,"turns":11.0},{"damage":3,"enemies":"Chosen","floor":18,"turns":5},{"damage":19,"enemies":"Shell Parasite","floor":19,"turns":6},{"damage":30,"enemies":"Colosseum Slavers","floor":22,"turns":3},{"damage":15,"enemies":"Colosseum Nobs","floor":22,"turns":3}],"seed_played":"4687595126105873394","potions_obtained":[{"floor":6.0,"key":"Strength Potion"},{"floor":14.0,"key":"GhostInAJar"},{"floor":16.0,"key":"Swift Potion"},{"floor":18,"key":"EssenceOfSteel"}],"is_trial":false,"path_per_floor":["M","$","?","?","?","E","R","E","T","R","$","M","R","M","R","B",null,"M","M","?","$","?"],"character_chosen":"THE_SILENT","items_purchased":["Footwork","Noxious Fumes","Blur","Footwork","Masterful Stab"],"campfire_rested":0,"item_purchase_floors":[2,11,11,21,21],"current_hp_per_floor":[59,59,59,39,39,36,36,36,36,36,36,32,32,26,26,14,53,50,31,44,44,0],"gold":42,"neow_bonus":"THREE_ENEMY_KILL","is_prod":false,"is_daily":false,"chose_seed":false,"campfire_upgraded":4,"win_rate":0,"timestamp":1561582896,"path_taken":["M","$","?","?","?","E","R","E","T","R","?","M","R","M","R","BOSS","M","M","?","$","?"],"build_version":"2019-01-23","purchased_purges":1,"victory":false,"max_hp_per_floor":[66,66,66,66,66,66,66,66,66,66,66,66,66,66,66,66,66,66,66,66,66,66],"card_choices":[{"not_picked":["Acrobatics","Predator"],"picked":"Blade Dance","floor":1.0},{"not_picked":["Riddle With Holes","Eviscerate"],"picked":"Poisoned Stab","floor":6.0},{"not_picked":["Poisoned Stab","Infinite Blades"],"picked":"Unload","floor":8.0},{"not_picked":["Dodge and Roll","Predator"],"picked":"Prepared","floor":12.0},{"not_picked":["Outmaneuver","Acrobatics"],"picked":"Sucker Punch","floor":14.0},{"not_picked":["Bullet Time","Adrenaline"],"picked":"Corpse Explosion","floor":16.0},{"not_picked":["Flying Knee","Flechettes"],"picked":"Heel Hook","floor":18},{"not_picked":["Bane","Poisoned Stab","Cloak And Dagger"],"picked":"SKIP","floor":19}],"player_experience":727744,"relics_obtained":[{"floor":6.0,"key":"Darkstone Periapt"},{"floor":8.0,"key":"Pocketwatch"},{"floor":9.0,"key":"Bottled Flame"}],"event_choices":[{"damage_healed":0.0,"max_hp_gain":0.0,"max_hp_loss":0.0,"gold_gain":150.0,"event_name":"Liars Game","player_choice":"AGREE","floor":3.0,"gold_loss":0.0,"damage_taken":0.0,"cards_obtained":["Doubt"]},{"damage_healed":0.0,"max_hp_gain":0.0,"max_hp_loss":0.0,"gold_gain":0.0,"event_name":"Shining Light","player_choice":"Entered Light","floor":4.0,"gold_loss":0.0,"damage_taken":20.0,"cards_upgraded":["Defend_G","Footwork"]},{"damage_healed":0.0,"max_hp_gain":0.0,"max_hp_loss":0.0,"gold_gain":0.0,"event_name":"Big Fish","player_choice":"Box","floor":5.0,"gold_loss":0.0,"damage_taken":0.0,"relics_obtained":["Omamori"],"cards_obtained":["Regret"]},{"damage_healed":13,"gold_gain":0,"player_choice":"Heal","damage_taken":0,"max_hp_gain":0,"max_hp_loss":0,"event_name":"The Library","floor":20,"gold_loss":0},{"damage_healed":0,"gold_gain":0,"player_choice":"Fight","damage_taken":0,"max_hp_gain":0,"max_hp_loss":0,"event_name":"Colosseum","floor":22,"gold_loss":0},{"damage_healed":0,"gold_gain":0,"player_choice":"Fought Nobs","damage_taken":0,"max_hp_gain":0,"max_hp_loss":0,"event_name":"Colosseum","floor":22,"gold_loss":0}],"is_beta":false,"boss_relics":[{"not_picked":["Pandora\u0027s Box","Orrery"],"picked":"Empty Cage"}],"items_purged_floors":[11],"is_endless":false,"potions_floor_spawned":[6,14,16,18],"killed_by":"Colosseum Nobs","ascension_level":19}