{"gold_per_floor":[118,43,56,21,21,21,38,56,81,81,92,92,92,102,102,102],"floor_reached":16,"playtime":665,"items_purged":["Strike_G"],"score":170,"play_id":"94b94d9c-ab2e-451b-a8fc-96db4828f0a5","local_time":"20190625141700","is_ascension_mode":true,"campfire_choices":[{"data":"Deep Breath","floor":6,"key":"SMITH"},{"data":"Noxious Fumes","floor":12,"key":"SMITH"},{"data":"Footwork","floor":15,"key":"SMITH"}],"neow_cost":"NONE","seed_source_timestamp":17130845573700,"circlet_count":0,"master_deck":["AscendersBane","Defend_G","Defend_G","Defend_G","Defend_G","Defend_G","Strike_G","Strike_G","Strike_G","Strike_G","Survivor","Neutralize","Deep Breath+1","Finisher","Prepared","Deflect","Noxious Fumes+1","Footwork+1","Leg Sweep"],"relics":["Ring of the Snake","FaceOfCleric","Smiling Mask"],"potions_floor_usage":[8,10,14,16],"damage_taken":[{"damage":0,"enemies":"2 Louse","floor":1,"turns":3},{"damage":15,"enemies":"Small Slimes","floor":3,"turns":6},{"damage":0,"enemies":"Cultist","floor":7,"turns":4},{"damage":2,"enemies":"Looter","floor":8,"turns":3},{"damage":0,"enemies":"Lagavulin Event","floor":10,"turns":2},{"damage":21,"enemies":"Exordium Thugs","floor":11,"turns":8},{"damage":6,"enemies":"Blue Slaver","floor":14,"turns":2},{"damage":38,"enemies":"Slime Boss","floor":16,"turns":12}],"seed_played":"5472693758441745443","potions_obtained":[{"floor":1,"key":"SmokeBomb"},{"floor":3,"key":"Strength Potion"},{"floor":13,"key":"PowerPotion"},{"floor":13,"key":"SteroidPotion"}],"is_trial":false,"path_per_floor":["M","$","M","?","?","R","M","M","T","?","M","R","?","M","R","B"],"character_chosen":"THE_SILENT","items_purchased":[],"campfire_rested":0,"item_purchase_floors":[],"current_hp_per_floor":[59,59,44,60,60,60,61,60,60,61,41,41,41,36,36,0],"gold":102,"neow_bonus":"RANDOM_COLORLESS","is_prod":false,"is_daily":false,"chose_seed":false,"campfire_upgraded":3,"win_rate":0,"timestamp":1561486620,"path_taken":["M","$","M","?","?","R","M","?","T","?","M","R","?","?","R","BOSS"],"build_version":"2019-01-23","purchased_purges":1,"victory":false,"max_hp_per_floor":[66,66,66,66,66,66,67,68,68,69,70,70,70,71,71,71],"card_choices":[{"not_picked":["Deadly Poison","Infinite Blades"],"picked":"Finisher","floor":1},{"not_picked":["Outmaneuver","Catalyst"],"picked":"Prepared","floor":3},{"not_picked":["Sucker Punch","Poisoned Stab"],"picked":"Deflect","floor":7},{"not_picked":["Underhanded Strike","Finisher"],"picked":"Noxious Fumes","floor":8},{"not_picked":["Dagger Spray","Finisher"],"picked":"Footwork","floor":11},{"not_picked":["Cloak And Dagger","Bane"],"picked":"Leg Sweep","floor":14}],"player_experience":1408472,"relics_obtained":[{"floor":9,"key":"Smiling Mask"}],"event_choices":[{"damage_healed":16,"gold_gain":0,"player_choice":"Healed","damage_taken":0,"max_hp_gain":0,"max_hp_loss":0,"event_name":"The Cleric","floor":4,"gold_loss":35},{"damage_healed":0,"gold_gain":0,"player_choice":"Trade","damage_taken":0,"relics_obtained":["FaceOfCleric"],"max_hp_gain":0,"max_hp_loss":0,"event_name":"FaceTrader","floor":5,"gold_loss":0},{"damage_healed":0,"gold_gain":0,"player_choice":"Searched \u00271\u0027 times","damage_taken":0,"max_hp_gain":0,"max_hp_loss":0,"event_name":"Dead Adventurer","floor":10,"gold_loss":0},{"damage_healed":0,"gold_gain":0,"player_choice":"Got Potions","damage_taken":0,"max_hp_gain":0,"max_hp_loss":0,"event_name":"Lab","floor":13,"gold_loss":0}],"is_beta":false,"boss_relics":[],"items_purged_floors":[2],"is_endless":false,"potions_floor_spawned":[1,3,10],"killed_by":"Slime Boss","ascension_level":17}