{"gold_per_floor":[14,24,24,42,59,93,63,98,152,181,3,18,18,18],"floor_reached":14,"playtime":849,"items_purged":[],"score":187,"play_id":"6c1132be-01b2-4e3c-bf23-3b4031c5e823","local_time":"20190623083306","is_ascension_mode":true,"campfire_choices":[],"neow_cost":"NO_GOLD","seed_source_timestamp":0,"circlet_count":0,"master_deck":["AscendersBane","Defend_G","Defend_G","Defend_G","Defend_G","Strike_G","Strike_G","Strike_G","Strike_G","Survivor","Neutralize","Crippling Poison","Backflip","Poisoned Stab","Flying Knee","Bane","Heel Hook","Leg Sweep","Poisoned Stab"],"special_seed":0,"relics":["Ring of the Snake","GremlinMask","Happy Flower","Gremlin Horn","Snake Skull","Ancient Tea Set","Oddly Smooth Stone"],"potions_floor_usage":[5,8,10,14],"damage_taken":[{"damage":1.0,"enemies":"2 Louse","floor":1.0,"turns":5.0},{"damage":0.0,"enemies":"Cultist","floor":2.0,"turns":4.0},{"damage":1,"enemies":"Jaw Worm","floor":4,"turns":7},{"damage":4,"enemies":"Large Slime","floor":5,"turns":11},{"damage":22,"enemies":"Gremlin Nob","floor":6,"turns":5},{"damage":1,"enemies":"Looter","floor":7,"turns":4},{"damage":7,"enemies":"3 Sentries","floor":8,"turns":4},{"damage":15,"enemies":"Lagavulin","floor":10,"turns":6},{"damage":0,"enemies":"Exordium Wildlife","floor":12,"turns":4},{"damage":15,"enemies":"Exordium Thugs","floor":14,"turns":4}],"seed_played":"-4102554187392456651","potions_obtained":[{"floor":1.0,"key":"SkillPotion"},{"floor":4,"key":"Block Potion"},{"floor":5,"key":"EssenceOfSteel"},{"floor":10,"key":"SkillPotion"}],"is_trial":false,"path_per_floor":["M","M","?","M","M","E","M","E","T","E","$","M","?","M"],"character_chosen":"THE_SILENT","items_purchased":["Oddly Smooth Stone","Poisoned Stab"],"campfire_rested":0,"item_purchase_floors":[11,11],"current_hp_per_floor":[58,58,58,57,53,31,30,23,23,8,8,8,1,0],"gold":18,"neow_bonus":"REMOVE_TWO","is_prod":false,"is_daily":false,"chose_seed":false,"campfire_upgraded":0,"win_rate":0,"timestamp":1561289586,"path_taken":["M","M","?","M","M","E","M","E","T","E","$","?","?","M"],"build_version":"2019-01-23","purchased_purges":0,"victory":false,"max_hp_per_floor":[66,66,66,66,66,66,66,66,66,66,66,66,66,66],"card_choices":[{"not_picked":["Underhanded Strike","Riddle With Holes"],"picked":"Crippling Poison","floor":1.0},{"not_picked":["Choke","Distraction"],"picked":"Backflip","floor":2.0},{"not_picked":["Dagger Spray","Concentrate"],"picked":"Poisoned Stab","floor":4},{"not_picked":["Bane","Dodge and Roll"],"picked":"Flying Knee","floor":5},{"not_picked":["Dagger Throw","Flying Knee"],"picked":"Bane","floor":6},{"not_picked":["Burst","Bane"],"picked":"Heel Hook","floor":7},{"not_picked":["Tactician","Dagger Spray","Dagger Throw"],"picked":"SKIP","floor":8},{"not_picked":["Infinite Blades","Accuracy"],"picked":"Leg Sweep","floor":10},{"not_picked":["Dodge and Roll","Reflex","Cloak And Dagger"],"picked":"SKIP","floor":12}],"player_experience":1146833,"relics_obtained":[{"floor":6,"key":"Happy Flower"},{"floor":8,"key":"Gremlin Horn"},{"floor":9,"key":"Snake Skull"},{"floor":10,"key":"Ancient Tea Set"}],"event_choices":[{"damage_healed":0.0,"max_hp_gain":0.0,"max_hp_loss":0.0,"gold_gain":0.0,"event_name":"FaceTrader","player_choice":"Trade","floor":3.0,"gold_loss":0.0,"damage_taken":0.0,"relics_obtained":["GremlinMask"]},{"damage_healed":0,"gold_gain":0,"player_choice":"Fled","damage_taken":7,"max_hp_gain":0,"max_hp_loss":0,"event_name":"Scrap Ooze","floor":13,"gold_loss":0}],"is_beta":false,"boss_relics":[],"items_purged_floors":[],"is_endless":false,"potions_floor_spawned":[1,4,5,10],"killed_by":"Exordium Thugs","ascension_level":14}