{"gold_per_floor":[118,118,118,129,142,158,158,184,210,240,240,250,250,280,280,381,381,396,276,276,345,87,87,105,105,105,121,21,51,51,51,51,150,150,170,45,65,65,0,0,25,25,48,81,97,97,107,118,118,118],"floor_reached":51,"playtime":3287,"items_purged":["Defend_B","Regret","Strike_B"],"score":756,"play_id":"b701f01e-6fdf-44e6-99a4-9a89de639a36","local_time":"20190529174303","is_ascension_mode":false,"campfire_choices":[{"data":"Defragment","floor":7,"key":"SMITH"},{"data":"Zap","floor":11,"key":"SMITH"},{"floor":13,"key":"REST"},{"data":"Dualcast","floor":15,"key":"SMITH"},{"data":"Electrodynamics","floor":23,"key":"SMITH"},{"floor":32,"key":"REST"},{"data":"Amplify","floor":40,"key":"SMITH"},{"floor":42,"key":"REST"},{"floor":49,"key":"REST"}],"neow_cost":"NONE","seed_source_timestamp":106450820355451,"circlet_count":0,"master_deck":["Defend_B","Defend_B","Zap+1","Dualcast+1","Defragment+1","Hologram","Defragment+1","Cold Snap","Coolheaded","Seek","Capacitor","Rebound","Electrodynamics+1","Auto Shields","Capacitor","Conserve Battery","Amplify+1","Glacier+1","Finesse","Defragment+1","Force Field","White Noise","Turbo"],"relics":["Cracked Core","Lantern","Orichalcum","Tiny Chest","Oddly Smooth Stone","Inserter","Bottled Tornado","Anchor","Darkstone Periapt","Happy Flower","Dream Catcher","Pantograph","Nuclear Battery","Red Mask","Frozen Egg 2","Centennial Puzzle","Shovel"],"potions_floor_usage":[6,6,16,29,29,37,41],"damage_taken":[{"damage":0,"enemies":"Cultist","floor":1,"turns":3},{"damage":7,"enemies":"Small Slimes","floor":4,"turns":4},{"damage":3,"enemies":"Jaw Worm","floor":5,"turns":3},{"damage":1,"enemies":"Exordium Wildlife","floor":6,"turns":3},{"damage":14,"enemies":"3 Sentries","floor":8,"turns":7},{"damage":12,"enemies":"Large Slime","floor":12,"turns":5},{"damage":2,"enemies":"Gremlin Nob","floor":14,"turns":4},{"damage":25,"enemies":"Hexaghost","floor":16,"turns":9},{"damage":6,"enemies":"Spheric Guardian","floor":18,"turns":5},{"damage":1,"enemies":"Chosen","floor":24,"turns":4},{"damage":5,"enemies":"Centurion and Healer","floor":27,"turns":3},{"damage":0,"enemies":"Slavers","floor":29,"turns":3},{"damage":25,"enemies":"Collector","floor":33,"turns":8},{"damage":13,"enemies":"3 Darklings","floor":35,"turns":3},{"damage":3,"enemies":"Orb Walker","floor":37,"turns":4},{"damage":21,"enemies":"Nemesis","floor":41,"turns":11},{"damage":16,"enemies":"Reptomancer","floor":44,"turns":8},{"damage":0,"enemies":"Sphere and 2 Shapes","floor":45,"turns":5},{"damage":32,"enemies":"Writhing Mass","floor":47,"turns":6},{"damage":0,"enemies":"Spire Growth","floor":48,"turns":4},{"damage":28,"enemies":"Time Eater","floor":50,"turns":19}],"seed_played":"181662270669623125","potions_obtained":[{"floor":0,"key":"Fire Potion"},{"floor":0,"key":"Energy Potion"},{"floor":0,"key":"PowerPotion"},{"floor":12,"key":"Strength Potion"},{"floor":18,"key":"AttackPotion"},{"floor":29,"key":"Fruit Juice"},{"floor":37,"key":"FocusPotion"},{"floor":41,"key":"Poison Potion"},{"floor":47,"key":"Ancient Potion"}],"is_trial":false,"path_per_floor":["M","?","?","M","M","M","R","E","T","?","R","M","R","E","R","B",null,"M","$","?","T","$","R","M","?","T","M","$","E","?","T","R","B",null,"M","$","M","?","?","R","E","R","T","E","M","?","M","M","R","B",null],"character_chosen":"DEFECT","items_purchased":["Capacitor","Rebound","Capacitor","Anchor"],"campfire_rested":4,"item_purchase_floors":[19,19,22,22],"current_hp_per_floor":[75,75,75,68,65,64,64,50,50,50,50,38,60,58,58,33,75,69,69,69,69,69,69,68,68,68,63,63,63,49,49,73,55,80,67,67,69,69,69,69,48,73,73,57,57,57,25,25,50,47],"gold":118,"neow_bonus":"THREE_SMALL_POTIONS","is_prod":false,"is_daily":false,"chose_seed":false,"campfire_upgraded":5,"win_rate":0.0,"timestamp":1559169783,"path_taken":["M","?","?","M","?","M","R","E","T","?","R","M","R","E","R","BOSS","M","$","?","?","$","R","M","?","T","M","$","E","?","?","R","BOSS","M","$","M","?","?","R","E","R","T","E","M","?","?","M","R","BOSS"],"build_version":"2019-01-23","purchased_purges":3,"victory":true,"max_hp_per_floor":[75,75,75,75,75,75,75,75,75,75,75,75,75,75,75,75,75,75,75,75,75,75,75,75,75,75,75,75,75,80,80,80,80,80,80,80,85,85,85,85,85,85,85,85,85,85,85,85,85,85],"card_choices":[{"not_picked":["Ball Lightning","Compile Driver","Rainbow"],"picked":"SKIP","floor":1},{"not_picked":["Turbo","Compile Driver"],"picked":"Hologram","floor":4},{"not_picked":["Compile Driver","Sweeping Beam"],"picked":"Defragment","floor":5},{"not_picked":["Reinforced Body","Sweeping Beam"],"picked":"Cold Snap","floor":6},{"not_picked":["Consume","Auto Shields","Biased Cognition"],"picked":"SKIP","floor":8},{"not_picked":["Reinforced Body","Streamline"],"picked":"Coolheaded","floor":12},{"not_picked":["Blizzard","Barrage"],"picked":"Seek","floor":14},{"not_picked":["Streamline","Undo","Chaos"],"picked":"SKIP","floor":24},{"not_picked":["Turbo","Stack"],"picked":"Conserve Battery","floor":27},{"not_picked":["Capacitor","Steam Power","Stack"],"picked":"SKIP","floor":29},{"not_picked":["Reboot","Machine Learning"],"picked":"Amplify","floor":33},{"not_picked":["Storm+1","Turbo"],"picked":"Glacier+1","floor":35},{"not_picked":["Undo","Skim","Stack"],"picked":"SKIP","floor":37},{"not_picked":["Mayhem","Secret Weapon"],"picked":"Finesse","floor":38},{"not_picked":["Sweeping Beam","Scrape","Leap"],"picked":"SKIP","floor":41},{"not_picked":["Stack","Reboot"],"picked":"Defragment+1","floor":44},{"not_picked":["Steam+1","Go for the Eyes+1"],"picked":"Force Field","floor":45},{"not_picked":["Go for the Eyes","Coolheaded"],"picked":"White Noise","floor":47},{"not_picked":["Meteor Strike","Beam Cell+1"],"picked":"Turbo","floor":48}],"player_experience":15077,"relics_obtained":[{"floor":8,"key":"Lantern"},{"floor":9,"key":"Orichalcum"},{"floor":14,"key":"Oddly Smooth Stone"},{"floor":21,"key":"Bottled Tornado"},{"floor":26,"key":"Happy Flower"},{"floor":29,"key":"Dream Catcher"},{"floor":31,"key":"Pantograph"},{"floor":41,"key":"Frozen Egg 2"},{"floor":43,"key":"Centennial Puzzle"},{"floor":44,"key":"Shovel"}],"event_choices":[{"damage_healed":0,"gold_gain":0,"cards_transformed":["Strike_B"],"player_choice":"Change","damage_taken":0,"max_hp_gain":0,"max_hp_loss":0,"event_name":"Living Wall","floor":2,"gold_loss":0,"cards_obtained":["Defragment"]},{"damage_healed":0,"gold_gain":0,"player_choice":"Upgraded","damage_taken":0,"max_hp_gain":0,"max_hp_loss":0,"event_name":"Upgrade Shrine","floor":3,"gold_loss":0,"cards_upgraded":["Defragment"]},{"damage_healed":0,"gold_gain":0,"player_choice":"Box","damage_taken":0,"relics_obtained":["Tiny Chest"],"max_hp_gain":0,"max_hp_loss":0,"event_name":"Big Fish","floor":10,"gold_loss":0,"cards_obtained":["Regret"]},{"damage_healed":0,"gold_gain":0,"cards_transformed":["Strike_B","Strike_B"],"player_choice":"Became Test Subject","damage_taken":0,"max_hp_gain":0,"max_hp_loss":0,"event_name":"Drug Dealer","floor":20,"gold_loss":0,"cards_obtained":["Electrodynamics","Auto Shields"]},{"damage_healed":0,"gold_gain":0,"player_choice":"Opened","damage_taken":0,"relics_obtained":["Darkstone Periapt"],"max_hp_gain":0,"max_hp_loss":0,"event_name":"The Mausoleum","floor":25,"gold_loss":0},{"damage_healed":0,"gold_gain":0,"player_choice":"Shed Blood","damage_taken":19,"max_hp_gain":5,"max_hp_loss":0,"event_name":"Forgotten Altar","floor":30,"gold_loss":0},{"damage_healed":0,"gold_gain":0,"player_choice":"Memory 1","damage_taken":0,"max_hp_gain":0,"max_hp_loss":0,"event_name":"SensoryStone","floor":38,"gold_loss":0},{"damage_healed":0,"gold_gain":0,"player_choice":"Paid","damage_taken":0,"relics_obtained":["Red Mask"],"max_hp_gain":0,"max_hp_loss":0,"event_name":"Tomb of Lord Red Mask","floor":39,"gold_loss":65},{"cards_removed":["Defend_B"],"damage_healed":0,"gold_gain":0,"player_choice":"Purged","damage_taken":0,"max_hp_gain":0,"max_hp_loss":0,"event_name":"Purifier","floor":46,"gold_loss":0}],"is_beta":false,"boss_relics":[{"not_picked":["Philosopher\u0027s Stone","Lizard Tail"],"picked":"Inserter"},{"not_picked":["Orrery","Fusion Hammer"],"picked":"Nuclear Battery"}],"items_purged_floors":[22,28,36],"is_endless":false,"potions_floor_spawned":[1,5,12,18,29,37,41,47],"ascension_level":0}