{"gold_per_floor":[119,1,11,11,25,25,35,51,51,51,26,26,42,60,60,138,138,138,138,138,149,64,64,83,99,126,126,137,62,93,43,43,43],"floor_reached":33,"playtime":1458,"items_purged":["Strike_G"],"score":427,"play_id":"41140eb5-123d-49a9-a1fe-2903bb765782","local_time":"20190624131349","is_ascension_mode":true,"campfire_choices":[{"floor":6,"key":"REST"},{"data":"Terror","floor":10,"key":"SMITH"},{"floor":12,"key":"REST"},{"data":"Poisoned Stab","floor":15,"key":"SMITH"},{"floor":23,"key":"REST"},{"floor":27,"key":"REST"},{"floor":32,"key":"REST"}],"neow_cost":"PERCENT_DAMAGE","seed_source_timestamp":265058084163000,"circlet_count":0,"master_deck":["AscendersBane","Defend_G","Defend_G","Defend_G","Defend_G","Defend_G","Strike_G","Survivor","Neutralize+1","Concentrate+1","Infinite Blades","Caltrops","Catalyst","Escape Plan","PiercingWail","Dodge and Roll","Poisoned Stab+1","Terror+1","Bane","Poisoned Stab+1","Flying Knee","Adrenaline","Bouncing Flask+1","Bouncing Flask","Backflip","Bane","Blade Dance+1"],"relics":["Ring of the Snake","Bottled Lightning","Fusion Hammer","Blue Candle","Art of War","Whetstone"],"potions_floor_usage":[18,28,30,33],"damage_taken":[{"damage":1,"enemies":"Small Slimes","floor":1,"turns":4},{"damage":10,"enemies":"Cultist","floor":3,"turns":5},{"damage":9,"enemies":"2 Louse","floor":5,"turns":3},{"damage":5,"enemies":"2 Fungi Beasts","floor":7,"turns":5},{"damage":18,"enemies":"Gremlin Gang","floor":8,"turns":6},{"damage":1,"enemies":"3 Louse","floor":13,"turns":4},{"damage":15,"enemies":"Large Slime","floor":14,"turns":7},{"damage":10,"enemies":"Hexaghost","floor":16,"turns":9},{"damage":0,"enemies":"Spheric Guardian","floor":18,"turns":1},{"damage":9,"enemies":"Shell Parasite","floor":21,"turns":5},{"damage":9,"enemies":"Centurion and Healer","floor":24,"turns":6},{"damage":19,"enemies":"Snake Plant","floor":25,"turns":3},{"damage":16,"enemies":"Cultist and Chosen","floor":28,"turns":5},{"damage":18,"enemies":"Gremlin Leader","floor":30,"turns":5},{"damage":67,"enemies":"Champ","floor":33,"turns":7}],"seed_played":"8985120583162633895","potions_obtained":[{"floor":1,"key":"Ancient Potion"},{"floor":5,"key":"SmokeBomb"},{"floor":24,"key":"Swift Potion"},{"floor":28,"key":"Poison Potion"}],"is_trial":false,"path_per_floor":["M","$","M","?","M","R","M","M","T","R","$","R","M","M","R","B",null,"M","?","?","M","?","R","M","M","T","R","M","$","E","?","R","B"],"character_chosen":"THE_SILENT","items_purchased":["Catalyst","Escape Plan","Bane"],"campfire_rested":5,"item_purchase_floors":[2,2,11],"current_hp_per_floor":[44,44,34,34,25,46,41,23,23,23,23,44,43,28,28,18,57,57,57,57,48,48,69,60,41,41,62,46,46,28,28,49,0],"gold":43,"neow_bonus":"TRANSFORM_TWO_CARDS","is_prod":false,"is_daily":false,"chose_seed":false,"campfire_upgraded":2,"win_rate":0,"timestamp":1561396429,"path_taken":["M","$","M","?","M","R","M","M","T","R","$","R","?","M","R","BOSS","M","?","?","?","?","R","M","M","T","R","M","$","E","?","R","BOSS"],"build_version":"2019-01-23","purchased_purges":1,"victory":false,"max_hp_per_floor":[70,70,70,70,70,70,70,70,70,70,70,70,70,70,70,70,70,70,70,70,70,70,70,70,70,70,70,70,70,70,70,70,70],"card_choices":[{"not_picked":["Skewer","Dagger Throw"],"picked":"Caltrops","floor":1},{"not_picked":["Underhanded Strike","Dagger Throw"],"picked":"PiercingWail","floor":3},{"not_picked":["Bane","Underhanded Strike"],"picked":"Dodge and Roll","floor":5},{"not_picked":["Bane","Setup"],"picked":"Poisoned Stab","floor":7},{"not_picked":["Setup","Underhanded Strike"],"picked":"Terror","floor":8},{"not_picked":["Night Terror","Terror"],"picked":"Poisoned Stab","floor":13},{"not_picked":["Prepared","Deflect"],"picked":"Flying Knee","floor":14},{"not_picked":["Wraith Form v2","Venomology"],"picked":"Adrenaline","floor":16},{"not_picked":["Flying Knee","Outmaneuver"],"picked":"Bouncing Flask+1","floor":21},{"not_picked":["Quick Slash","Tactician+1"],"picked":"Bouncing Flask","floor":24},{"not_picked":["Heel Hook","Escape Plan"],"picked":"Backflip","floor":25},{"not_picked":["Expertise","Acrobatics"],"picked":"Bane","floor":28},{"not_picked":["Reflex","Outmaneuver"],"picked":"Blade Dance+1","floor":30}],"player_experience":1339424,"relics_obtained":[{"floor":9,"key":"Bottled Lightning"},{"floor":26,"key":"Art of War"},{"floor":30,"key":"Whetstone"}],"event_choices":[{"damage_healed":0,"gold_gain":0,"player_choice":"Upgraded","damage_taken":0,"max_hp_gain":0,"max_hp_loss":0,"event_name":"Upgrade Shrine","floor":4,"gold_loss":0,"cards_upgraded":["Concentrate"]},{"damage_healed":0,"gold_gain":0,"player_choice":"Ignored","damage_taken":0,"max_hp_gain":0,"max_hp_loss":0,"event_name":"Cursed Tome","floor":19,"gold_loss":0},{"cards_removed":["Strike_G"],"damage_healed":0,"gold_gain":0,"player_choice":"Card Removal","damage_taken":0,"max_hp_gain":0,"max_hp_loss":0,"event_name":"Wheel of Change","floor":20,"gold_loss":0},{"damage_healed":0,"gold_gain":0,"player_choice":"Obtained Relic","damage_taken":0,"relics_obtained":["Blue Candle"],"max_hp_gain":0,"max_hp_loss":0,"event_name":"Addict","floor":22,"gold_loss":85},{"damage_healed":0,"gold_gain":0,"player_choice":"Bet on Murderer","damage_taken":0,"max_hp_gain":0,"max_hp_loss":0,"event_name":"The Joust","floor":31,"gold_loss":50}],"is_beta":false,"boss_relics":[{"not_picked":["WristBlade","Ectoplasm"],"picked":"Fusion Hammer"}],"items_purged_floors":[29],"is_endless":false,"potions_floor_spawned":[1,5,16,24,28],"killed_by":"Champ","ascension_level":13}