{"gold_per_floor":[111,30,49,63,78,108,108,128,201,89,140,175,175,186,186,285,285,304,304,52,71,45,78,96,96,396,410,430,174,194,213,213,312,312,323,343,343,305,318,318,418,471,471,486,486,502,502,514,514,514],"floor_reached":51,"playtime":2616,"items_purged":["Strike_B","Strike_B"],"score":898,"play_id":"fb8ebb12-cd1e-4a57-80a8-6e0e7d4055a0","local_time":"20190615141004","is_ascension_mode":true,"campfire_choices":[{"data":"Streamline","floor":7,"key":"SMITH"},{"data":"Streamline","floor":13,"key":"SMITH"},{"data":"Buffer","floor":15,"key":"SMITH"},{"floor":25,"key":"REST"},{"data":"Glacier","floor":32,"key":"SMITH"},{"data":"Amplify","floor":40,"key":"SMITH"},{"data":"Zap","floor":49,"key":"SMITH"}],"neow_cost":"NONE","seed_source_timestamp":330768451310118,"circlet_count":0,"master_deck":["Strike_B","Strike_B+1","Defend_B","Defend_B","Defend_B","Defend_B","Zap+1","Dualcast","Buffer+1","Streamline+1","Self Repair","Go for the Eyes+1","Streamline+1","Defragment","Turbo","Creative AI","White Noise+1","Hologram","Electrodynamics","Beam Cell+1","Glacier+1","Amplify+1","Redo+1","Self Repair","Hello World+1"],"relics":["Cracked Core","Meat on the Bone","Peace Pipe","Sozu","Nloth\u0027s Gift","Mummified Hand","Whetstone","Old Coin","Orichalcum","Runic Pyramid","Nunchaku","Torii","Dodecahedron"],"potions_floor_usage":[21,27],"damage_taken":[{"damage":2,"enemies":"2 Louse","floor":1,"turns":2},{"damage":7,"enemies":"Small Slimes","floor":3,"turns":4},{"damage":1,"enemies":"Cultist","floor":4,"turns":4},{"damage":17,"enemies":"Gremlin Gang","floor":5,"turns":5},{"damage":17,"enemies":"Lagavulin","floor":6,"turns":8},{"damage":10,"enemies":"2 Fungi Beasts","floor":8,"turns":3},{"damage":18,"enemies":"Gremlin Nob","floor":12,"turns":4},{"damage":2,"enemies":"3 Louse","floor":14,"turns":3},{"damage":55,"enemies":"Slime Boss","floor":16,"turns":11},{"damage":0,"enemies":"Chosen","floor":18,"turns":4},{"damage":11,"enemies":"2 Thieves","floor":21,"turns":4},{"damage":54,"enemies":"Slavers","floor":23,"turns":5},{"damage":13,"enemies":"Cultist and Chosen","floor":24,"turns":6},{"damage":7,"enemies":"Chosen and Byrds","floor":27,"turns":3},{"damage":1,"enemies":"Sentry and Sphere","floor":28,"turns":3},{"damage":8,"enemies":"Snake Plant","floor":30,"turns":3},{"damage":0,"enemies":"Snecko","floor":31,"turns":4},{"damage":19,"enemies":"Automaton","floor":33,"turns":5},{"damage":14,"enemies":"3 Shapes","floor":35,"turns":5},{"damage":21,"enemies":"3 Darklings","floor":36,"turns":4},{"damage":46,"enemies":"Spire Growth","floor":39,"turns":5},{"damage":0,"enemies":"Mind Bloom Boss Battle","floor":41,"turns":7},{"damage":4,"enemies":"2 Orb Walkers","floor":42,"turns":4},{"damage":8,"enemies":"Writhing Mass","floor":44,"turns":7},{"damage":43,"enemies":"3 Darklings","floor":46,"turns":4},{"damage":6,"enemies":"Maw","floor":48,"turns":7},{"damage":67,"enemies":"Donu and Deca","floor":50,"turns":7}],"seed_played":"-4293459426493435859","potions_obtained":[{"floor":5,"key":"FocusPotion"},{"floor":14,"key":"SteroidPotion"},{"floor":16,"key":"Swift Potion"}],"is_trial":false,"path_per_floor":["M","$","M","M","M","E","R","M","T","$","?","E","R","M","R","B",null,"M","?","$","M","$","E","M","R","T","M","M","$","M","M","R","B",null,"M","M","?","$","M","R","?","?","T","M","?","M","?","M","R","B",null],"character_chosen":"DEFECT","items_purchased":["Self Repair","Defragment","Mummified Hand","Hologram","Orichalcum","Self Repair"],"campfire_rested":1,"item_purchase_floors":[2,10,20,22,29,38],"current_hp_per_floor":[66,66,66,72,62,62,62,59,59,59,59,60,60,58,58,22,69,76,76,76,72,72,37,43,68,68,68,74,74,66,73,73,68,81,81,67,67,67,47,47,61,78,78,84,84,60,60,75,75,41],"gold":514,"neow_bonus":"ONE_RANDOM_RARE_CARD","is_prod":false,"is_daily":false,"chose_seed":false,"campfire_upgraded":6,"win_rate":0,"timestamp":1560625804,"path_taken":["M","$","M","M","M","E","R","M","T","$","?","E","R","M","R","BOSS","M","?","$","M","$","E","M","R","T","M","M","$","?","?","R","BOSS","M","M","?","$","M","R","?","?","T","M","?","?","?","M","R","BOSS"],"build_version":"2019-01-23","purchased_purges":2,"victory":true,"max_hp_per_floor":[75,75,75,75,75,85,85,85,85,85,85,85,85,85,85,85,85,85,85,85,85,85,85,85,85,85,85,85,85,85,85,85,85,85,85,85,85,85,85,85,85,85,85,85,85,85,85,85,85,85],"card_choices":[{"not_picked":["Force Field","Lockon"],"picked":"Streamline","floor":1},{"not_picked":["Double Energy","Redo","Compile Driver"],"picked":"SKIP","floor":3},{"not_picked":["Rebound","Steam"],"picked":"Go for the Eyes","floor":4},{"not_picked":["Stack","Go for the Eyes","Cold Snap"],"picked":"SKIP","floor":5},{"not_picked":["Coolheaded","Streamline","Double Energy"],"picked":"SKIP","floor":6},{"not_picked":["Coolheaded","Double Energy"],"picked":"Streamline","floor":6},{"not_picked":["Reprogram","Coolheaded","Barrage"],"picked":"SKIP","floor":8},{"not_picked":["Sunder","Coolheaded","Amplify"],"picked":"SKIP","floor":12},{"not_picked":["Beam Cell","Leap"],"picked":"Turbo","floor":14},{"not_picked":["Hyperbeam","Buffer"],"picked":"Creative AI","floor":16},{"not_picked":["Doom and Gloom","Conserve Battery","Auto Shields"],"picked":"SKIP","floor":18},{"not_picked":["Go for the Eyes+1","Electrodynamics"],"picked":"White Noise+1","floor":21},{"not_picked":["Coolheaded+1","Stack"],"picked":"Electrodynamics","floor":23},{"not_picked":["Cold Snap","Hyperbeam"],"picked":"Beam Cell+1","floor":24},{"not_picked":["Stack+1","Sweeping Beam","Chaos+1"],"picked":"SKIP","floor":27},{"not_picked":["Hologram","Cold Snap+1","Genetic Algorithm"],"picked":"SKIP","floor":28},{"not_picked":["Redo","Turbo"],"picked":"Glacier","floor":30},{"not_picked":["Beam Cell","Redo","Reinforced Body"],"picked":"SKIP","floor":31},{"not_picked":["Hyperbeam","Creative AI"],"picked":"Amplify","floor":33},{"not_picked":["Conserve Battery+1","Cold Snap+1"],"picked":"Redo+1","floor":35},{"not_picked":["Chill+1","Melter+1","Steam Power"],"picked":"SKIP","floor":36},{"not_picked":["Reprogram+1","Fusion+1","Barrage+1"],"picked":"SKIP","floor":39},{"not_picked":["Turbo","Sweeping Beam","Ball Lightning"],"picked":"SKIP","floor":44},{"not_picked":["Gash+1","Compile Driver+1"],"picked":"Force Field+1","floor":46},{"not_picked":["Barrage+1","Rainbow"],"picked":"Hello World+1","floor":48}],"player_experience":264517,"relics_obtained":[{"floor":6,"key":"Pear"},{"floor":9,"key":"Meat on the Bone"},{"floor":12,"key":"Peace Pipe"},{"floor":23,"key":"Whetstone"},{"floor":26,"key":"Old Coin"},{"floor":41,"key":"Nunchaku"},{"floor":42,"key":"Torii"},{"floor":43,"key":"Dodecahedron"}],"event_choices":[{"damage_healed":0,"gold_gain":51,"player_choice":"Gained Gold","damage_taken":0,"max_hp_gain":0,"max_hp_loss":0,"event_name":"Golden Wing","floor":11,"gold_loss":0},{"damage_healed":0,"gold_gain":0,"player_choice":"Traded Relic","damage_taken":0,"relics_obtained":["Nloth\u0027s Gift"],"max_hp_gain":0,"max_hp_loss":0,"event_name":"N\u0027loth","floor":19,"relics_lost":["Pear"],"gold_loss":0},{"damage_healed":0,"gold_gain":0,"player_choice":"Memory 1","damage_taken":0,"max_hp_gain":0,"max_hp_loss":0,"event_name":"SensoryStone","floor":37,"gold_loss":0},{"damage_healed":0,"gold_gain":0,"player_choice":"Fight","damage_taken":0,"max_hp_gain":0,"max_hp_loss":0,"event_name":"MindBloom","floor":41,"gold_loss":0},{"damage_healed":0,"gold_gain":0,"player_choice":"Fight","damage_taken":0,"max_hp_gain":0,"max_hp_loss":0,"event_name":"Mysterious Sphere","floor":42,"gold_loss":0},{"damage_healed":0,"gold_gain":0,"player_choice":"Ignored","damage_taken":0,"max_hp_gain":0,"max_hp_loss":0,"event_name":"Tomb of Lord Red Mask","floor":45,"gold_loss":0},{"cards_removed":["Force Field"],"damage_healed":0,"gold_gain":0,"player_choice":"Removed Skill","damage_taken":0,"max_hp_gain":0,"max_hp_loss":0,"event_name":"Falling","floor":47,"gold_loss":0}],"is_beta":false,"boss_relics":[{"not_picked":["Inserter","Lizard Tail"],"picked":"Sozu"},{"not_picked":["Orrery","FrozenCore"],"picked":"Runic Pyramid"}],"items_purged_floors":[10,29],"is_endless":false,"potions_floor_spawned":[5,14,16,18,23,30,31,36,41,46,48],"ascension_level":6}