{"gold_per_floor":[112,132,407,12,28,28,90,108,108,108,124,124,136,156,156,231,231,244,184,194,19,19,19,35,35,35,54,32,32,51,51],"floor_reached":31,"playtime":3013,"items_purged":["Strike_G","Regret"],"score":418,"play_id":"6a64ced9-623d-4b29-a573-1d1a1ce7f717","local_time":"20190624201527","is_ascension_mode":true,"campfire_choices":[{"data":"Neutralize","floor":6,"key":"SMITH"},{"floor":10,"key":"REST"},{"floor":12,"key":"REST"},{"data":"Noxious Fumes","floor":15,"key":"SMITH"},{"floor":23,"key":"REST"}],"neow_cost":"CURSE","seed_source_timestamp":288807793505300,"circlet_count":0,"master_deck":["AscendersBane","Defend_G","Defend_G","Defend_G","Defend_G","Strike_G","Strike_G","Strike_G","Survivor","Neutralize+1","Parasite","Deadly Poison","Backflip","Prepared","Quick Slash","Terror","Dodge and Roll","Prepared","Noxious Fumes+1","Malaise","Heel Hook","PiercingWail","Crippling Poison","Acrobatics","Backflip","Tactician","Acrobatics","Blur","Prepared","Quick Slash"],"relics":["Ring of the Snake","Incense Burner","TheAbacus","Tiny Chest","Darkstone Periapt","Eternal Feather","The Specimen","Dodecahedron"],"potions_floor_usage":[7,11,14,16,16,27,27,30],"damage_taken":[{"damage":0,"enemies":"2 Louse","floor":1,"turns":4},{"damage":2,"enemies":"Cultist","floor":2,"turns":4},{"damage":10,"enemies":"Small Slimes","floor":5,"turns":5},{"damage":37,"enemies":"3 Sentries","floor":7,"turns":15},{"damage":2,"enemies":"2 Fungi Beasts","floor":8,"turns":4},{"damage":2,"enemies":"Exordium Wildlife","floor":11,"turns":7},{"damage":4,"enemies":"Blue Slaver","floor":13,"turns":5},{"damage":5,"enemies":"3 Louse","floor":14,"turns":3},{"damage":24,"enemies":"The Guardian","floor":16,"turns":10},{"damage":21,"enemies":"Shell Parasite","floor":18,"turns":7},{"damage":7,"enemies":"2 Thieves","floor":19,"turns":4},{"damage":22,"enemies":"Snake Plant","floor":20,"turns":7},{"damage":25,"enemies":"Cultist and Chosen","floor":24,"turns":8},{"damage":7,"enemies":"3 Cultists","floor":27,"turns":5},{"damage":3,"enemies":"Chosen and Byrds","floor":30,"turns":8},{"damage":3,"enemies":"Snake Plant","floor":31,"turns":2}],"seed_played":"1271355912100111821","potions_obtained":[{"floor":8,"key":"SteroidPotion"},{"floor":13,"key":"GamblersBrew"},{"floor":14,"key":"Weak Potion"},{"floor":16,"key":"GhostInAJar"},{"floor":27,"key":"GhostInAJar"}],"is_trial":false,"path_per_floor":["M","M","?","$","M","R","E","M","T","R","M","R","M","M","R","B",null,"M","M","M","$","?","R","M","?","T","M","$","T","M","M"],"character_chosen":"THE_SILENT","items_purchased":["TheAbacus","Prepared","SteroidPotion","Weak Potion","Fire Potion","Acrobatics","Prepared"],"campfire_rested":3,"item_purchase_floors":[4,4,4,4,21,21,28],"current_hp_per_floor":[59,57,57,57,47,47,10,8,8,27,25,44,40,35,35,11,52,31,24,2,2,2,36,11,11,11,4,4,4,1,0],"gold":51,"neow_bonus":"ONE_RARE_RELIC","is_prod":false,"is_daily":false,"chose_seed":false,"campfire_upgraded":2,"win_rate":0,"timestamp":1561421727,"path_taken":["M","M","?","$","?","R","E","M","T","R","M","R","M","M","R","BOSS","M","M","M","$","?","R","M","?","T","M","?","?","M","M"],"build_version":"2019-01-23","purchased_purges":2,"victory":false,"max_hp_per_floor":[66,66,66,66,66,66,66,66,66,66,66,66,66,66,66,66,66,66,66,66,66,66,66,66,66,66,66,66,66,66,66],"card_choices":[{"not_picked":["Dodge and Roll","Infinite Blades"],"picked":"Deadly Poison","floor":1},{"not_picked":["Prepared","Outmaneuver"],"picked":"Backflip","floor":2},{"not_picked":["Dodge and Roll","Reflex","Well Laid Plans"],"picked":"SKIP","floor":5},{"not_picked":["Finisher","Backflip"],"picked":"Quick Slash","floor":7},{"not_picked":["Skewer","Acrobatics"],"picked":"Terror","floor":8},{"not_picked":["Terror","Well Laid Plans"],"picked":"Dodge and Roll","floor":11},{"not_picked":["Accuracy","Backflip"],"picked":"Prepared","floor":13},{"not_picked":["Deadly Poison","Skewer"],"picked":"Noxious Fumes","floor":14},{"not_picked":["Phantasmal Killer","A Thousand Cuts"],"picked":"Malaise","floor":16},{"not_picked":["Deflect","Deadly Poison"],"picked":"Heel Hook","floor":18},{"not_picked":["Concentrate","Outmaneuver"],"picked":"PiercingWail","floor":19},{"not_picked":["PiercingWail","Calculated Gamble"],"picked":"Crippling Poison","floor":20},{"not_picked":["Outmaneuver","Dodge and Roll"],"picked":"Backflip","floor":24},{"not_picked":["Skewer","Dagger Throw"],"picked":"Blur","floor":27},{"not_picked":["Dagger Spray","Outmaneuver"],"picked":"Quick Slash","floor":30}],"player_experience":1356106,"relics_obtained":[{"floor":7,"key":"Tiny Chest"},{"floor":9,"key":"Darkstone Periapt"},{"floor":26,"key":"The Specimen"},{"floor":29,"key":"Dodecahedron"}],"event_choices":[{"damage_healed":0,"gold_gain":275,"player_choice":"Desecrate","damage_taken":0,"max_hp_gain":0,"max_hp_loss":0,"event_name":"Golden Shrine","floor":3,"gold_loss":0,"cards_obtained":["Regret"]},{"damage_healed":0,"gold_gain":0,"player_choice":"Ignored","damage_taken":0,"max_hp_gain":0,"max_hp_loss":0,"event_name":"Ghosts","floor":22,"gold_loss":0},{"damage_healed":0,"gold_gain":0,"cards_transformed":["Strike_G","Defend_G"],"player_choice":"Became Test Subject","damage_taken":0,"max_hp_gain":0,"max_hp_loss":0,"event_name":"Drug Dealer","floor":25,"gold_loss":0,"cards_obtained":["Tactician","Acrobatics"]}],"is_beta":false,"boss_relics":[{"not_picked":["Busted Crown","Runic Dome"],"picked":"Eternal Feather"}],"items_purged_floors":[4,21],"is_endless":false,"potions_floor_spawned":[8,13,14,16,24,27],"killed_by":"Snake Plant","ascension_level":15}