{"gold_per_floor":[117,117,130,143,218,218,245,34,34,34,34,45,45],"floor_reached":13,"playtime":463,"items_purged":["Strike_R"],"score":107,"play_id":"8b8f0a0a-8847-4d79-89dc-07fa101334a8","local_time":"20190421051654","is_ascension_mode":true,"campfire_choices":[{"data":"Bash","floor":6,"key":"SMITH"},{"floor":10,"key":"REST"}],"neow_cost":"NONE","seed_source_timestamp":38259216236214,"circlet_count":0,"master_deck":["Strike_R","Strike_R+1","Strike_R","Strike_R","Defend_R","Defend_R+1","Defend_R","Defend_R","Bash+1","Anger","Shrug It Off","Fiend Fire","Discovery","Flame Barrier","Uppercut"],"relics":["Black Star","Du-Vu Doll","Smiling Mask","Shuriken"],"potions_floor_usage":[11,11,12],"damage_taken":[{"damage":7,"enemies":"Jaw Worm","floor":1,"turns":3},{"damage":12,"enemies":"Small Slimes","floor":3,"turns":3},{"damage":6,"enemies":"2 Louse","floor":4,"turns":2},{"damage":27,"enemies":"Lagavulin","floor":7,"turns":5},{"damage":10,"enemies":"Gremlin Nob","floor":11,"turns":3},{"damage":6,"enemies":"Exordium Thugs","floor":12,"turns":5},{"damage":17,"enemies":"3 Sentries","floor":13,"turns":5}],"seed_played":"9191585896923582638","potions_obtained":[{"floor":1,"key":"Dexterity Potion"},{"floor":4,"key":"SmokeBomb"},{"floor":12,"key":"Fruit Juice"}],"is_trial":false,"path_per_floor":["M","?","M","M","?","R","E","$","T","R","E","M","E"],"character_chosen":"IRONCLAD","items_purchased":["Discovery","Flame Barrier"],"campfire_rested":1,"item_purchase_floors":[8,8],"current_hp_per_floor":[73,57,45,39,28,28,1,1,1,25,15,14,0],"gold":45,"neow_bonus":"BOSS_RELIC","is_prod":false,"is_daily":false,"chose_seed":false,"campfire_upgraded":1,"win_rate":0,"timestamp":1555838214,"path_taken":["M","?","M","M","?","R","E","$","T","R","E","M","E"],"build_version":"2019-01-23","purchased_purges":1,"victory":false,"max_hp_per_floor":[80,80,80,80,80,80,80,80,80,80,80,85,85],"card_choices":[{"not_picked":["Dual Wield","Sword Boomerang"],"picked":"Anger","floor":1},{"not_picked":["Sword Boomerang","Thunderclap"],"picked":"Shrug It Off","floor":3},{"not_picked":["Havoc","Blood for Blood","Flex"],"picked":"SKIP","floor":4},{"not_picked":["True Grit","Body Slam"],"picked":"Fiend Fire","floor":7},{"not_picked":["Shrug It Off","Second Wind"],"picked":"Uppercut","floor":12}],"player_experience":95800,"relics_obtained":[{"floor":7,"key":"Du-Vu Doll"},{"floor":7,"key":"Smiling Mask"},{"floor":9,"key":"Shuriken"}],"event_choices":[{"damage_healed":0,"gold_gain":0,"player_choice":"Entered Light","damage_taken":16,"max_hp_gain":0,"max_hp_loss":0,"event_name":"Shining Light","floor":2,"gold_loss":0,"cards_upgraded":["Strike_R","Defend_R"]},{"damage_healed":0,"gold_gain":75,"player_choice":"Gather Gold","damage_taken":11,"max_hp_gain":0,"max_hp_loss":0,"event_name":"World of Goop","floor":5,"gold_loss":0}],"is_beta":false,"boss_relics":[],"items_purged_floors":[8],"is_endless":false,"potions_floor_spawned":[1,4,12],"killed_by":"3 Sentries","ascension_level":3}