{"gold_per_floor":[115,40,40,40,52,77,97,114,114,128,128,147,147],"floor_reached":13,"playtime":375,"items_purged":["Strike_G"],"score":213,"play_id":"b1545703-281d-412f-a036-9ba2696d3071","local_time":"20190625154006","is_ascension_mode":true,"campfire_choices":[{"data":"Skewer","floor":11,"key":"SMITH"}],"neow_cost":"NONE","seed_source_timestamp":22407333044600,"circlet_count":0,"master_deck":["AscendersBane","Defend_G","Defend_G","Defend_G","Defend_G","Defend_G","Strike_G","Strike_G","Strike_G","Survivor","Neutralize","Escape Plan","Skewer+1","Outmaneuver+1","Noxious Fumes","Outmaneuver+1","Expertise+1","Leg Sweep+1"],"relics":["Ring of the Snake","NeowsBlessing","Toxic Egg 2","Pocketwatch"],"potions_floor_usage":[7,10],"damage_taken":[{"damage":0,"enemies":"2 Louse","floor":1,"turns":1},{"damage":0,"enemies":"Small Slimes","floor":5,"turns":1},{"damage":0,"enemies":"3 Sentries","floor":6,"turns":1},{"damage":0,"enemies":"Cultist","floor":7,"turns":2},{"damage":7,"enemies":"3 Louse","floor":8,"turns":4},{"damage":0,"enemies":"2 Fungi Beasts","floor":10,"turns":4},{"damage":13,"enemies":"Large Slime","floor":12,"turns":5},{"damage":44,"enemies":"Gremlin Nob","floor":13,"turns":4}],"seed_played":"-3537834262117851538","potions_obtained":[{"floor":1,"key":"Swift Potion"},{"floor":6,"key":"GhostInAJar"},{"floor":7,"key":"PowerPotion"}],"is_trial":false,"path_per_floor":["M","$","?","$","M","E","M","M","T","M","R","M","E"],"character_chosen":"THE_SILENT","items_purchased":[],"campfire_rested":0,"item_purchase_floors":[],"current_hp_per_floor":[59,59,52,52,52,52,52,45,45,45,45,32,0],"gold":147,"neow_bonus":"THREE_ENEMY_KILL","is_prod":false,"is_daily":false,"chose_seed":false,"campfire_upgraded":1,"win_rate":0,"timestamp":1561491606,"path_taken":["M","$","?","$","M","E","M","M","T","M","R","M","E"],"build_version":"2019-01-23","purchased_purges":1,"victory":false,"max_hp_per_floor":[66,66,66,66,66,66,66,66,66,66,66,66,66],"card_choices":[{"not_picked":["Underhanded Strike","Leg Sweep"],"picked":"Escape Plan","floor":1},{"not_picked":["Finisher","Reflex"],"picked":"Skewer","floor":5},{"not_picked":["Dagger Throw","Poisoned Stab"],"picked":"Outmaneuver","floor":6},{"not_picked":["Bane","Poisoned Stab"],"picked":"Noxious Fumes","floor":7},{"not_picked":["Sucker Punch","Expertise+1"],"picked":"Outmaneuver+1","floor":8},{"not_picked":["Underhanded Strike","Choke"],"picked":"Expertise+1","floor":10},{"not_picked":["Poisoned Stab","Dodge and Roll+1"],"picked":"Leg Sweep+1","floor":12}],"player_experience":1412874,"relics_obtained":[{"floor":6,"key":"Toxic Egg 2"},{"floor":9,"key":"Pocketwatch"}],"event_choices":[{"cards_removed":["Strike_G"],"damage_healed":0,"gold_gain":0,"player_choice":"Card Removal","damage_taken":7,"max_hp_gain":0,"max_hp_loss":0,"event_name":"Golden Wing","floor":3,"gold_loss":0}],"is_beta":false,"boss_relics":[],"items_purged_floors":[2],"is_endless":false,"potions_floor_spawned":[1,6,7],"killed_by":"Gremlin Nob","ascension_level":18}