{"gold_per_floor":[109,109,125,4,4,4,14,14,14,38,49,82,157,169,169,264,264,282,381,240,250,262,262,262,262,285,285,296,309,335,368,368,463,463,473,493,131,131,142,142,167,167,221,251,251,269,269,288,288,288],"floor_reached":51,"playtime":5469,"items_purged":["Strike_G"],"score":795,"play_id":"f16d379e-209e-4906-9261-f14913a84483","local_time":"20190418025145","is_ascension_mode":true,"campfire_choices":[{"data":"Dagger Spray","floor":6,"key":"SMITH"},{"data":"Neutralize","floor":8,"key":"SMITH"},{"floor":15,"key":"REST"},{"data":"Footwork","floor":23,"key":"SMITH"},{"data":"Well Laid Plans","floor":25,"key":"SMITH"},{"data":"After Image","floor":27,"key":"SMITH"},{"floor":32,"key":"REST"},{"data":"Catalyst","floor":40,"key":"SMITH"},{"data":"Catalyst","floor":42,"key":"SMITH"},{"data":"Envenom","floor":45,"key":"SMITH"},{"data":"A Thousand Cuts","floor":47,"key":"SMITH"},{"floor":49,"key":"REST"}],"neow_cost":"NONE","seed_source_timestamp":364911924461697,"circlet_count":0,"master_deck":["Defend_G","Defend_G","Defend_G","Defend_G","Defend_G","Strike_G","Strike_G","Strike_G","Strike_G","Survivor","Neutralize+1","After Image+1","Catalyst+1","Malaise","Neutralize","Dagger Spray+1","Backflip","Wraith Form v2","Dodge and Roll","Footwork+1","Backflip","Die Die Die","Dash","Adrenaline","Deadly Poison+1","A Thousand Cuts+1","Leg Sweep","Poisoned Stab","Well Laid Plans+1","Catalyst+1","Dash+1","Footwork+1","Envenom+1","Deadly Poison","Leg Sweep"],"relics":["Ring of the Serpent","Bag of Marbles","Odd Mushroom","Meat on the Bone","Omamori","Snake Skull","Red Mask","Cursed Key","Mummified Hand","WarpedTongs","Ornamental Fan","Bag of Preparation"],"potions_floor_usage":[33,33,41],"damage_taken":[{"damage":6,"enemies":"2 Louse","floor":1,"turns":3},{"damage":0,"enemies":"Cultist","floor":3,"turns":5},{"damage":2,"enemies":"Jaw Worm","floor":7,"turns":7},{"damage":0,"enemies":"The Mushroom Lair","floor":10,"turns":2},{"damage":0,"enemies":"2 Fungi Beasts","floor":11,"turns":2},{"damage":33,"enemies":"Gremlin Nob","floor":12,"turns":7},{"damage":6,"enemies":"Looter","floor":14,"turns":2},{"damage":13,"enemies":"The Guardian","floor":16,"turns":24},{"damage":4,"enemies":"Shell Parasite","floor":18,"turns":13},{"damage":20,"enemies":"Spheric Guardian","floor":21,"turns":8},{"damage":12,"enemies":"Centurion and Healer","floor":22,"turns":13},{"damage":7,"enemies":"Cultist and Chosen","floor":28,"turns":10},{"damage":5,"enemies":"Shelled Parasite and Fungi","floor":29,"turns":5},{"damage":10,"enemies":"Book of Stabbing","floor":30,"turns":6},{"damage":29,"enemies":"Masked Bandits","floor":31,"turns":4},{"damage":35,"enemies":"Collector","floor":33,"turns":14},{"damage":0,"enemies":"3 Shapes","floor":35,"turns":6},{"damage":0,"enemies":"3 Darklings","floor":36,"turns":6},{"damage":5,"enemies":"Sphere and 2 Shapes","floor":39,"turns":5},{"damage":5,"enemies":"Reptomancer","floor":41,"turns":6},{"damage":4,"enemies":"Nemesis","floor":44,"turns":5},{"damage":0,"enemies":"Writhing Mass","floor":46,"turns":3},{"damage":11,"enemies":"Transient","floor":48,"turns":5},{"damage":19,"enemies":"Time Eater","floor":50,"turns":8}],"seed_played":"4478133215265287639","potions_obtained":[{"floor":1,"key":"SneckoOil"},{"floor":10,"key":"GamblersBrew"},{"floor":11,"key":"SpeedPotion"},{"floor":21,"key":"Energy Potion"},{"floor":29,"key":"AttackPotion"},{"floor":35,"key":"Poison Potion"},{"floor":41,"key":"FairyPotion"},{"floor":44,"key":"Block Potion"},{"floor":48,"key":"Swift Potion"}],"is_trial":false,"path_per_floor":["M","?","M","$","$","R","M","R","T","?","M","E","?","M","R","B",null,"M","?","$","M","M","R","?","R","T","R","M","M","E","?","R","B",null,"M","M","$","?","M","R","E","R","T","E","R","M","R","M","R","B",null],"character_chosen":"THE_SILENT","items_purchased":["Backflip","Wraith Form v2","A Thousand Cuts","Mummified Hand","Deadly Poison"],"campfire_rested":3,"item_purchase_floors":[4,4,20,37,37],"current_hp_per_floor":[64,64,64,64,64,64,62,62,62,62,62,29,18,24,45,44,70,66,66,66,46,46,46,46,46,46,46,39,46,36,19,40,17,70,70,70,70,70,65,65,60,60,60,56,56,56,56,45,66,47],"gold":288,"neow_bonus":"ONE_RANDOM_RARE_CARD","is_prod":false,"is_daily":false,"chose_seed":false,"campfire_upgraded":9,"win_rate":0,"timestamp":1555570305,"path_taken":["M","?","M","?","$","R","M","R","T","?","M","E","?","M","R","BOSS","M","?","$","M","M","R","?","R","T","R","M","M","E","?","R","BOSS","M","M","$","?","M","R","E","R","T","E","R","?","R","M","R","BOSS"],"build_version":"2019-01-23","purchased_purges":1,"victory":true,"max_hp_per_floor":[70,70,70,70,70,70,70,70,70,70,70,70,70,70,70,70,70,70,70,70,70,70,70,70,70,70,70,70,70,70,70,70,70,70,70,70,70,70,70,70,70,70,70,70,70,70,70,70,70,70],"card_choices":[{"not_picked":["Accuracy","Blade Dance"],"picked":"Catalyst","floor":1},{"not_picked":["Sucker Punch","Deflect"],"picked":"Dagger Spray","floor":3},{"not_picked":["Dagger Spray","Sucker Punch"],"picked":"Dodge and Roll","floor":7},{"not_picked":["Sucker Punch","Prepared"],"picked":"Footwork","floor":10},{"not_picked":["Flechettes","Cloak And Dagger"],"picked":"Backflip","floor":11},{"not_picked":["Reflex","Predator"],"picked":"Die Die Die","floor":12},{"not_picked":["Sucker Punch","Flying Knee"],"picked":"Dash","floor":14},{"not_picked":["Grand Finale","Glass Knife"],"picked":"Adrenaline","floor":16},{"not_picked":["Sucker Punch","Heel Hook"],"picked":"Deadly Poison+1","floor":18},{"not_picked":["Blur","Dagger Spray"],"picked":"Leg Sweep","floor":21},{"not_picked":["Backflip","Quick Slash"],"picked":"Poisoned Stab","floor":22},{"not_picked":["Dagger Spray+1","Outmaneuver"],"picked":"Catalyst","floor":28},{"not_picked":["Underhanded Strike","Finisher+1","Acrobatics"],"picked":"SKIP","floor":29},{"not_picked":["Quick Slash+1","Concentrate"],"picked":"Dash+1","floor":30},{"not_picked":["Dodge and Roll","Flying Knee"],"picked":"Footwork+1","floor":31},{"not_picked":["Unload","Adrenaline"],"picked":"Envenom","floor":33},{"not_picked":["Backflip","Deflect+1","Dagger Spray+1"],"picked":"SKIP","floor":35},{"not_picked":["Predator+1","Dagger Throw","All Out Attack"],"picked":"SKIP","floor":36},{"not_picked":["Prepared","Masterful Stab+1"],"picked":"Leg Sweep","floor":39},{"not_picked":["Quick Slash+1","Leg Sweep+1","Sucker Punch"],"picked":"SKIP","floor":41},{"not_picked":["Poisoned Stab","Dagger Spray+1","Infinite Blades+1"],"picked":"SKIP","floor":44},{"not_picked":["Poisoned Stab","Dagger Spray+1","Infinite Blades+1"],"picked":"SKIP","floor":44},{"not_picked":["Finisher+1","Quick Slash+1","Flying Knee"],"picked":"SKIP","floor":46},{"not_picked":["Backflip","Infinite Blades","Dagger Throw+1"],"picked":"SKIP","floor":48}],"player_experience":79238,"relics_obtained":[{"floor":9,"key":"Bag of Marbles"},{"floor":10,"key":"Odd Mushroom"},{"floor":12,"key":"Meat on the Bone"},{"floor":26,"key":"Omamori"},{"floor":30,"key":"Snake Skull"},{"floor":31,"key":"Red Mask"},{"floor":41,"key":"Ornamental Fan"},{"floor":44,"key":"Bag of Preparation"}],"event_choices":[{"damage_healed":0,"gold_gain":0,"player_choice":"2 cards matched","damage_taken":0,"max_hp_gain":0,"max_hp_loss":0,"event_name":"Match and Keep!","floor":2,"gold_loss":0,"cards_obtained":["Malaise","Neutralize"]},{"damage_healed":0,"gold_gain":0,"player_choice":"Fought Mushrooms","damage_taken":0,"max_hp_gain":0,"max_hp_loss":0,"event_name":"Mushrooms","floor":10,"gold_loss":0},{"damage_healed":0,"gold_gain":75,"player_choice":"Gather Gold","damage_taken":11,"max_hp_gain":0,"max_hp_loss":0,"event_name":"World of Goop","floor":13,"gold_loss":0},{"damage_healed":0,"gold_gain":99,"player_choice":"Stole From Cult","damage_taken":0,"max_hp_gain":0,"max_hp_loss":0,"event_name":"Nest","floor":19,"gold_loss":0},{"damage_healed":0,"gold_gain":0,"player_choice":"Read","damage_taken":0,"max_hp_gain":0,"max_hp_loss":0,"event_name":"The Library","floor":24,"gold_loss":0,"cards_obtained":["Well Laid Plans"]},{"damage_healed":0,"gold_gain":0,"player_choice":"Fought Bandits","damage_taken":0,"max_hp_gain":0,"max_hp_loss":0,"event_name":"Masked Bandits","floor":31,"gold_loss":0},{"damage_healed":0,"gold_gain":0,"player_choice":"Rummage","damage_taken":0,"relics_obtained":["WarpedTongs"],"max_hp_gain":0,"max_hp_loss":0,"event_name":"Accursed Blacksmith","floor":38,"gold_loss":0,"cards_obtained":["Pain"]}],"is_beta":false,"boss_relics":[{"not_picked":["Lizard Tail","Ectoplasm"],"picked":"Ring of the Serpent"},{"not_picked":["Philosopher\u0027s Stone","WristBlade"],"picked":"Cursed Key"}],"items_purged_floors":[37],"is_endless":false,"potions_floor_spawned":[1,10,11,21,29,30,35,41,44,48],"ascension_level":2}