{"gold_per_floor":[113,62,73,85,85,85,160,160,160,160,160,160,188,201,201,304,304,316,316,330,330],"floor_reached":21,"playtime":805,"items_purged":[],"score":221,"play_id":"b0bb68fa-a2b5-4e1c-8577-474de1ddc22a","local_time":"20190614115446","is_ascension_mode":true,"campfire_choices":[{"data":"Dualcast","floor":6,"key":"SMITH"},{"data":"Conserve Battery","floor":8,"key":"SMITH"},{"floor":15,"key":"REST"}],"neow_cost":"NONE","seed_source_timestamp":238071389042116,"circlet_count":0,"master_deck":["Strike_B","Strike_B","Strike_B+1","Defend_B+1","Defend_B","Defend_B","Defend_B","Zap+1","Dualcast+1","Conserve Battery+1","Cold Snap","Steam","Regret","Coolheaded","Redo","Electrodynamics","Doubt","Clumsy","Writhe","Go for the Eyes+1"],"relics":["Cracked Core","Dream Catcher","Cables","Bag of Preparation","Blue Candle","Calling Bell","Omamori","Dodecahedron","Calipers","Pocketwatch"],"potions_floor_usage":[4,16,18],"damage_taken":[{"damage":1,"enemies":"Cultist","floor":1,"turns":3},{"damage":1,"enemies":"2 Louse","floor":3,"turns":2},{"damage":0,"enemies":"Jaw Worm","floor":4,"turns":3},{"damage":2,"enemies":"Gremlin Nob","floor":13,"turns":3},{"damage":5,"enemies":"Looter","floor":14,"turns":3},{"damage":19,"enemies":"The Guardian","floor":16,"turns":15},{"damage":27,"enemies":"Chosen","floor":18,"turns":7},{"damage":28,"enemies":"3 Byrds","floor":20,"turns":3},{"damage":6,"enemies":"Cultist and Chosen","floor":21,"turns":3}],"seed_played":"-7531783040402235600","potions_obtained":[{"floor":3,"key":"Block Potion"},{"floor":13,"key":"AttackPotion"},{"floor":16,"key":"GamblersBrew"},{"floor":20,"key":"GamblersBrew"}],"is_trial":false,"path_per_floor":["M","$","M","M","?","R","?","R","T","?","?","?","E","M","R","B",null,"M","?","M","M"],"character_chosen":"DEFECT","items_purchased":["Cold Snap"],"campfire_rested":1,"item_purchase_floors":[2],"current_hp_per_floor":[74,74,73,73,66,66,55,55,55,55,37,22,20,15,37,18,61,34,34,6,0],"gold":330,"neow_bonus":"UPGRADE_CARD","is_prod":false,"is_daily":false,"chose_seed":false,"campfire_upgraded":2,"win_rate":0,"timestamp":1560531286,"path_taken":["M","$","?","M","?","R","?","R","T","?","?","?","E","M","R","BOSS","M","?","M","M"],"build_version":"2019-01-23","purchased_purges":0,"victory":false,"max_hp_per_floor":[75,75,75,75,75,75,75,75,75,75,75,75,75,75,75,75,75,75,75,75,75],"card_choices":[{"not_picked":["Streamline","Go for the Eyes"],"picked":"Conserve Battery","floor":1},{"not_picked":["Conserve Battery","Hologram","Blizzard"],"picked":"SKIP","floor":3},{"not_picked":["Go for the Eyes","Rebound"],"picked":"Steam","floor":4},{"not_picked":["Machine Learning","Ball Lightning"],"picked":"Coolheaded","floor":13},{"not_picked":["Leap","Coolheaded"],"picked":"Redo","floor":14},{"not_picked":["Creative AI","Fission"],"picked":"Electrodynamics","floor":16},{"not_picked":["Rebound","Steam Power","Gash"],"picked":"SKIP","floor":18},{"not_picked":["Reprogram","Gash"],"picked":"Go for the Eyes+1","floor":20}],"player_experience":251427,"relics_obtained":[{"floor":9,"key":"Dream Catcher"},{"floor":13,"key":"Blue Candle"},{"floor":17,"key":"Omamori"},{"floor":17,"key":"Dodecahedron"},{"floor":17,"key":"Calipers"}],"event_choices":[{"cards_removed":["Strike_B"],"damage_healed":0,"gold_gain":0,"player_choice":"Card Removal","damage_taken":7,"max_hp_gain":0,"max_hp_loss":0,"event_name":"Golden Wing","floor":5,"gold_loss":0},{"damage_healed":0,"gold_gain":75,"player_choice":"Gather Gold","damage_taken":11,"max_hp_gain":0,"max_hp_loss":0,"event_name":"World of Goop","floor":7,"gold_loss":0},{"damage_healed":0,"gold_gain":0,"player_choice":"Box","damage_taken":0,"relics_obtained":["Cables"],"max_hp_gain":0,"max_hp_loss":0,"event_name":"Big Fish","floor":10,"gold_loss":0,"cards_obtained":["Regret"]},{"damage_healed":0,"gold_gain":0,"player_choice":"Success","damage_taken":18,"relics_obtained":["Bag of Preparation"],"max_hp_gain":0,"max_hp_loss":0,"event_name":"Scrap Ooze","floor":11,"gold_loss":0},{"damage_healed":0,"gold_gain":0,"player_choice":"Entered Light","damage_taken":15,"max_hp_gain":0,"max_hp_loss":0,"event_name":"Shining Light","floor":12,"gold_loss":0,"cards_upgraded":["Strike_B","Defend_B"]},{"damage_healed":0,"gold_gain":0,"player_choice":"Opened","damage_taken":0,"relics_obtained":["Pocketwatch"],"max_hp_gain":0,"max_hp_loss":0,"event_name":"The Mausoleum","floor":19,"gold_loss":0,"cards_obtained":["Writhe"]}],"is_beta":false,"boss_relics":[{"not_picked":["Coffee Dripper","Empty Cage"],"picked":"Calling Bell"}],"items_purged_floors":[],"is_endless":false,"potions_floor_spawned":[3,13,16,20],"killed_by":"Cultist and Chosen","ascension_level":5}