{"gold_per_floor":[116,116,116,116,134,168,168,189,214,229,243,243],"floor_reached":12,"playtime":483,"items_purged":[],"score":180,"play_id":"3a3677e6-9baa-4b45-9c15-6c09555a6393","local_time":"20190626191929","is_ascension_mode":true,"campfire_choices":[{"data":"Noxious Fumes","floor":7,"key":"SMITH"}],"neow_cost":"NONE","seed_source_timestamp":262488826327188,"circlet_count":0,"master_deck":["AscendersBane","Defend_G","Defend_G","Defend_G","Defend_G","Defend_G","Strike_G+1","Strike_G","Strike_G","Strike_G","Survivor","Neutralize","Terror+1","Cloak And Dagger","Noxious Fumes+1","Poisoned Stab","Dagger Throw"],"relics":["Ring of the Snake","NeowsBlessing","Juzu Bracelet","Odd Mushroom","PreservedInsect"],"potions_floor_usage":[],"damage_taken":[{"damage":0,"enemies":"2 Louse","floor":1,"turns":1},{"damage":0,"enemies":"Jaw Worm","floor":5,"turns":1},{"damage":0,"enemies":"Gremlin Nob","floor":6,"turns":1},{"damage":23,"enemies":"The Mushroom Lair","floor":8,"turns":5},{"damage":5,"enemies":"Small Slimes","floor":10,"turns":5},{"damage":1,"enemies":"Exordium Thugs","floor":11,"turns":4},{"damage":16,"enemies":"3 Sentries","floor":12,"turns":5}],"seed_played":"6698539674507053506","potions_obtained":[{"floor":10,"key":"FairyPotion"}],"is_trial":false,"path_per_floor":["M","?","?","$","M","E","R","?","T","M","M","E"],"character_chosen":"THE_SILENT","items_purchased":[],"campfire_rested":0,"item_purchase_floors":[],"current_hp_per_floor":[59,39,32,32,32,32,32,9,9,4,3,0],"gold":243,"neow_bonus":"THREE_ENEMY_KILL","is_prod":false,"is_daily":false,"chose_seed":false,"campfire_upgraded":1,"win_rate":0,"timestamp":1561587569,"path_taken":["M","?","?","?","M","E","R","?","T","M","M","E"],"build_version":"2019-01-23","purchased_purges":0,"victory":false,"max_hp_per_floor":[66,66,66,66,66,66,66,66,66,66,66,66],"card_choices":[{"not_picked":["Prepared","Calculated Gamble"],"picked":"Terror","floor":1},{"not_picked":["Accuracy","Acrobatics"],"picked":"Cloak And Dagger","floor":5},{"not_picked":["Predator","Dagger Throw"],"picked":"Noxious Fumes","floor":6},{"not_picked":["Setup","Dagger Spray"],"picked":"Poisoned Stab","floor":8},{"not_picked":["Underhanded Strike","Flying Knee"],"picked":"Dagger Throw","floor":10},{"not_picked":["Terror","Deflect","Heel Hook"],"picked":"SKIP","floor":11}],"player_experience":1199280,"relics_obtained":[{"floor":6,"key":"Juzu Bracelet"},{"floor":8,"key":"Odd Mushroom"},{"floor":9,"key":"PreservedInsect"}],"event_choices":[{"damage_healed":0,"gold_gain":0,"player_choice":"Entered Light","damage_taken":20,"max_hp_gain":0,"max_hp_loss":0,"event_name":"Shining Light","floor":2,"gold_loss":0,"cards_upgraded":["Terror","Strike_G"]},{"cards_removed":["Strike_G"],"damage_healed":0,"gold_gain":0,"player_choice":"Card Removal","damage_taken":7,"max_hp_gain":0,"max_hp_loss":0,"event_name":"Golden Wing","floor":3,"gold_loss":0},{"damage_healed":0,"gold_gain":0,"player_choice":"Fought Mushrooms","damage_taken":0,"max_hp_gain":0,"max_hp_loss":0,"event_name":"Mushrooms","floor":8,"gold_loss":0}],"is_beta":false,"boss_relics":[],"items_purged_floors":[],"is_endless":false,"potions_floor_spawned":[10],"killed_by":"3 Sentries","ascension_level":15}