{"gold_per_floor":[110,42,117,117,42,74,74,93,170,205,205,255,255,588,588,664,664,650,668,134,134],"floor_reached":21,"playtime":876,"items_purged":["Strike_G"],"score":338,"play_id":"32703728-7820-446c-be93-36e0f086111f","local_time":"20190624165238","is_ascension_mode":true,"campfire_choices":[{"data":"Night Terror","floor":7,"key":"SMITH"},{"floor":11,"key":"REST"},{"floor":13,"key":"REST"},{"data":"Neutralize","floor":15,"key":"SMITH"}],"neow_cost":"NONE","seed_source_timestamp":278767956415600,"circlet_count":0,"master_deck":["AscendersBane","Defend_G","Defend_G+1","Defend_G","Defend_G","Defend_G","Strike_G","Strike_G","Strike_G","Survivor","Neutralize+1","Backflip+1","Infinite Blades","Night Terror+1","Blade Dance","Slice","After Image","Night Terror","Expertise","Backflip","Infinite Blades","Blur"],"relics":["WristBlade","War Paint","Question Card","Tiny Chest","Smiling Mask","Old Coin","Busted Crown","Singing Bowl"],"potions_floor_usage":[10,19,21],"damage_taken":[{"damage":1,"enemies":"Cultist","floor":1,"turns":4},{"damage":20,"enemies":"Lagavulin","floor":6,"turns":10},{"damage":8,"enemies":"Jaw Worm","floor":8,"turns":5},{"damage":17,"enemies":"Gremlin Nob","floor":10,"turns":4},{"damage":5,"enemies":"Lagavulin","floor":14,"turns":8},{"damage":19,"enemies":"Slime Boss","floor":16,"turns":8},{"damage":12,"enemies":"2 Thieves","floor":18,"turns":4},{"damage":16,"enemies":"Spheric Guardian","floor":19,"turns":5},{"damage":34,"enemies":"Chosen and Byrds","floor":21,"turns":4}],"seed_played":"54473080066620962","potions_obtained":[{"floor":6,"key":"Strength Potion"},{"floor":16,"key":"PowerPotion"}],"is_trial":false,"path_per_floor":["M","$","?","T","?","E","R","M","T","E","R","?","R","E","R","B",null,"M","M","$","M"],"character_chosen":"THE_SILENT","items_purchased":["Infinite Blades","Infinite Blades","LiquidBronze","Blur","Singing Bowl","FearPotion"],"campfire_rested":2,"item_purchase_floors":[2,20,20,20,20,20],"current_hp_per_floor":[58,58,47,47,47,27,27,19,19,2,21,21,40,35,35,16,54,42,26,26,0],"gold":134,"neow_bonus":"BOSS_RELIC","is_prod":false,"is_daily":false,"chose_seed":false,"campfire_upgraded":2,"win_rate":0,"timestamp":1561409558,"path_taken":["M","$","?","?","?","E","R","M","T","E","R","?","R","E","R","BOSS","M","M","$","M"],"build_version":"2019-01-23","purchased_purges":1,"victory":false,"max_hp_per_floor":[66,66,66,66,66,66,66,66,66,66,66,66,66,66,66,66,66,66,66,66,66],"card_choices":[{"not_picked":["Bane","Dodge and Roll"],"picked":"Backflip","floor":1},{"not_picked":["All Out Attack","Deflect"],"picked":"Night Terror","floor":6},{"not_picked":["Riddle With Holes","Reflex","Sucker Punch"],"picked":"Blade Dance","floor":8},{"not_picked":["Eviscerate","Setup","Concentrate"],"picked":"Slice","floor":10},{"not_picked":["Cloak And Dagger","Outmaneuver","Deadly Poison"],"picked":"After Image","floor":14},{"not_picked":["Glass Knife","Malaise","Storm of Steel"],"picked":"Night Terror","floor":16},{"not_picked":["Backflip"],"picked":"Expertise","floor":18},{"not_picked":["Cloak And Dagger"],"picked":"Backflip","floor":19}],"player_experience":1352497,"relics_obtained":[{"floor":4,"key":"War Paint"},{"floor":6,"key":"Question Card"},{"floor":9,"key":"Tiny Chest"},{"floor":10,"key":"Smiling Mask"},{"floor":14,"key":"Old Coin"}],"event_choices":[{"damage_healed":0,"gold_gain":75,"player_choice":"Gather Gold","damage_taken":11,"max_hp_gain":0,"max_hp_loss":0,"event_name":"World of Goop","floor":3,"gold_loss":0},{"cards_removed":["Strike_G"],"damage_healed":0,"gold_gain":0,"player_choice":"Card Removal","damage_taken":0,"max_hp_gain":0,"max_hp_loss":0,"event_name":"The Cleric","floor":5,"gold_loss":75},{"damage_healed":0,"gold_gain":50,"player_choice":"Pray","damage_taken":0,"max_hp_gain":0,"max_hp_loss":0,"event_name":"Golden Shrine","floor":12,"gold_loss":0}],"is_beta":false,"boss_relics":[{"not_picked":["Ectoplasm","Empty Cage"],"picked":"Busted Crown"}],"items_purged_floors":[20],"is_endless":false,"potions_floor_spawned":[6,16],"killed_by":"Chosen and Byrds","ascension_level":15}