{"gold_per_floor":[112,112,124,21,37,72,72,222,245,245,245,245,49,77,77,77],"floor_reached":16,"playtime":874,"items_purged":["Regret","Strike_G"],"score":207,"play_id":"9f6955e6-b221-4037-8371-cd0bfd53de97","local_time":"20190626141039","is_ascension_mode":true,"campfire_choices":[{"data":"Wraith Form v2","floor":7,"key":"SMITH"},{"floor":12,"key":"REST"},{"data":"Blade Dance","floor":15,"key":"SMITH"}],"neow_cost":"NONE","seed_source_timestamp":58131907659792,"circlet_count":0,"master_deck":["AscendersBane","Defend_G","Defend_G","Defend_G","Defend_G","Defend_G","Strike_G","Strike_G","Strike_G","Survivor","Neutralize","Wraith Form v2+1","Finisher","Flying Knee","Flying Knee","Blade Dance+1","Masterful Stab","Caltrops","Footwork","Backflip"],"relics":["Ring of the Snake","Happy Flower","Vajra","Bag of Marbles","Molten Egg 2"],"potions_floor_usage":[6,16],"damage_taken":[{"damage":4,"enemies":"Small Slimes","floor":1,"turns":5},{"damage":4,"enemies":"2 Louse","floor":3,"turns":3},{"damage":2,"enemies":"Jaw Worm","floor":5,"turns":4},{"damage":32,"enemies":"3 Sentries","floor":6,"turns":9},{"damage":2,"enemies":"Gremlin Nob","floor":14,"turns":4},{"damage":39,"enemies":"Hexaghost","floor":16,"turns":9}],"seed_played":"4090980375853901521","potions_obtained":[{"floor":3,"key":"Swift Potion"},{"floor":6,"key":"Swift Potion"}],"is_trial":false,"path_per_floor":["M","?","M","$","M","E","R","?","T","?","?","R","$","E","R","B"],"character_chosen":"THE_SILENT","items_purchased":["Flying Knee","Footwork","Backflip"],"campfire_rested":1,"item_purchase_floors":[4,13,13],"current_hp_per_floor":[55,55,51,51,49,17,17,17,17,17,17,36,36,34,34,0],"gold":77,"neow_bonus":"ONE_RANDOM_RARE_CARD","is_prod":false,"is_daily":false,"chose_seed":false,"campfire_upgraded":2,"win_rate":0,"timestamp":1561572639,"path_taken":["M","?","M","$","M","E","R","?","T","?","?","R","$","E","R","BOSS"],"build_version":"2019-01-23","purchased_purges":2,"victory":false,"max_hp_per_floor":[66,66,66,66,66,66,66,66,66,66,66,66,66,66,66,66],"card_choices":[{"not_picked":["Backflip","Predator"],"picked":"Finisher","floor":1},{"not_picked":["Dagger Spray","Calculated Gamble"],"picked":"Flying Knee","floor":3},{"not_picked":["Sucker Punch","Deflect"],"picked":"Blade Dance","floor":5},{"not_picked":["Tools of the Trade","Slice"],"picked":"Masterful Stab","floor":6},{"not_picked":["Acrobatics","Concentrate","Caltrops"],"picked":"SKIP","floor":14}],"player_experience":717665,"relics_obtained":[{"floor":6,"key":"Vajra"},{"floor":9,"key":"Bag of Marbles"},{"floor":14,"key":"Molten Egg 2"}],"event_choices":[{"damage_healed":0,"gold_gain":0,"player_choice":"Box","damage_taken":0,"relics_obtained":["Happy Flower"],"max_hp_gain":0,"max_hp_loss":0,"event_name":"Big Fish","floor":2,"gold_loss":0,"cards_obtained":["Regret"]},{"damage_healed":0,"gold_gain":150,"player_choice":"AGREE","damage_taken":0,"max_hp_gain":0,"max_hp_loss":0,"event_name":"Liars Game","floor":8,"gold_loss":0,"cards_obtained":["Doubt"]},{"cards_removed":["Doubt"],"damage_healed":0,"gold_gain":0,"player_choice":"Forget","damage_taken":0,"max_hp_gain":0,"max_hp_loss":0,"event_name":"Living Wall","floor":10,"gold_loss":0},{"damage_healed":0,"gold_gain":0,"cards_transformed":["Strike_G"],"player_choice":"Transformed","damage_taken":0,"max_hp_gain":0,"max_hp_loss":0,"event_name":"Transmorgrifier","floor":11,"gold_loss":0,"cards_obtained":["Caltrops"]}],"is_beta":false,"boss_relics":[],"items_purged_floors":[4,13],"is_endless":false,"potions_floor_spawned":[3,6],"killed_by":"Hexaghost","ascension_level":19}