{"gold_per_floor":[117,41,56,131,56,82,82,29,56,56,84,84,101,101,101,180,180,194,194,208,27,45,45,71,71,71,84,98,110,110],"floor_reached":30,"playtime":1146,"items_purged":["Strike_G","Strike_G"],"score":566,"play_id":"49ff4e0e-ff6a-4fd5-b270-ffaeb33c74ca","local_time":"20190626161409","is_ascension_mode":true,"campfire_choices":[{"data":"Neutralize","floor":7,"key":"SMITH"},{"data":"Deadly Poison","floor":10,"key":"SMITH"},{"floor":12,"key":"REST"},{"floor":15,"key":"REST"},{"floor":23,"key":"REST"},{"floor":25,"key":"REST"}],"neow_cost":"NONE","seed_source_timestamp":110078574377200,"circlet_count":0,"master_deck":["AscendersBane","Defend_G","Defend_G","Defend_G","Defend_G","Defend_G","Survivor+1","Neutralize+1","Deadly Poison+1","Footwork+1","Endless Agony","Bane","Dagger Spray","Footwork","Malaise","Dagger Throw+1","Crippling Poison+1","Bullet Time+1","Dagger Spray+1","Bouncing Flask","Footwork","Blur","Blade Dance+1","Bouncing Flask+1"],"relics":["Ring of the Snake","NeowsBlessing","Oddly Smooth Stone","Boot","Orichalcum","Astrolabe","Tingsha","Letter Opener"],"potions_floor_usage":[11,20,20,22,24,30],"damage_taken":[{"damage":0,"enemies":"Small Slimes","floor":1,"turns":1},{"damage":0,"enemies":"2 Louse","floor":3,"turns":1},{"damage":0,"enemies":"Gremlin Nob","floor":6,"turns":1},{"damage":36,"enemies":"3 Sentries","floor":11,"turns":10},{"damage":0,"enemies":"Jaw Worm","floor":13,"turns":3},{"damage":12,"enemies":"Hexaghost","floor":16,"turns":14},{"damage":7,"enemies":"Chosen","floor":18,"turns":5},{"damage":5,"enemies":"2 Thieves","floor":20,"turns":2},{"damage":19,"enemies":"Shelled Parasite and Fungi","floor":22,"turns":5},{"damage":41,"enemies":"Book of Stabbing","floor":24,"turns":6},{"damage":0,"enemies":"Snecko","floor":27,"turns":5},{"damage":14,"enemies":"Sentry and Sphere","floor":28,"turns":5},{"damage":5,"enemies":"3 Cultists","floor":29,"turns":5},{"damage":5,"enemies":"Snake Plant","floor":30,"turns":1}],"seed_played":"3827036035876783301","potions_obtained":[{"floor":6,"key":"PowerPotion"},{"floor":11,"key":"GamblersBrew"},{"floor":20,"key":"SkillPotion"},{"floor":22,"key":"Swift Potion"},{"floor":29,"key":"PowerPotion"}],"is_trial":false,"path_per_floor":["M","$","M","?","$","E","R","$","T","R","E","R","M","?","R","B",null,"M","?","M","$","M","R","E","R","T","M","M","M","M"],"character_chosen":"THE_SILENT","items_purchased":["Footwork","SteroidPotion","Footwork"],"campfire_rested":4,"item_purchase_floors":[2,8,21],"current_hp_per_floor":[59,59,59,48,48,48,48,48,48,48,12,31,31,11,30,18,54,47,47,42,42,23,42,1,20,20,20,6,1,0],"gold":110,"neow_bonus":"THREE_ENEMY_KILL","is_prod":false,"is_daily":false,"chose_seed":false,"campfire_upgraded":2,"win_rate":0,"timestamp":1561580049,"path_taken":["M","$","M","?","$","E","R","$","T","R","E","R","M","?","R","BOSS","M","?","M","$","M","R","E","R","T","M","M","M","M"],"build_version":"2019-01-23","purchased_purges":2,"victory":false,"max_hp_per_floor":[66,66,66,66,66,66,66,66,66,66,66,66,66,66,66,66,66,66,66,66,66,66,66,66,66,66,66,66,66,66],"card_choices":[{"not_picked":["Deflect","Outmaneuver"],"picked":"Deadly Poison","floor":1},{"not_picked":["Underhanded Strike","Finisher"],"picked":"Endless Agony","floor":3},{"not_picked":["Backflip","Outmaneuver"],"picked":"Bane","floor":6},{"not_picked":["Poisoned Stab","Deadly Poison"],"picked":"Dagger Spray","floor":11},{"not_picked":["Bouncing Flask","PiercingWail"],"picked":"Footwork","floor":13},{"not_picked":["Glass Knife","Grand Finale"],"picked":"Malaise","floor":16},{"not_picked":["Dodge and Roll","Blade Dance"],"picked":"Dagger Spray+1","floor":18},{"not_picked":["Sucker Punch","Caltrops"],"picked":"Bouncing Flask","floor":20},{"not_picked":["Infinite Blades","Setup","Acrobatics"],"picked":"SKIP","floor":22},{"not_picked":["Finisher","Bouncing Flask"],"picked":"Blur","floor":24},{"not_picked":["Quick Slash","Flying Knee"],"picked":"Blade Dance+1","floor":27},{"not_picked":["Poisoned Stab","Slice","Acrobatics"],"picked":"SKIP","floor":28},{"not_picked":["Backflip","Dagger Spray+1"],"picked":"Bouncing Flask+1","floor":29}],"player_experience":1437318,"relics_obtained":[{"floor":6,"key":"Oddly Smooth Stone"},{"floor":9,"key":"Boot"},{"floor":11,"key":"Orichalcum"},{"floor":24,"key":"Tingsha"},{"floor":26,"key":"Letter Opener"}],"event_choices":[{"damage_healed":0,"gold_gain":75,"player_choice":"Gather Gold","damage_taken":11,"max_hp_gain":0,"max_hp_loss":0,"event_name":"World of Goop","floor":4,"gold_loss":0},{"damage_healed":0,"gold_gain":0,"player_choice":"Entered Light","damage_taken":20,"max_hp_gain":0,"max_hp_loss":0,"event_name":"Shining Light","floor":14,"gold_loss":0,"cards_upgraded":["Footwork","Survivor"]},{"damage_healed":0,"gold_gain":0,"player_choice":"Ignored","damage_taken":0,"max_hp_gain":0,"max_hp_loss":0,"event_name":"Ghosts","floor":19,"gold_loss":0}],"is_beta":false,"boss_relics":[{"not_picked":["Busted Crown","Runic Pyramid"],"picked":"Astrolabe"}],"items_purged_floors":[5,21],"is_endless":false,"potions_floor_spawned":[6,11,13,20,22,29],"killed_by":"Snake Plant","ascension_level":20}