{"gold_per_floor":[116,134,8,8,8,37,37,57,57,68,68,68,88,88,88,191,191,210,225,236,250,137,137,156,156,156,172,172,188,223,223,223,328,328,348,367,377,387,12,12,12],"floor_reached":41,"playtime":2130,"items_purged":["Normality"],"score":567,"play_id":"e19f1c7d-e97a-478e-9984-655905ba964d","local_time":"20190323064605","is_ascension_mode":true,"campfire_choices":[{"data":"Creative AI","floor":7,"key":"SMITH"},{"data":"Zap","floor":12,"key":"SMITH"},{"data":"Hologram","floor":15,"key":"SMITH"},{"data":"Self Repair","floor":23,"key":"SMITH"},{"data":"Dualcast","floor":25,"key":"SMITH"},{"data":"Storm","floor":28,"key":"SMITH"},{"data":"Echo Form","floor":32,"key":"SMITH"},{"data":"Hologram","floor":40,"key":"SMITH"}],"neow_cost":"NONE","seed_source_timestamp":478102046489467,"circlet_count":0,"master_deck":["Strike_B+1","Strike_B+1","Strike_B+1","Strike_B+1","Defend_B+1","Defend_B+1","Defend_B+1","Defend_B+1","Zap+1","Dualcast+1","Leap","Conserve Battery","Hologram+1","Self Repair","Creative AI+1","Sweeping Beam","Cold Snap","Auto Shields","Electrodynamics","Pain","Writhe","Hologram+1","Ball Lightning","Static Discharge+1","Self Repair+1","Compile Driver","Storm+1","Reinforced Body","Echo Form+1","Multi-Cast","Loop+1","Hologram+1","Heatsinks","Steam","Glacier+1","Stack+1","Loop"],"relics":["Cracked Core","NeowsBlessing","FaceOfCleric","Meat on the Bone","FossilizedHelix","Gremlin Horn","Calling Bell","Happy Flower","Pear","Unceasing Top","Bottled Tornado","Blood Vial","Orrery","Ice Cream"],"potions_floor_usage":[16,30,33,41,41],"damage_taken":[{"damage":0,"enemies":"2 Louse","floor":1,"turns":1},{"damage":0,"enemies":"Cultist","floor":2,"turns":1},{"damage":0,"enemies":"3 Sentries","floor":6,"turns":1},{"damage":11,"enemies":"Jaw Worm","floor":8,"turns":3},{"damage":24,"enemies":"Large Slime","floor":10,"turns":8},{"damage":10,"enemies":"2 Fungi Beasts","floor":13,"turns":4},{"damage":0,"enemies":"Slime Boss","floor":16,"turns":6},{"damage":54,"enemies":"Spheric Guardian","floor":18,"turns":8},{"damage":19,"enemies":"Shell Parasite","floor":19,"turns":9},{"damage":19,"enemies":"Centurion and Healer","floor":20,"turns":10},{"damage":6,"enemies":"Snecko","floor":21,"turns":5},{"damage":12,"enemies":"3 Cultists","floor":24,"turns":3},{"damage":39,"enemies":"Cultist and Chosen","floor":27,"turns":7},{"damage":13,"enemies":"Snecko","floor":29,"turns":5},{"damage":21,"enemies":"Book of Stabbing","floor":30,"turns":5},{"damage":39,"enemies":"Champ","floor":33,"turns":9},{"damage":52,"enemies":"3 Darklings","floor":35,"turns":6},{"damage":27,"enemies":"Orb Walker","floor":36,"turns":4},{"damage":22,"enemies":"Spire Growth","floor":37,"turns":6},{"damage":26,"enemies":"Jaw Worm Horde","floor":38,"turns":3},{"damage":76,"enemies":"Giant Head","floor":41,"turns":8}],"seed_played":"8929590747749890975","potions_obtained":[{"floor":8,"key":"AttackPotion"},{"floor":13,"key":"Regen Potion"},{"floor":16,"key":"Weak Potion"},{"floor":19,"key":"Ancient Potion"},{"floor":27,"key":"PowerPotion"},{"floor":30,"key":"GamblersBrew"},{"floor":33,"key":"EssenceOfSteel"},{"floor":37,"key":"Energy Potion"}],"is_trial":false,"path_per_floor":["M","M","$","?","$","E","R","M","T","M","?","R","M","T","R","B",null,"M","M","M","M","$","R","M","R","T","M","R","M","E","?","R","B",null,"M","M","M","M","$","R","E"],"character_chosen":"DEFECT","items_purchased":["Hologram","Self Repair","Self Repair","Ice Cream","Loop"],"campfire_rested":0,"item_purchase_floors":[3,3,22,39,39],"current_hp_per_floor":[75,75,75,75,75,76,76,73,73,57,50,50,48,48,48,56,90,56,64,65,67,67,67,56,56,56,47,47,57,59,59,59,52,99,70,58,61,60,60,60,0],"gold":12,"neow_bonus":"THREE_ENEMY_KILL","is_prod":false,"is_daily":false,"chose_seed":false,"campfire_upgraded":8,"win_rate":0,"timestamp":1553337965,"path_taken":["M","M","$","?","$","E","R","?","T","M","?","R","M","?","R","BOSS","M","M","M","M","$","R","M","R","T","M","R","M","E","?","R","BOSS","M","M","M","M","$","R","E"],"build_version":"2019-01-23","purchased_purges":1,"victory":false,"max_hp_per_floor":[75,75,75,75,75,76,76,77,77,78,78,78,79,79,79,80,90,91,92,93,94,94,94,95,95,95,96,96,97,98,98,98,99,99,100,101,102,103,103,103,103],"card_choices":[{"not_picked":["Rebound","Aggregate"],"picked":"Leap","floor":1},{"not_picked":["Turbo","Skim"],"picked":"Conserve Battery","floor":2},{"not_picked":["Genetic Algorithm","Machine Learning"],"picked":"Creative AI","floor":6},{"not_picked":["Gash","Scrape"],"picked":"Sweeping Beam","floor":8},{"not_picked":["Compile Driver","Sweeping Beam"],"picked":"Cold Snap","floor":10},{"not_picked":["Sweeping Beam","Scrape"],"picked":"Auto Shields","floor":13},{"not_picked":["Hyperbeam","Creative AI"],"picked":"Electrodynamics","floor":16},{"not_picked":["Darkness","Gash"],"picked":"Hologram","floor":18},{"not_picked":["Redo","Beam Cell","Rebound+1"],"picked":"SKIP","floor":19},{"not_picked":["Leap+1","Turbo+1"],"picked":"Ball Lightning","floor":20},{"not_picked":["Sweeping Beam","Go for the Eyes+1"],"picked":"Static Discharge+1","floor":21},{"not_picked":["Gash","Steam Power"],"picked":"Compile Driver","floor":24},{"not_picked":["Consume","BootSequence"],"picked":"Storm","floor":27},{"not_picked":["Sweeping Beam","Turbo"],"picked":"Reinforced Body","floor":29},{"not_picked":["Go for the Eyes","Beam Cell"],"picked":"Echo Form","floor":30},{"not_picked":["Hyperbeam","Meteor Strike"],"picked":"Multi-Cast","floor":33},{"not_picked":["Cold Snap","Glacier"],"picked":"Loop+1","floor":34},{"not_picked":["Rip and Tear","Sweeping Beam"],"picked":"Hologram+1","floor":34},{"not_picked":["Go for the Eyes","Hologram+1"],"picked":"Heatsinks","floor":34},{"not_picked":["Streamline","Beam Cell"],"picked":"Steam","floor":34},{"not_picked":["Cold Snap+1","Heatsinks+1","Gash"],"picked":"SKIP","floor":35},{"not_picked":["Steam+1","Cold Snap+1"],"picked":"Glacier+1","floor":36},{"not_picked":["Steam+1","Go for the Eyes+1","Cold Snap+1"],"picked":"SKIP","floor":37},{"not_picked":["Beam Cell+1","Steam Power+1"],"picked":"Stack+1","floor":38}],"player_experience":60193,"relics_obtained":[{"floor":6,"key":"Meat on the Bone"},{"floor":14,"key":"Gremlin Horn"},{"floor":17,"key":"Happy Flower"},{"floor":17,"key":"Pear"},{"floor":17,"key":"Unceasing Top"},{"floor":26,"key":"Bottled Tornado"},{"floor":30,"key":"Blood Vial"}],"event_choices":[{"damage_healed":0,"gold_gain":0,"player_choice":"Trade","damage_taken":0,"relics_obtained":["FaceOfCleric"],"max_hp_gain":0,"max_hp_loss":0,"event_name":"FaceTrader","floor":4,"gold_loss":0},{"damage_healed":0,"gold_gain":0,"player_choice":"Success","damage_taken":7,"relics_obtained":["FossilizedHelix"],"max_hp_gain":0,"max_hp_loss":0,"event_name":"Scrap Ooze","floor":11,"gold_loss":0},{"damage_healed":0,"gold_gain":0,"player_choice":"Simplicity","damage_taken":0,"max_hp_gain":0,"max_hp_loss":0,"event_name":"Back to Basics","floor":31,"gold_loss":0,"cards_upgraded":["Strike_B","Strike_B","Strike_B","Strike_B","Defend_B","Defend_B","Defend_B","Defend_B"]}],"is_beta":false,"boss_relics":[{"not_picked":["Nuclear Battery","Lizard Tail"],"picked":"Calling Bell"},{"not_picked":["Velvet Choker","Pandora\u0027s Box"],"picked":"Orrery"}],"items_purged_floors":[22],"is_endless":false,"potions_floor_spawned":[8,13,16,19,21,27,30,33,37,38],"killed_by":"Giant Head","ascension_level":1}