{"gold_per_floor":[111,130,55,55,75,75,105,105,129,129,141,141,151,164,164,242,242,253,23,123,143,193,193,221,240,288,203,229,243,243,259,259,336,336,347,347,12,30,30,64,64,78,101,101,128,143,160,192,192,192],"floor_reached":51,"playtime":3114,"items_purged":["Flechettes"],"score":1644,"play_id":"ec6c02df-5a14-4590-bd96-cfbf0adc55aa","local_time":"20190625194000","is_ascension_mode":true,"campfire_choices":[{"data":"Terror","floor":6,"key":"SMITH"},{"floor":8,"key":"REST"},{"floor":10,"key":"REST"},{"data":"Noxious Fumes","floor":12,"key":"SMITH"},{"data":"Riddle With Holes","floor":15,"key":"SMITH"},{"floor":23,"key":"REST"},{"floor":30,"key":"REST"},{"floor":32,"key":"REST"},{"data":"Adrenaline","floor":41,"key":"SMITH"},{"floor":49,"key":"REST"}],"neow_cost":"NONE","seed_source_timestamp":34059689312600,"circlet_count":0,"master_deck":["AscendersBane","Survivor","Neutralize","Terror+1","Backstab","Noxious Fumes+1","Dagger Throw","Masterful Stab","Riddle With Holes+1","Adrenaline+1","Crippling Poison","Grand Finale","Crippling Poison","Dagger Throw","Adrenaline","Predator","All Out Attack","Heel Hook","Violence","Acrobatics","Well Laid Plans","Acrobatics","Heel Hook","Underhanded Strike","Heel Hook","Tactician","Acrobatics","Blind","Doppelganger","Finisher+1","Prepared+1"],"relics":["Ring of the Snake","NeowsBlessing","Matryoshka","Bag of Preparation","The Courier","Bronze Scales","Pandora\u0027s Box","Tough Bandages","Mercury Hourglass","Orichalcum","Omamori","Ancient Tea Set","Bag of Marbles","Letter Opener","White Beast Statue","Paper Crane","Lantern","Juzu Bracelet","Boot","Art of War","Smiling Mask"],"potions_floor_usage":[7,16,16,20,28,33,45,48,50],"damage_taken":[{"damage":0,"enemies":"Cultist","floor":1,"turns":1},{"damage":0,"enemies":"2 Louse","floor":2,"turns":1},{"damage":0,"enemies":"Jaw Worm","floor":5,"turns":1},{"damage":52,"enemies":"Lagavulin","floor":7,"turns":9},{"damage":0,"enemies":"Looter","floor":11,"turns":2},{"damage":2,"enemies":"Large Slime","floor":13,"turns":3},{"damage":1,"enemies":"2 Fungi Beasts","floor":14,"turns":2},{"damage":22,"enemies":"Slime Boss","floor":16,"turns":6},{"damage":0,"enemies":"Spheric Guardian","floor":18,"turns":1},{"damage":2,"enemies":"Colosseum Slavers","floor":20,"turns":2},{"damage":30,"enemies":"Colosseum Nobs","floor":20,"turns":4},{"damage":0,"enemies":"3 Byrds","floor":21,"turns":2},{"damage":0,"enemies":"Book of Stabbing","floor":24,"turns":2},{"damage":7,"enemies":"Snecko","floor":25,"turns":3},{"damage":9,"enemies":"Slavers","floor":28,"turns":3},{"damage":0,"enemies":"Shelled Parasite and Fungi","floor":29,"turns":1},{"damage":0,"enemies":"Snake Plant","floor":31,"turns":1},{"damage":3,"enemies":"Automaton","floor":33,"turns":5},{"damage":0,"enemies":"Orb Walker","floor":35,"turns":1},{"damage":10,"enemies":"3 Shapes","floor":38,"turns":2},{"damage":0,"enemies":"Giant Head","floor":40,"turns":2},{"damage":0,"enemies":"Writhing Mass","floor":42,"turns":3},{"damage":24,"enemies":"Nemesis","floor":45,"turns":3},{"damage":0,"enemies":"Spire Growth","floor":46,"turns":2},{"damage":0,"enemies":"3 Darklings","floor":47,"turns":2},{"damage":0,"enemies":"Reptomancer","floor":48,"turns":3},{"damage":6,"enemies":"Donu and Deca","floor":50,"turns":3}],"seed_played":"-3170575389438183241","potions_obtained":[{"floor":2,"key":"Regen Potion"},{"floor":5,"key":"Explosive Potion"},{"floor":11,"key":"SteroidPotion"},{"floor":18,"key":"Energy Potion"},{"floor":25,"key":"AttackPotion"},{"floor":28,"key":"Block Potion"},{"floor":29,"key":"SkillPotion"},{"floor":35,"key":"Fire Potion"},{"floor":45,"key":"Block Potion"},{"floor":46,"key":"GamblersBrew"},{"floor":48,"key":"Energy Potion"}],"is_trial":false,"path_per_floor":["M","M","?","T","M","R","E","R","T","R","M","R","M","M","R","B",null,"M","$","?","M","?","R","E","M","T","?","E","M","R","M","R","B",null,"M","?","$","M","$","E","R","M","T","?","E","M","M","E","R","B",null],"character_chosen":"THE_SILENT","items_purchased":["Violence","Paper Crane","Lantern"],"campfire_rested":6,"item_purchase_floors":[19,37,37],"current_hp_per_floor":[59,59,59,59,59,59,17,36,36,55,55,55,53,52,52,30,57,57,57,25,25,25,44,44,37,37,37,28,28,47,47,66,63,65,65,65,65,55,55,55,55,55,55,55,31,31,31,31,50,44],"gold":192,"neow_bonus":"THREE_ENEMY_KILL","is_prod":false,"is_daily":false,"chose_seed":false,"campfire_upgraded":4,"win_rate":0,"timestamp":1561506000,"path_taken":["M","?","?","?","M","R","E","R","T","R","M","R","M","M","R","BOSS","M","$","?","M","?","R","E","M","T","?","E","M","R","M","R","BOSS","M","?","$","M","$","E","R","M","T","?","E","M","M","E","R","BOSS"],"build_version":"2019-01-23","purchased_purges":1,"victory":true,"max_hp_per_floor":[66,66,66,66,66,66,66,66,66,66,66,66,66,66,66,66,66,66,66,66,66,66,66,66,66,66,66,66,66,66,66,66,66,66,66,66,66,66,66,66,66,66,66,66,66,66,66,66,66,66],"card_choices":[{"not_picked":["Dagger Spray","Sucker Punch"],"picked":"Terror","floor":1},{"not_picked":["Skewer","Dodge and Roll"],"picked":"Backstab","floor":2},{"not_picked":["Dodge and Roll","Blade Dance","Setup"],"picked":"SKIP","floor":5},{"not_picked":["Distraction","Deadly Poison"],"picked":"Noxious Fumes","floor":7},{"not_picked":["Setup","Acrobatics"],"picked":"Dagger Throw","floor":11},{"not_picked":["Bouncing Flask","Cloak And Dagger"],"picked":"Masterful Stab","floor":13},{"not_picked":["Blade Dance","Slice"],"picked":"Riddle With Holes","floor":14},{"not_picked":["Venomology","Phantasmal Killer"],"picked":"Adrenaline","floor":16},{"not_picked":["Outmaneuver","Deflect"],"picked":"Heel Hook","floor":18},{"not_picked":["Dash","Poisoned Stab+1"],"picked":"Acrobatics","floor":20},{"not_picked":["Outmaneuver+1","Caltrops"],"picked":"Well Laid Plans","floor":21},{"not_picked":["Accuracy","Leg Sweep"],"picked":"Acrobatics","floor":24},{"not_picked":["All Out Attack","Noxious Fumes"],"picked":"Heel Hook","floor":25},{"not_picked":["Poisoned Stab","Blade Dance"],"picked":"Underhanded Strike","floor":28},{"not_picked":["Infinite Blades","Unload","Dodge and Roll"],"picked":"SKIP","floor":29},{"not_picked":["Infinite Blades","Predator","Expertise"],"picked":"SKIP","floor":31},{"not_picked":["Predator","Underhanded Strike+1","Footwork"],"picked":"SKIP","floor":35},{"not_picked":["Underhanded Strike+1","Footwork"],"picked":"Heel Hook","floor":38},{"not_picked":["Acrobatics","Distraction+1"],"picked":"Tactician","floor":40},{"not_picked":["Backflip","Distraction"],"picked":"Acrobatics","floor":42},{"not_picked":["Magnetism","Discovery"],"picked":"Blind","floor":44},{"not_picked":["Deflect","Cloak And Dagger"],"picked":"Doppelganger","floor":45},{"not_picked":["Acrobatics+1","Cloak And Dagger"],"picked":"Finisher+1","floor":46},{"not_picked":["Distraction","Flechettes","Deadly Poison+1"],"picked":"SKIP","floor":47},{"not_picked":["Distraction","Flechettes","Deadly Poison+1"],"picked":"SKIP","floor":47},{"not_picked":["Quick Slash","Outmaneuver"],"picked":"Prepared+1","floor":48}],"player_experience":1418587,"relics_obtained":[{"floor":4,"key":"Matryoshka"},{"floor":7,"key":"Bag of Preparation"},{"floor":9,"key":"The Courier"},{"floor":9,"key":"Bronze Scales"},{"floor":20,"key":"Tough Bandages"},{"floor":20,"key":"Mercury Hourglass"},{"floor":24,"key":"Orichalcum"},{"floor":26,"key":"Omamori"},{"floor":26,"key":"Ancient Tea Set"},{"floor":28,"key":"Letter Opener"},{"floor":40,"key":"Juzu Bracelet"},{"floor":43,"key":"Boot"},{"floor":45,"key":"Art of War"},{"floor":48,"key":"Smiling Mask"}],"event_choices":[{"cards_removed":["Strike_G"],"damage_healed":0,"gold_gain":0,"player_choice":"Card Removal","damage_taken":0,"max_hp_gain":0,"max_hp_loss":0,"event_name":"The Cleric","floor":3,"gold_loss":75},{"damage_healed":0,"gold_gain":0,"player_choice":"Fight","damage_taken":0,"max_hp_gain":0,"max_hp_loss":0,"event_name":"Colosseum","floor":20,"gold_loss":0},{"damage_healed":0,"gold_gain":0,"player_choice":"Fought Nobs","damage_taken":0,"max_hp_gain":0,"max_hp_loss":0,"event_name":"Colosseum","floor":20,"gold_loss":0},{"damage_healed":0,"gold_gain":50,"player_choice":"Stole From Cult","damage_taken":0,"max_hp_gain":0,"max_hp_loss":0,"event_name":"Nest","floor":22,"gold_loss":0},{"damage_healed":0,"gold_gain":0,"player_choice":"Obtained Relic","damage_taken":0,"relics_obtained":["Bag of Marbles"],"max_hp_gain":0,"max_hp_loss":0,"event_name":"Addict","floor":27,"gold_loss":85},{"cards_removed":["Reflex"],"damage_healed":0,"gold_gain":0,"player_choice":"Removed Skill","damage_taken":0,"max_hp_gain":0,"max_hp_loss":0,"event_name":"Falling","floor":36,"gold_loss":0},{"damage_healed":0,"gold_gain":0,"player_choice":"Memory 1","damage_taken":0,"max_hp_gain":0,"max_hp_loss":0,"event_name":"SensoryStone","floor":44,"gold_loss":0}],"is_beta":false,"boss_relics":[{"not_picked":["Ectoplasm","Empty Cage"],"picked":"Pandora\u0027s Box"},{"not_picked":["HoveringKite","Astrolabe"],"picked":"White Beast Statue"}],"items_purged_floors":[19],"is_endless":false,"potions_floor_spawned":[2,5,11,18,20,25,28,29,35,38,40,42,45,46,47,48],"ascension_level":18}