{"gold_per_floor":[214,214,16,28,38,38,38,50,77,111,130,130,130,145,145,218,218,233,11,23,41,41,41,91,125,151,163,163,78,78,92,92,92],"floor_reached":33,"playtime":1925,"items_purged":[],"score":540,"play_id":"dd886863-2e91-4aa7-8b0c-e9386c5e438d","local_time":"20190626114558","is_ascension_mode":true,"campfire_choices":[{"data":"Masterful Stab","floor":7.0,"key":"SMITH"},{"data":"Tactician","floor":12.0,"key":"SMITH"},{"data":"Acrobatics","floor":15.0,"key":"SMITH"},{"floor":23.0,"key":"REST"},{"floor":28,"key":"REST"},{"data":"Concentrate","floor":30,"key":"SMITH"},{"floor":32,"key":"REST"}],"neow_cost":"NONE","seed_source_timestamp":93081905663800,"circlet_count":0,"master_deck":["AscendersBane","Survivor","Neutralize","Crippling Poison","Footwork","Tactician+1","Masterful Stab+1","Deadly Poison+1","Dodge and Roll+1","Acrobatics+1","Tools of the Trade","Dagger Spray","Venomology","Unload","Riddle With Holes","Bouncing Flask","Tools of the Trade","Concentrate+1","Corpse Explosion","Underhanded Strike","Backflip+1","Backflip","Eviscerate+1","Flying Knee","Flying Knee","Well Laid Plans+1","Bane"],"special_seed":0,"relics":["Ring of the Snake","Juzu Bracelet","PreservedInsect","Blood Vial","Pandora\u0027s Box","Regal Pillow","War Paint","Art of War","Snake Skull"],"potions_floor_usage":[25,25,31,31,33,33],"damage_taken":[{"damage":0.0,"enemies":"2 Louse","floor":1.0,"turns":3.0},{"damage":1.0,"enemies":"Cultist","floor":4.0,"turns":5.0},{"damage":5.0,"enemies":"Jaw Worm","floor":5.0,"turns":8.0},{"damage":0.0,"enemies":"Lagavulin","floor":6.0,"turns":2.0},{"damage":3.0,"enemies":"Blue Slaver","floor":8.0,"turns":5.0},{"damage":7.0,"enemies":"Gremlin Nob","floor":10.0,"turns":4.0},{"damage":8.0,"enemies":"Red Slaver","floor":11.0,"turns":6.0},{"damage":0.0,"enemies":"2 Fungi Beasts","floor":14.0,"turns":3.0},{"damage":34.0,"enemies":"The Guardian","floor":16.0,"turns":11.0},{"damage":9.0,"enemies":"Spheric Guardian","floor":18.0,"turns":4.0},{"damage":0.0,"enemies":"3 Byrds","floor":20.0,"turns":2.0},{"damage":25.0,"enemies":"Snecko","floor":21.0,"turns":4.0},{"damage":21,"enemies":"Book of Stabbing","floor":25,"turns":3},{"damage":15,"enemies":"Snake Plant","floor":27,"turns":4},{"damage":25,"enemies":"Chosen and Byrds","floor":31,"turns":7},{"damage":78,"enemies":"Champ","floor":33,"turns":12}],"seed_played":"7562205385866871554","potions_obtained":[{"floor":2.0,"key":"SmokeBomb"},{"floor":2.0,"key":"EntropicBrew"},{"floor":10.0,"key":"SteroidPotion"},{"floor":16.0,"key":"GhostInAJar"},{"floor":18.0,"key":"Poison Potion"},{"floor":27,"key":"Regen Potion"}],"is_trial":false,"path_per_floor":["M","?","$","M","M","E","R","M","T","E","M","R","?","M","R","B",null,"M","$","M","M","?","R","?","E","T","M","R","?","R","M","R","B"],"character_chosen":"THE_SILENT","items_purchased":["Footwork","Juzu Bracelet","Regal Pillow","Backflip"],"campfire_rested":3,"item_purchase_floors":[3,3,19,19],"current_hp_per_floor":[59,59,59,58,53,53,53,50,50,43,37,37,37,39,39,7,51,44,44,46,23,23,57,57,38,38,25,59,59,59,51,66,0],"gold":92,"neow_bonus":"HUNDRED_GOLD","is_prod":false,"is_daily":false,"chose_seed":false,"campfire_upgraded":4,"win_rate":0,"timestamp":1561563958,"path_taken":["M","?","$","M","M","E","R","M","T","E","M","R","?","M","R","BOSS","M","$","M","M","?","R","?","E","T","M","R","?","R","M","R","BOSS"],"build_version":"2019-01-23","purchased_purges":0,"victory":false,"max_hp_per_floor":[66,66,66,66,66,66,66,66,66,66,66,66,66,66,66,66,66,66,66,66,66,66,66,66,66,66,66,66,66,66,66,66,66],"card_choices":[{"not_picked":["Acrobatics","Poisoned Stab"],"picked":"Crippling Poison","floor":1.0},{"not_picked":["Quick Slash","Skewer"],"picked":"Tactician","floor":4.0},{"not_picked":["Blade Dance","Concentrate"],"picked":"Masterful Stab","floor":5.0},{"not_picked":["Quick Slash","Dodge and Roll"],"picked":"Deadly Poison","floor":8.0},{"not_picked":["Crippling Poison","Night Terror"],"picked":"Dodge and Roll","floor":10.0},{"not_picked":["Dodge and Roll","Quick Slash"],"picked":"Acrobatics","floor":11.0},{"not_picked":["Flechettes","Cloak And Dagger","Slice"],"picked":"SKIP","floor":14.0},{"not_picked":["Doppelganger","Night Terror"],"picked":"Tools of the Trade","floor":16.0},{"not_picked":["Calculated Gamble","Flying Knee"],"picked":"Underhanded Strike","floor":18.0},{"not_picked":["Blade Dance+1","Sucker Punch"],"picked":"Backflip","floor":20.0},{"not_picked":["Dodge and Roll","Riddle With Holes"],"picked":"Eviscerate+1","floor":21.0},{"not_picked":["Finisher","Quick Slash","Storm of Steel"],"picked":"SKIP","floor":25},{"not_picked":["Underhanded Strike","Deadly Poison"],"picked":"Well Laid Plans+1","floor":27},{"not_picked":["Underhanded Strike","Deadly Poison"],"picked":"Bane","floor":31}],"player_experience":1421701,"relics_obtained":[{"floor":9.0,"key":"PreservedInsect"},{"floor":10.0,"key":"Blood Vial"},{"floor":25,"key":"War Paint"},{"floor":26,"key":"Art of War"}],"event_choices":[{"damage_healed":0.0,"max_hp_gain":0.0,"max_hp_loss":0.0,"gold_gain":0.0,"event_name":"Lab","player_choice":"Got Potions","floor":2.0,"gold_loss":0.0,"damage_taken":0.0},{"damage_healed":0.0,"max_hp_gain":0.0,"max_hp_loss":0.0,"gold_gain":0.0,"event_name":"Accursed Blacksmith","player_choice":"Forge","floor":13.0,"gold_loss":0.0,"damage_taken":0.0,"cards_upgraded":["Deadly Poison"]},{"damage_healed":0.0,"max_hp_gain":0.0,"max_hp_loss":0.0,"gold_gain":0.0,"cards_transformed":["Phantasmal Killer","Phantasmal Killer"],"event_name":"Drug Dealer","player_choice":"Became Test Subject","floor":22.0,"gold_loss":0.0,"damage_taken":0.0,"cards_obtained":["Flying Knee","Flying Knee"]},{"damage_healed":0.0,"max_hp_gain":0.0,"max_hp_loss":0.0,"gold_gain":50.0,"event_name":"Nest","player_choice":"Stole From Cult","floor":24.0,"gold_loss":0.0,"damage_taken":0.0},{"damage_healed":0,"gold_gain":0,"player_choice":"Obtained Relic","damage_taken":0,"relics_obtained":["Snake Skull"],"max_hp_gain":0,"max_hp_loss":0,"event_name":"Addict","floor":29,"gold_loss":85}],"is_beta":false,"boss_relics":[{"not_picked":["Runic Pyramid","Snecko Eye"],"picked":"Pandora\u0027s Box"}],"items_purged_floors":[],"is_endless":false,"potions_floor_spawned":[4,5,6,10,16,18,27],"killed_by":"Champ","ascension_level":19}