{"gold_per_floor":[116,191,191,39,54,86,86,97,97,117,117,142,154,166,166,262,262,272,23,123,134,107,107,123,48,72,72,72,85,104,130,130,225,225,238,93,110,14,69,69,19,19,101,116,134,33,33,33,33,33],"floor_reached":51,"playtime":4429,"items_purged":["Flash of Steel"],"score":1120,"play_id":"04a675ca-52cf-4cb5-bcc6-feed6e76967f","local_time":"20190624180854","is_ascension_mode":true,"campfire_choices":[{"data":"Deadly Poison","floor":7,"key":"SMITH"},{"data":"Bane","floor":11,"key":"SMITH"},{"data":"Bouncing Flask","floor":15,"key":"SMITH"},{"data":"Bullet Time","floor":23,"key":"SMITH"},{"data":"Bullet Time","floor":27,"key":"SMITH"},{"data":"Malaise","floor":32,"key":"SMITH"},{"data":"Enlightenment","floor":40,"key":"SMITH"},{"data":"Corpse Explosion","floor":42,"key":"SMITH"},{"data":"Wraith Form v2","floor":49,"key":"SMITH"}],"neow_cost":"NONE","seed_source_timestamp":241592729833656,"circlet_count":0,"master_deck":["AscendersBane","Survivor","Neutralize","Quick Slash","Deadly Poison+1","Bouncing Flask+1","Bane+1","Poisoned Stab","Dash","PiercingWail","Backflip","Bullet Time+1","Footwork","Predator","Malaise+1","Deflect","Outmaneuver","Phantasmal Killer","Leg Sweep","Prepared","Bullet Time+1","Flying Knee","Dagger Spray+1","Backflip","Prepared+1","Prepared+1","PiercingWail","Blur+1","Corpse Explosion+1","Outmaneuver","Enlightenment+1","Deadly Poison","Wraith Form v2+1"],"relics":["Ring of the Snake","NeowsBlessing","Dodecahedron","PreservedInsect","Ancient Tea Set","Blue Candle","Boot","Pandora\u0027s Box","Juzu Bracelet","Potion Belt","Nunchaku","Snecko Eye","Pantograph","FossilizedHelix","The Courier"],"potions_floor_usage":[30,30,31,33,33,33,33,50,50,50],"damage_taken":[{"damage":0,"enemies":"Jaw Worm","floor":1,"turns":1},{"damage":0,"enemies":"Cultist","floor":5,"turns":1},{"damage":0,"enemies":"3 Sentries","floor":6,"turns":1},{"damage":0,"enemies":"2 Louse","floor":8,"turns":2},{"damage":0,"enemies":"2 Fungi Beasts","floor":10,"turns":2},{"damage":7,"enemies":"Lagavulin","floor":12,"turns":3},{"damage":2,"enemies":"Looter","floor":13,"turns":3},{"damage":15,"enemies":"Exordium Thugs","floor":14,"turns":4},{"damage":19,"enemies":"The Guardian","floor":16,"turns":8},{"damage":0,"enemies":"Shell Parasite","floor":18,"turns":7},{"damage":0,"enemies":"3 Byrds","floor":21,"turns":4},{"damage":4,"enemies":"Shelled Parasite and Fungi","floor":24,"turns":4},{"damage":0,"enemies":"Chosen and Byrds","floor":29,"turns":3},{"damage":5,"enemies":"3 Cultists","floor":30,"turns":5},{"damage":0,"enemies":"Book of Stabbing","floor":31,"turns":2},{"damage":44,"enemies":"Collector","floor":33,"turns":13},{"damage":0,"enemies":"3 Darklings","floor":35,"turns":3},{"damage":3,"enemies":"Orb Walker","floor":37,"turns":3},{"damage":8,"enemies":"2 Orb Walkers","floor":39,"turns":4},{"damage":0,"enemies":"Jaw Worm Horde","floor":44,"turns":2},{"damage":0,"enemies":"Maw","floor":45,"turns":6},{"damage":48,"enemies":"Awakened One","floor":50,"turns":16}],"seed_played":"4819829360353515688","potions_obtained":[{"floor":1,"key":"GamblersBrew"},{"floor":10,"key":"EntropicBrew"},{"floor":13,"key":"AttackPotion"},{"floor":31,"key":"GamblersBrew"},{"floor":35,"key":"GhostInAJar"},{"floor":39,"key":"Fire Potion"},{"floor":47,"key":"FearPotion"}],"is_trial":false,"path_per_floor":["M","?","T","$","M","E","R","M","T","M","R","E","M","M","R","B",null,"M","$","?","M","$","R","M","?","T","R","?","M","M","E","R","B",null,"M","?","M","$","?","R","$","R","T","M","M","$","?","?","R","B",null],"character_chosen":"THE_SILENT","items_purchased":["PreservedInsect","Juzu Bracelet","Flash of Steel","Backflip","Enlightenment","AttackPotion","Dexterity Potion"],"campfire_rested":0,"item_purchase_floors":[4,19,19,22,38,41,46],"current_hp_per_floor":[63,52,52,52,52,52,52,52,52,52,52,45,43,28,28,9,55,55,55,55,55,55,55,51,51,51,51,51,51,46,46,46,2,53,53,53,50,50,42,42,42,42,42,42,42,42,42,42,42,18],"gold":33,"neow_bonus":"THREE_ENEMY_KILL","is_prod":false,"is_daily":false,"chose_seed":false,"campfire_upgraded":9,"win_rate":0,"timestamp":1561414134,"path_taken":["M","?","?","$","M","E","R","?","T","M","R","E","M","M","R","BOSS","M","$","?","M","?","R","M","?","T","R","?","M","M","E","R","BOSS","M","?","M","?","?","R","$","R","T","M","M","$","?","?","R","BOSS"],"build_version":"2019-01-23","purchased_purges":1,"victory":true,"max_hp_per_floor":[70,70,70,70,70,70,70,70,70,70,70,70,70,70,70,70,70,70,70,70,70,70,70,70,70,70,70,70,70,70,70,70,70,70,70,70,70,70,70,70,70,70,70,70,70,70,70,66,66,66],"card_choices":[{"not_picked":["Well Laid Plans","Calculated Gamble"],"picked":"Quick Slash","floor":1},{"not_picked":["Acrobatics","Terror"],"picked":"Deadly Poison","floor":5},{"not_picked":["Escape Plan","Cloak And Dagger"],"picked":"Bouncing Flask","floor":6},{"not_picked":["Distraction","Flying Knee"],"picked":"Bane","floor":8},{"not_picked":["Underhanded Strike","Slice"],"picked":"Poisoned Stab","floor":10},{"not_picked":["Accuracy","Storm of Steel"],"picked":"Dash","floor":12},{"not_picked":["Expertise","Deflect"],"picked":"PiercingWail","floor":13},{"not_picked":["Outmaneuver","Caltrops"],"picked":"Backflip","floor":14},{"not_picked":["A Thousand Cuts","Wraith Form v2"],"picked":"Bullet Time","floor":16},{"not_picked":["Bane","Infinite Blades"],"picked":"Flying Knee","floor":18},{"not_picked":["Caltrops","Acrobatics"],"picked":"Dagger Spray+1","floor":21},{"not_picked":["Outmaneuver","All Out Attack+1"],"picked":"Prepared+1","floor":24},{"not_picked":["Finisher","Slice"],"picked":"Prepared+1","floor":29},{"not_picked":["Flechettes","After Image"],"picked":"PiercingWail","floor":30},{"not_picked":["Finisher","Dodge and Roll"],"picked":"Blur+1","floor":31},{"not_picked":["Envenom","Phantasmal Killer"],"picked":"Corpse Explosion","floor":33},{"not_picked":["Dodge and Roll","Deflect"],"picked":"Outmaneuver","floor":35},{"not_picked":["Backstab","Slice+1","Leg Sweep"],"picked":"SKIP","floor":37},{"not_picked":["Footwork","Bane"],"picked":"Deadly Poison","floor":44},{"not_picked":["Poisoned Stab","Backstab+1"],"picked":"Wraith Form v2","floor":45}],"player_experience":657794,"relics_obtained":[{"floor":3,"key":"Dodecahedron"},{"floor":6,"key":"Ancient Tea Set"},{"floor":9,"key":"Blue Candle"},{"floor":12,"key":"Boot"},{"floor":26,"key":"Potion Belt"},{"floor":31,"key":"Nunchaku"},{"floor":39,"key":"FossilizedHelix"},{"floor":43,"key":"The Courier"}],"event_choices":[{"damage_healed":0,"gold_gain":75,"player_choice":"Gather Gold","damage_taken":11,"max_hp_gain":0,"max_hp_loss":0,"event_name":"World of Goop","floor":2,"gold_loss":0},{"damage_healed":0,"gold_gain":100,"player_choice":"Pray","damage_taken":0,"max_hp_gain":0,"max_hp_loss":0,"event_name":"Golden Shrine","floor":20,"gold_loss":0},{"cards_removed":["Quick Slash"],"damage_healed":0,"gold_gain":0,"player_choice":"Gave Gold","damage_taken":0,"max_hp_gain":0,"max_hp_loss":0,"event_name":"Beggar","floor":25,"gold_loss":75},{"damage_healed":0,"gold_gain":0,"player_choice":"Ignored","damage_taken":0,"max_hp_gain":0,"max_hp_loss":0,"event_name":"Vampires","floor":28,"gold_loss":0},{"damage_healed":0,"gold_gain":0,"player_choice":"Paid Gold","damage_taken":0,"relics_obtained":["Pantograph"],"max_hp_gain":0,"max_hp_loss":0,"event_name":"WeMeetAgain","floor":36,"gold_loss":145},{"damage_healed":0,"gold_gain":0,"player_choice":"Fight","damage_taken":0,"max_hp_gain":0,"max_hp_loss":0,"event_name":"Mysterious Sphere","floor":39,"gold_loss":0},{"damage_healed":0,"gold_gain":0,"player_choice":"Got Potions","damage_taken":0,"max_hp_gain":0,"max_hp_loss":0,"event_name":"Lab","floor":47,"gold_loss":0},{"damage_healed":0,"gold_gain":0,"player_choice":"Max HP","damage_taken":0,"max_hp_gain":0,"max_hp_loss":4,"event_name":"Winding Halls","floor":48,"gold_loss":0}],"is_beta":false,"boss_relics":[{"not_picked":["Velvet Choker","Lizard Tail"],"picked":"Pandora\u0027s Box"},{"not_picked":["Ring of the Serpent","Coffee Dripper"],"picked":"Snecko Eye"}],"items_purged_floors":[46],"is_endless":false,"potions_floor_spawned":[1,10,12,13,16,21,31,35,39],"ascension_level":12}