{"gold_per_floor":[118,118,43,54,54,83,83,83,83,98,98,98,112,130,130,228,228,240,17,28,39,50,84,100,100,123,43,70,88,88,106,106,202,202,213,213,213,26,40,40,67,0,27,39,39,55,55,15,15,15],"floor_reached":51,"playtime":2721,"items_purged":["Strike_G"],"score":1186,"play_id":"9f5d3b57-f7bb-4168-b4c6-8e3881ac142d","local_time":"20190623144206","is_ascension_mode":true,"campfire_choices":[{"floor":7,"key":"REST"},{"floor":11,"key":"REST"},{"data":"Choke","floor":15,"key":"SMITH"},{"floor":30,"key":"REST"},{"floor":32,"key":"REST"},{"floor":40,"key":"REST"},{"floor":45,"key":"REST"},{"data":"A Thousand Cuts","floor":47,"key":"SMITH"},{"data":"Eviscerate","floor":49,"key":"SMITH"}],"neow_cost":"NONE","seed_source_timestamp":182649440246200,"circlet_count":0,"master_deck":["AscendersBane","Survivor","Neutralize","Crippling Poison","Underhanded Strike","All Out Attack","Choke+1","Deadly Poison+1","Predator","Adrenaline+1","PiercingWail+1","Bullet Time+1","Bullet Time+1","Corpse Explosion+1","Backflip+1","Outmaneuver+1","Caltrops","Caltrops","Night Terror+1","Acrobatics+1","Backflip+1","Dodge and Roll+1","Acrobatics+1","Footwork","Eviscerate+1","Backflip+1","Underhanded Strike","Skewer","Infinite Blades+1","PiercingWail+1","A Thousand Cuts+1","Outmaneuver+1","Purity+1","Deep Breath+1","Sadistic Nature","Violence+1","Acrobatics+1","Acrobatics+1","Dash+1","Dash+1","Escape Plan+1"],"relics":["HoveringKite","Bronze Scales","Toxic Egg 2","Gremlin Horn","Pandora\u0027s Box","Lee\u0027s Waffle","Dodecahedron","Kunai","Regal Pillow","Strawberry","Eternal Feather","PreservedInsect","Red Mask","Snake Skull"],"potions_floor_usage":[6,13,16,23,24,28,29,35,41,50,50],"damage_taken":[{"damage":5,"enemies":"2 Louse","floor":1,"turns":3},{"damage":10,"enemies":"Cultist","floor":4,"turns":6},{"damage":36,"enemies":"Gremlin Nob","floor":6,"turns":6},{"damage":4,"enemies":"Jaw Worm","floor":10,"turns":4},{"damage":0,"enemies":"Gremlin Gang","floor":13,"turns":3},{"damage":5,"enemies":"Looter","floor":14,"turns":4},{"damage":9,"enemies":"Slime Boss","floor":16,"turns":6},{"damage":18,"enemies":"Shell Parasite","floor":18,"turns":4},{"damage":0,"enemies":"2 Thieves","floor":20,"turns":2},{"damage":0,"enemies":"3 Cultists","floor":21,"turns":3},{"damage":22,"enemies":"Snecko","floor":22,"turns":4},{"damage":0,"enemies":"Slavers","floor":23,"turns":2},{"damage":22,"enemies":"Shelled Parasite and Fungi","floor":24,"turns":3},{"damage":23,"enemies":"Book of Stabbing","floor":28,"turns":4},{"damage":7,"enemies":"Centurion and Healer","floor":29,"turns":2},{"damage":6,"enemies":"Snake Plant","floor":31,"turns":3},{"damage":65,"enemies":"Champ","floor":33,"turns":11},{"damage":14,"enemies":"3 Shapes","floor":35,"turns":4},{"damage":0,"enemies":"3 Darklings","floor":39,"turns":2},{"damage":33,"enemies":"Nemesis","floor":41,"turns":8},{"damage":11,"enemies":"Transient","floor":44,"turns":5},{"damage":9,"enemies":"Spire Growth","floor":46,"turns":4},{"damage":58,"enemies":"Donu and Deca","floor":50,"turns":7}],"seed_played":"-1119127173947789792","potions_obtained":[{"floor":2,"key":"EssenceOfSteel"},{"floor":2,"key":"PowerPotion"},{"floor":2,"key":"Fire Potion"},{"floor":6,"key":"Fire Potion"},{"floor":13,"key":"Ancient Potion"},{"floor":14,"key":"SkillPotion"},{"floor":16,"key":"Strength Potion"},{"floor":20,"key":"GhostInAJar"},{"floor":24,"key":"Fire Potion"},{"floor":28,"key":"FearPotion"},{"floor":31,"key":"EssenceOfSteel"},{"floor":33,"key":"FearPotion"},{"floor":39,"key":"SkillPotion"},{"floor":46,"key":"SteroidPotion"}],"is_trial":false,"path_per_floor":["M","?","$","M","$","E","R","?","T","M","R","T","M","M","R","B",null,"M","$","M","M","M","E","M","?","T","$","E","M","R","M","R","B",null,"M","?","?","$","M","R","E","?","T","M","R","M","R","$","R","B",null],"character_chosen":"THE_SILENT","items_purchased":["Lee\u0027s Waffle","Backflip+1","Backflip+1","Underhanded Strike","Violence+1","Escape Plan+1"],"campfire_rested":6,"item_purchase_floors":[19,19,27,27,38,48],"current_hp_per_floor":[58,58,58,48,48,12,33,33,33,29,50,50,50,45,45,36,62,44,77,77,77,55,55,33,33,33,33,17,10,50,44,84,19,68,54,44,44,44,44,84,51,51,51,40,84,75,84,84,84,26],"gold":15,"neow_bonus":"BOSS_RELIC","is_prod":false,"is_daily":false,"chose_seed":false,"campfire_upgraded":3,"win_rate":0,"timestamp":1561315326,"path_taken":["M","?","$","?","$","E","R","?","T","?","R","?","?","M","R","BOSS","M","$","M","M","M","E","M","?","T","$","E","M","R","M","R","BOSS","M","?","?","$","?","R","E","?","T","M","R","M","R","$","R","BOSS"],"build_version":"2019-01-23","purchased_purges":1,"victory":true,"max_hp_per_floor":[70,70,70,70,70,70,70,70,70,70,70,70,70,70,70,70,70,70,77,77,77,77,77,77,77,77,77,84,84,84,84,84,84,84,84,84,84,84,84,84,84,84,84,84,84,84,84,84,84,84],"card_choices":[{"not_picked":["Outmaneuver","Acrobatics"],"picked":"Crippling Poison","floor":1},{"not_picked":["Finisher","Accuracy"],"picked":"Underhanded Strike","floor":4},{"not_picked":["Distraction","Calculated Gamble"],"picked":"All Out Attack","floor":6},{"not_picked":["Dodge and Roll+1","Underhanded Strike"],"picked":"Choke","floor":10},{"not_picked":["Dagger Spray","Dagger Throw"],"picked":"Deadly Poison+1","floor":13},{"not_picked":["Cloak And Dagger+1","Terror+1"],"picked":"Predator","floor":14},{"not_picked":["Storm of Steel+1","Venomology+1"],"picked":"Adrenaline+1","floor":16},{"not_picked":["Bane+1","Choke"],"picked":"Acrobatics+1","floor":18},{"not_picked":["Flying Knee+1","Bane"],"picked":"Dodge and Roll+1","floor":20},{"not_picked":["Backflip+1","Bane"],"picked":"Acrobatics+1","floor":21},{"not_picked":["Masterful Stab","Terror+1"],"picked":"Footwork","floor":22},{"not_picked":["Dagger Spray","Poisoned Stab"],"picked":"Die Die Die","floor":23},{"not_picked":["Acrobatics+1","Quick Slash"],"picked":"Eviscerate","floor":24},{"not_picked":["Bane","Outmaneuver+1"],"picked":"Skewer","floor":28},{"not_picked":["Dodge and Roll+1","Bane"],"picked":"Infinite Blades+1","floor":29},{"not_picked":["Bane","Slice"],"picked":"PiercingWail+1","floor":31},{"not_picked":["Glass Knife","Die Die Die"],"picked":"A Thousand Cuts","floor":33},{"not_picked":["Cloak And Dagger+1","Terror+1"],"picked":"Outmaneuver+1","floor":35},{"not_picked":["Enlightenment+1","Dramatic Entrance"],"picked":"Purity+1","floor":36},{"not_picked":["Dramatic Entrance","Purity+1"],"picked":"Deep Breath+1","floor":36},{"not_picked":["Good Instincts+1","Swift Strike"],"picked":"Sadistic Nature","floor":36},{"not_picked":["Backstab+1","Setup+1"],"picked":"Acrobatics+1","floor":39},{"not_picked":["Backflip+1","Heel Hook+1"],"picked":"Acrobatics+1","floor":41},{"not_picked":["Quick Slash+1","Bane"],"picked":"Dash+1","floor":44},{"not_picked":["Dagger Spray+1","Acrobatics+1"],"picked":"Dash+1","floor":46}],"player_experience":1328824,"relics_obtained":[{"floor":6,"key":"Bronze Scales"},{"floor":9,"key":"Toxic Egg 2"},{"floor":12,"key":"Gremlin Horn"},{"floor":23,"key":"Dodecahedron"},{"floor":26,"key":"Regal Pillow"},{"floor":28,"key":"Strawberry"},{"floor":41,"key":"PreservedInsect"},{"floor":43,"key":"Snake Skull"}],"event_choices":[{"damage_healed":0,"gold_gain":0,"player_choice":"Got Potions","damage_taken":0,"max_hp_gain":0,"max_hp_loss":0,"event_name":"Lab","floor":2,"gold_loss":0},{"damage_healed":0,"gold_gain":0,"player_choice":"Bought 0 Potions","damage_taken":0,"max_hp_gain":0,"max_hp_loss":0,"event_name":"The Woman in Blue","floor":8,"gold_loss":0},{"damage_healed":0,"gold_gain":0,"player_choice":"Opened","damage_taken":0,"relics_obtained":["Kunai"],"max_hp_gain":0,"max_hp_loss":0,"event_name":"The Mausoleum","floor":25,"gold_loss":0},{"damage_healed":0,"gold_gain":0,"player_choice":"Memory 3","damage_taken":10,"max_hp_gain":0,"max_hp_loss":0,"event_name":"SensoryStone","floor":36,"gold_loss":0},{"cards_removed":["Die Die Die"],"damage_healed":0,"gold_gain":0,"player_choice":"Removed Attack","damage_taken":0,"max_hp_gain":0,"max_hp_loss":0,"event_name":"Falling","floor":37,"gold_loss":0},{"damage_healed":0,"gold_gain":0,"player_choice":"Paid","damage_taken":0,"relics_obtained":["Red Mask"],"max_hp_gain":0,"max_hp_loss":0,"event_name":"Tomb of Lord Red Mask","floor":42,"gold_loss":67}],"is_beta":false,"boss_relics":[{"not_picked":["Lizard Tail","Ectoplasm"],"picked":"Pandora\u0027s Box"},{"not_picked":["Orrery","Calling Bell"],"picked":"Eternal Feather"}],"items_purged_floors":[3],"is_endless":false,"potions_floor_spawned":[6,13,14,16,20,24,28,31,33,39,46],"ascension_level":11}