{"gold_per_floor":[110,127,52,52,72,72,72,83,109,284,284,284,284,301,301,301],"floor_reached":16,"playtime":556,"items_purged":["Strike_G"],"score":104,"play_id":"860dcb53-6d77-4ec6-9e51-50e3a550b386","local_time":"20190618123947","is_ascension_mode":true,"campfire_choices":[{"data":"Neutralize","floor":6,"key":"SMITH"},{"data":"Poisoned Stab","floor":11,"key":"SMITH"},{"data":"Deadly Poison","floor":15,"key":"SMITH"}],"neow_cost":"NONE","seed_source_timestamp":586627563849597,"circlet_count":0,"master_deck":["Defend_G","Defend_G","Defend_G","Defend_G","Strike_G","Strike_G","Survivor","Neutralize+1","Doppelganger","Deadly Poison+1","Poisoned Stab+1","Doubt","Terror","Acrobatics"],"relics":["Ring of the Snake","Dream Catcher","Potion Belt"],"potions_floor_usage":[16,16],"damage_taken":[{"damage":0,"enemies":"Jaw Worm","floor":1,"turns":5},{"damage":0,"enemies":"2 Louse","floor":2,"turns":3},{"damage":0,"enemies":"Cultist","floor":5,"turns":4},{"damage":9,"enemies":"Large Slime","floor":8,"turns":8},{"damage":3,"enemies":"2 Fungi Beasts","floor":14,"turns":4},{"damage":41,"enemies":"Slime Boss","floor":16,"turns":11}],"seed_played":"-8660566502981948831","potions_obtained":[{"floor":5,"key":"SteroidPotion"},{"floor":8,"key":"Swift Potion"}],"is_trial":false,"path_per_floor":["M","M","$","?","M","R","?","M","T","?","R","?","?","M","R","B"],"character_chosen":"THE_SILENT","items_purchased":[],"campfire_rested":0,"item_purchase_floors":[],"current_hp_per_floor":[70,70,70,63,63,63,63,54,54,54,54,54,42,39,39,0],"gold":301,"neow_bonus":"ONE_RANDOM_RARE_CARD","is_prod":false,"is_daily":false,"chose_seed":false,"campfire_upgraded":3,"win_rate":0,"timestamp":1560879587,"path_taken":["M","M","$","?","M","R","?","?","T","?","R","?","?","M","R","BOSS"],"build_version":"2019-01-23","purchased_purges":1,"victory":false,"max_hp_per_floor":[70,70,70,70,70,70,70,70,70,70,70,70,70,70,70,70],"card_choices":[{"not_picked":["Deflect","Crippling Poison"],"picked":"Deadly Poison","floor":1},{"not_picked":["Infinite Blades","Dodge and Roll"],"picked":"Poisoned Stab","floor":2},{"not_picked":["Slice","Expertise","Deflect"],"picked":"SKIP","floor":5},{"not_picked":["Quick Slash","Phantasmal Killer","Blade Dance"],"picked":"SKIP","floor":8},{"not_picked":["Dodge and Roll","Escape Plan"],"picked":"Acrobatics","floor":14}],"player_experience":270944,"relics_obtained":[{"floor":9,"key":"Dream Catcher"}],"event_choices":[{"cards_removed":["Strike_G"],"damage_healed":0,"gold_gain":0,"player_choice":"Card Removal","damage_taken":7,"max_hp_gain":0,"max_hp_loss":0,"event_name":"Golden Wing","floor":4,"gold_loss":0},{"cards_removed":["Defend_G"],"damage_healed":0,"gold_gain":0,"player_choice":"Purged","damage_taken":0,"max_hp_gain":0,"max_hp_loss":0,"event_name":"Purifier","floor":7,"gold_loss":0},{"damage_healed":0,"gold_gain":175,"player_choice":"AGREE","damage_taken":0,"max_hp_gain":0,"max_hp_loss":0,"event_name":"Liars Game","floor":10,"gold_loss":0,"cards_obtained":["Doubt"]},{"damage_healed":0,"gold_gain":0,"cards_transformed":["Strike_G"],"player_choice":"Change","damage_taken":0,"max_hp_gain":0,"max_hp_loss":0,"event_name":"Living Wall","floor":12,"gold_loss":0,"cards_obtained":["Terror"]},{"damage_healed":0,"gold_gain":0,"player_choice":"Success","damage_taken":12,"relics_obtained":["Potion Belt"],"max_hp_gain":0,"max_hp_loss":0,"event_name":"Scrap Ooze","floor":13,"gold_loss":0}],"is_beta":false,"boss_relics":[],"items_purged_floors":[3],"is_endless":false,"potions_floor_spawned":[5,8],"killed_by":"Slime Boss","ascension_level":3}