{"gold_per_floor":[13,32,32,32,47,47,65,88,134,157,157,191,191,211,211,332,332,346,371,170,194,194,237,237,237,262,278,80,95,95,111,111,232,232,251,251,251,526,545,545,585,604,604,604,628,659,684,90,90,90],"floor_reached":51,"playtime":4402,"items_purged":[],"score":896,"play_id":"dcd3e28f-c946-4366-8aed-9ac96b044037","local_time":"20190322055854","is_ascension_mode":true,"campfire_choices":[{"data":"Leap","floor":6,"key":"SMITH"},{"data":"Dualcast","floor":11,"key":"SMITH"},{"floor":13,"key":"REST"},{"data":"Static Discharge","floor":15,"key":"SMITH"},{"data":"Defragment","floor":24,"key":"SMITH"},{"data":"Buffer","floor":32,"key":"SMITH"},{"data":"Self Repair","floor":40,"key":"SMITH"},{"data":"Skim","floor":44,"key":"SMITH"},{"data":"Hologram","floor":49,"key":"SMITH"}],"neow_cost":"NO_GOLD","seed_source_timestamp":386586959261043,"circlet_count":0,"master_deck":["Strike_B+1","Strike_B+1","Strike_B+1","Defend_B+1","Defend_B+1","Defend_B+1","Defend_B+1","Zap+1","Dualcast+1","Leap+1","Gash","Gash","Genetic Algorithm","Skim+1","BootSequence","Scrape","Static Discharge+1","Buffer+1","Gash","Cold Snap","Conserve Battery","Defragment+1","Chaos+1","Steam+1","Turbo","Stack","Doom and Gloom","Creative AI+1","Self Repair+1","Glacier+1","Steam Power+1","Hello World+1","Ball Lightning+1","Hologram+1","Heatsinks"],"relics":["FrozenCore","Thread and Needle","Golden Idol","Bag of Marbles","Ornamental Fan","Art of War","Centennial Puzzle","GremlinMask","Omamori","DataDisk","Inserter","Pantograph","FossilizedHelix","Pear","ClockworkSouvenir","Oddly Smooth Stone","Lantern"],"potions_floor_usage":[33,45,45,45,50,50],"damage_taken":[{"damage":0,"enemies":"Cultist","floor":1,"turns":4},{"damage":0,"enemies":"Small Slimes","floor":2,"turns":4},{"damage":0,"enemies":"Jaw Worm","floor":5,"turns":3},{"damage":4,"enemies":"2 Fungi Beasts","floor":7,"turns":3},{"damage":9,"enemies":"Lots of Slimes","floor":8,"turns":4},{"damage":7,"enemies":"3 Louse","floor":10,"turns":3},{"damage":0,"enemies":"3 Sentries","floor":12,"turns":8},{"damage":0,"enemies":"Exordium Thugs","floor":14,"turns":3},{"damage":5,"enemies":"Hexaghost","floor":16,"turns":10},{"damage":11,"enemies":"Chosen","floor":18,"turns":9},{"damage":0,"enemies":"Shell Parasite","floor":19,"turns":6},{"damage":8,"enemies":"Snake Plant","floor":21,"turns":8},{"damage":2,"enemies":"Book of Stabbing","floor":23,"turns":8},{"damage":0,"enemies":"Cultist and Chosen","floor":27,"turns":8},{"damage":0,"enemies":"Shelled Parasite and Fungi","floor":29,"turns":9},{"damage":0,"enemies":"3 Cultists","floor":31,"turns":6},{"damage":0,"enemies":"Champ","floor":33,"turns":16},{"damage":16,"enemies":"3 Darklings","floor":35,"turns":6},{"damage":0,"enemies":"3 Shapes","floor":39,"turns":8},{"damage":0,"enemies":"Nemesis","floor":41,"turns":11},{"damage":0,"enemies":"Spire Growth","floor":42,"turns":8},{"damage":22,"enemies":"4 Shapes","floor":45,"turns":6},{"damage":0,"enemies":"Reptomancer","floor":46,"turns":12},{"damage":0,"enemies":"Jaw Worm Horde","floor":47,"turns":8},{"damage":15,"enemies":"Time Eater","floor":50,"turns":17}],"seed_played":"2870577364175914846","potions_obtained":[{"floor":1,"key":"Block Potion"},{"floor":2,"key":"Fire Potion"},{"floor":7,"key":"Weak Potion"},{"floor":8,"key":"SmokeBomb"},{"floor":16,"key":"Energy Potion"},{"floor":18,"key":"PowerPotion"},{"floor":33,"key":"PowerPotion"},{"floor":45,"key":"Energy Potion"},{"floor":46,"key":"SneckoOil"},{"floor":47,"key":"GamblersBrew"}],"is_trial":false,"path_per_floor":["M","M","?","?","M","R","M","M","T","M","R","E","R","M","R","B",null,"M","M","$","M","?","E","R","?","T","M","$","M","?","M","R","B",null,"M","?","$","?","M","R","E","M","T","R","M","E","M","$","R","B",null],"character_chosen":"DEFECT","items_purchased":["Art of War","Conserve Battery","DataDisk","Turbo","Heatsinks","ClockworkSouvenir","Oddly Smooth Stone","Lantern","SkillPotion"],"campfire_rested":1,"item_purchase_floors":[20,20,28,28,48,48,48,48,48],"current_hp_per_floor":[75,75,57,57,57,57,53,44,44,37,37,37,59,59,59,54,75,64,64,64,56,56,54,54,54,54,54,54,54,54,54,54,54,75,59,59,59,59,59,59,69,75,75,75,63,83,83,83,83,70],"gold":90,"neow_bonus":"ONE_RARE_RELIC","is_prod":false,"is_daily":false,"chose_seed":false,"campfire_upgraded":8,"win_rate":0,"timestamp":1553248734,"path_taken":["M","M","?","?","M","R","M","M","T","M","R","E","R","M","R","BOSS","M","M","$","?","?","E","R","?","T","M","$","?","?","?","R","BOSS","M","?","?","?","M","R","E","M","T","R","M","E","?","$","R","BOSS"],"build_version":"2019-01-23","purchased_purges":0,"victory":true,"max_hp_per_floor":[75,75,75,75,75,75,75,75,75,75,75,75,75,75,75,75,75,75,75,75,75,75,75,75,75,75,75,75,75,75,75,75,75,75,75,75,75,75,75,75,75,75,75,75,75,85,85,85,85,85],"card_choices":[{"not_picked":["Heatsinks","Hologram"],"picked":"Leap","floor":1},{"not_picked":["Hello World","Scrape"],"picked":"Gash","floor":2},{"not_picked":["Lockon","Hologram"],"picked":"Gash","floor":5},{"not_picked":["Beam Cell","Compile Driver"],"picked":"Genetic Algorithm","floor":7},{"not_picked":["Steam","Conserve Battery"],"picked":"Skim","floor":8},{"not_picked":["Leap","Lockon"],"picked":"BootSequence","floor":10},{"not_picked":["Multi-Cast","Turbo"],"picked":"Scrape","floor":12},{"not_picked":["Rebound","Barrage"],"picked":"Static Discharge","floor":14},{"not_picked":["Core Surge","Machine Learning"],"picked":"Buffer","floor":16},{"not_picked":["Barrage+1","Ball Lightning"],"picked":"Gash","floor":18},{"not_picked":["Consume","Recycle"],"picked":"Cold Snap","floor":19},{"not_picked":["Streamline","Redo"],"picked":"Defragment","floor":21},{"not_picked":["Redo","Core Surge"],"picked":"Chaos+1","floor":23},{"not_picked":["Genetic Algorithm","Reprogram+1"],"picked":"Steam+1","floor":27},{"not_picked":["Redo","Steam"],"picked":"Stack","floor":29},{"not_picked":["Redo","Skim"],"picked":"Doom and Gloom","floor":31},{"not_picked":["Buffer","Meteor Strike"],"picked":"Creative AI","floor":33},{"not_picked":["Turbo","Redo","Lockon+1"],"picked":"SKIP","floor":35},{"not_picked":["Redo","Beam Cell+1"],"picked":"Self Repair","floor":39},{"not_picked":["Aggregate+1","Leap+1"],"picked":"Glacier+1","floor":41},{"not_picked":["Streamline+1","Chill"],"picked":"Steam Power+1","floor":42},{"not_picked":["Go for the Eyes+1","Leap+1"],"picked":"Hello World+1","floor":45},{"not_picked":["Coolheaded","Turbo"],"picked":"Ball Lightning+1","floor":46},{"not_picked":["Leap","Barrage+1"],"picked":"Hologram","floor":47}],"player_experience":47559,"relics_obtained":[{"floor":9,"key":"Bag of Marbles"},{"floor":12,"key":"Ornamental Fan"},{"floor":23,"key":"Centennial Puzzle"},{"floor":26,"key":"Omamori"},{"floor":41,"key":"Pantograph"},{"floor":43,"key":"FossilizedHelix"},{"floor":46,"key":"Pear"}],"event_choices":[{"damage_healed":0,"gold_gain":0,"player_choice":"Take Damage","damage_taken":18,"relics_obtained":["Golden Idol"],"max_hp_gain":0,"max_hp_loss":0,"event_name":"Golden Idol","floor":3,"gold_loss":0},{"damage_healed":0,"gold_gain":0,"player_choice":"Upgraded","damage_taken":0,"max_hp_gain":0,"max_hp_loss":0,"event_name":"Upgrade Shrine","floor":4,"gold_loss":0,"cards_upgraded":["Zap"]},{"damage_healed":0,"gold_gain":0,"player_choice":"Simplicity","damage_taken":0,"max_hp_gain":0,"max_hp_loss":0,"event_name":"Back to Basics","floor":22,"gold_loss":0,"cards_upgraded":["Strike_B","Strike_B","Strike_B","Strike_B","Defend_B","Defend_B","Defend_B","Defend_B"]},{"damage_healed":0,"gold_gain":0,"player_choice":"Trade","damage_taken":0,"relics_obtained":["GremlinMask"],"max_hp_gain":0,"max_hp_loss":0,"event_name":"FaceTrader","floor":25,"gold_loss":0},{"cards_removed":["Strike_B"],"damage_healed":0,"gold_gain":0,"player_choice":"Offered Basic","damage_taken":0,"max_hp_gain":0,"max_hp_loss":0,"event_name":"Bonfire Elementals","floor":30,"gold_loss":0},{"damage_healed":0,"gold_gain":0,"player_choice":"Upgraded","damage_taken":0,"max_hp_gain":0,"max_hp_loss":0,"event_name":"Upgrade Shrine","floor":36,"gold_loss":0,"cards_upgraded":["Creative AI"]},{"damage_healed":0,"gold_gain":275,"player_choice":"Desecrate","damage_taken":0,"max_hp_gain":0,"max_hp_loss":0,"event_name":"Golden Shrine","floor":38,"gold_loss":0,"cards_obtained":["Regret"]}],"is_beta":false,"boss_relics":[{"not_picked":["Eternal Feather","Runic Dome"],"picked":"FrozenCore"},{"not_picked":["Snecko Eye","White Beast Statue"],"picked":"Inserter"}],"items_purged_floors":[],"is_endless":false,"potions_floor_spawned":[1,2,7,8,16,18,19,33,35,45,46,47],"ascension_level":1}