{"gold_per_floor":[12,12,12,12,25,53,65,65,65,65,65,65,97,117,117,216,216,235,235,245,245,260,260,290,290,341,341,341],"floor_reached":28,"playtime":1301,"items_purged":[],"score":293,"play_id":"4945c959-b4e8-4924-8e5c-5bcc0cd21f7a","local_time":"20190622133613","is_ascension_mode":true,"campfire_choices":[{"data":"Bash","floor":8,"key":"SMITH"},{"data":"Headbutt","floor":10,"key":"SMITH"},{"data":"Spot Weakness","floor":12,"key":"SMITH"},{"data":"Feel No Pain","floor":15,"key":"SMITH"},{"floor":23,"key":"REST"},{"data":"Armaments","floor":25,"key":"SMITH"},{"data":"True Grit","floor":27,"key":"SMITH"}],"neow_cost":"NO_GOLD","seed_source_timestamp":126387480786,"circlet_count":0,"master_deck":["Strike_R","Strike_R","Strike_R","Strike_R","Defend_R","Defend_R","Defend_R","Defend_R","Bash+1","Impervious","Iron Wave","Headbutt+1","Spot Weakness+1","Battle Trance","Armaments+1","Feel No Pain+1","Feed","True Grit+1","J.A.X.+1","Pommel Strike","Cleave+1"],"relics":["Burning Blood","Blood Vial","Darkstone Periapt","Bottled Flame","Anchor","Runic Pyramid","Ice Cream","Pen Nib"],"potions_floor_usage":[16,16,24,24,28],"damage_taken":[{"damage":0,"enemies":"Small Slimes","floor":1,"turns":3},{"damage":4,"enemies":"Jaw Worm","floor":5,"turns":5},{"damage":48,"enemies":"Lagavulin","floor":6,"turns":11},{"damage":1,"enemies":"Cultist","floor":7,"turns":3},{"damage":15,"enemies":"3 Sentries","floor":13,"turns":8},{"damage":0,"enemies":"Large Slime","floor":14,"turns":4},{"damage":35,"enemies":"Slime Boss","floor":16,"turns":11},{"damage":27,"enemies":"Shell Parasite","floor":18,"turns":6},{"damage":37,"enemies":"Spheric Guardian","floor":20,"turns":7},{"damage":22,"enemies":"Shelled Parasite and Fungi","floor":22,"turns":8},{"damage":16,"enemies":"Gremlin Leader","floor":24,"turns":6},{"damage":48,"enemies":"Book of Stabbing","floor":28,"turns":5}],"seed_played":"8334227660668604095","potions_obtained":[{"floor":1,"key":"Energy Potion"},{"floor":13,"key":"Strength Potion"},{"floor":14,"key":"Swift Potion"},{"floor":18,"key":"Block Potion"},{"floor":20,"key":"Energy Potion"}],"is_trial":false,"path_per_floor":["M","?","?","$","M","E","M","R","T","R","$","R","E","M","R","B",null,"M","?","M","?","M","R","E","R","T","R","E"],"character_chosen":"IRONCLAD","items_purchased":[],"campfire_rested":1,"item_purchase_floors":[],"current_hp_per_floor":[80,73,70,70,74,34,41,41,41,41,41,41,34,42,42,15,80,59,59,33,33,22,47,42,42,42,42,0],"gold":341,"neow_bonus":"THREE_RARE_CARDS","is_prod":false,"is_daily":false,"chose_seed":false,"campfire_upgraded":6,"win_rate":0,"timestamp":1561224973,"path_taken":["M","?","?","?","M","E","M","R","T","R","$","R","E","M","R","BOSS","M","?","M","?","M","R","E","R","T","R","E"],"build_version":"2019-01-23","purchased_purges":0,"victory":false,"max_hp_per_floor":[80,80,80,80,80,80,80,80,80,80,80,80,80,80,80,80,80,80,80,83,83,86,86,89,89,89,89,89],"card_choices":[{"not_picked":["Juggernaut","Exhume"],"picked":"Impervious","floor":0},{"not_picked":["Combust","Searing Blow"],"picked":"Iron Wave","floor":1},{"not_picked":["Heavy Blade","True Grit"],"picked":"Headbutt","floor":5},{"not_picked":["Havoc","Combust"],"picked":"Spot Weakness","floor":6},{"not_picked":["Sword Boomerang","Ghostly Armor"],"picked":"Battle Trance","floor":7},{"not_picked":["Rampage","Perfected Strike"],"picked":"Armaments","floor":13},{"not_picked":["Wild Strike","Anger"],"picked":"Feel No Pain","floor":14},{"not_picked":["Exhume","Dark Embrace"],"picked":"Feed","floor":16},{"not_picked":["Clothesline","Entrench+1"],"picked":"True Grit","floor":18},{"not_picked":["Rampage","Hemokinesis+1","Wild Strike"],"picked":"SKIP","floor":20},{"not_picked":["Sentinel","Armaments+1"],"picked":"Pommel Strike","floor":22},{"not_picked":["Spot Weakness","Iron Wave"],"picked":"Cleave+1","floor":24}],"player_experience":150906,"relics_obtained":[{"floor":6,"key":"Darkstone Periapt"},{"floor":9,"key":"Bottled Flame"},{"floor":13,"key":"Anchor"},{"floor":24,"key":"Ice Cream"},{"floor":26,"key":"Pen Nib"}],"event_choices":[{"cards_removed":["Strike_R"],"damage_healed":0,"gold_gain":0,"player_choice":"Card Removal","damage_taken":7,"max_hp_gain":0,"max_hp_loss":0,"event_name":"Golden Wing","floor":2,"gold_loss":0},{"damage_healed":0,"gold_gain":0,"player_choice":"Success","damage_taken":3,"relics_obtained":["Blood Vial"],"max_hp_gain":0,"max_hp_loss":0,"event_name":"Scrap Ooze","floor":3,"gold_loss":0},{"damage_healed":0,"gold_gain":0,"player_choice":"Obtain J.A.X.","damage_taken":0,"max_hp_gain":0,"max_hp_loss":0,"event_name":"Drug Dealer","floor":19,"gold_loss":0,"cards_obtained":["J.A.X."]},{"damage_healed":0,"gold_gain":0,"player_choice":"Upgraded","damage_taken":0,"max_hp_gain":0,"max_hp_loss":0,"event_name":"Upgrade Shrine","floor":21,"gold_loss":0,"cards_upgraded":["J.A.X."]}],"is_beta":false,"boss_relics":[{"not_picked":["Astrolabe","Calling Bell"],"picked":"Runic Pyramid"}],"items_purged_floors":[],"is_endless":false,"potions_floor_spawned":[1,13,14,18,20,22],"killed_by":"Book of Stabbing","ascension_level":4}