{"gold_per_floor":[111,111,111,132,132,175,175,189,216,216,234,255,3,3,3,3],"floor_reached":16,"playtime":960,"items_purged":[],"score":100,"play_id":"28be3d50-0716-46e7-b48c-b376056e9f40","local_time":"20190226021615","is_ascension_mode":false,"campfire_choices":[{"data":"Dash","floor":7,"key":"SMITH"},{"data":"Calculated Gamble","floor":15,"key":"SMITH"}],"neow_cost":"NONE","seed_source_timestamp":202448542219069,"circlet_count":0,"master_deck":["Defend_G+1","Defend_G","Defend_G","Defend_G","Strike_G","Strike_G","Strike_G","Strike_G","Survivor+1","Neutralize+1","Slice","Dash+1","Prepared","Deflect","Bullet Time","Calculated Gamble+1","Quick Slash","Leg Sweep"],"relics":["Ring of the Snake","Golden Idol","Omamori","War Paint","Pen Nib"],"potions_floor_usage":[],"damage_taken":[{"damage":1,"enemies":"2 Louse","floor":1,"turns":3},{"damage":0,"enemies":"Small Slimes","floor":4,"turns":4},{"damage":11,"enemies":"Lagavulin","floor":6,"turns":10},{"damage":0,"enemies":"Cultist","floor":8,"turns":3},{"damage":0,"enemies":"2 Fungi Beasts","floor":11,"turns":4},{"damage":0,"enemies":"Blue Slaver","floor":12,"turns":4},{"damage":47,"enemies":"Slime Boss","floor":16,"turns":17}],"seed_played":"-2523973333402516636","potions_obtained":[{"floor":6,"key":"Energy Potion"},{"floor":11,"key":"Block Potion"},{"floor":12,"key":"Fire Potion"}],"is_trial":false,"path_per_floor":["M","?","?","M","?","E","R","M","T","?","M","M","$","?","R","B"],"character_chosen":"THE_SILENT","items_purchased":["Pen Nib","Quick Slash","Leg Sweep"],"campfire_rested":0,"item_purchase_floors":[13,13,13],"current_hp_per_floor":[69,52,52,52,57,46,46,46,46,46,46,46,46,46,46,0],"gold":3,"neow_bonus":"REMOVE_CARD","is_prod":false,"is_daily":false,"chose_seed":false,"campfire_upgraded":2,"win_rate":0.0,"timestamp":1551165375,"path_taken":["M","?","?","M","?","E","R","M","T","?","M","?","$","?","R","BOSS"],"build_version":"2019-01-23","purchased_purges":0,"victory":false,"max_hp_per_floor":[70,70,70,70,75,75,75,75,75,75,75,75,75,75,75,75],"card_choices":[{"not_picked":["Bouncing Flask","Calculated Gamble"],"picked":"Slice","floor":1},{"not_picked":["Flying Knee","Terror"],"picked":"Dash","floor":4},{"not_picked":["Predator","Malaise"],"picked":"Prepared","floor":6},{"not_picked":["Dodge and Roll","Flying Knee"],"picked":"Deflect","floor":8},{"not_picked":["Bane","Poisoned Stab"],"picked":"Bullet Time","floor":11},{"not_picked":["Noxious Fumes","PiercingWail"],"picked":"Calculated Gamble","floor":12}],"player_experience":11528,"relics_obtained":[{"floor":6,"key":"Omamori"},{"floor":9,"key":"War Paint"}],"event_choices":[{"damage_healed":0,"gold_gain":0,"player_choice":"Take Damage","damage_taken":17,"relics_obtained":["Golden Idol"],"max_hp_gain":0,"max_hp_loss":0,"event_name":"Golden Idol","floor":2,"gold_loss":0},{"damage_healed":0,"gold_gain":0,"player_choice":"Grow","damage_taken":0,"max_hp_gain":0,"max_hp_loss":0,"event_name":"Living Wall","floor":3,"gold_loss":0,"cards_upgraded":["Neutralize"]},{"damage_healed":0,"gold_gain":0,"player_choice":"Donut","damage_taken":0,"max_hp_gain":5,"max_hp_loss":0,"event_name":"Big Fish","floor":5,"gold_loss":0},{"cards_removed":["Strike_G"],"damage_healed":0,"gold_gain":0,"player_choice":"Purged","damage_taken":0,"max_hp_gain":0,"max_hp_loss":0,"event_name":"Purifier","floor":10,"gold_loss":0},{"damage_healed":0,"gold_gain":0,"player_choice":"Leave","damage_taken":0,"max_hp_gain":0,"max_hp_loss":0,"event_name":"The Cleric","floor":14,"gold_loss":0}],"is_beta":false,"boss_relics":[],"items_purged_floors":[],"is_endless":false,"potions_floor_spawned":[6,11,12],"killed_by":"Slime Boss","ascension_level":0}