{"gold_per_floor":[116,116,86,98,117,117,131,144,144,69,69,86,86,104,104,181,181,195,18,18,36,36,36,67,67,67,67,100,100,113,125,125,125],"floor_reached":33,"playtime":3029,"items_purged":["Strike_G","Regret"],"score":540,"play_id":"8b954595-afe1-40ca-a780-707d8d811d47","local_time":"20190626163812","is_ascension_mode":true,"campfire_choices":[{"data":"Deflect","floor":6,"key":"SMITH"},{"data":"Masterful Stab","floor":13,"key":"SMITH"},{"data":"Endless Agony","floor":15,"key":"SMITH"},{"data":"Neutralize","floor":23,"key":"SMITH"},{"floor":25,"key":"REST"},{"data":"Distraction","floor":27,"key":"SMITH"},{"data":"Prepared","floor":29,"key":"SMITH"},{"floor":32,"key":"REST"}],"neow_cost":"NONE","seed_source_timestamp":64829407488350,"circlet_count":0,"master_deck":["AscendersBane","Defend_G","Defend_G","Defend_G","Defend_G","Defend_G","Strike_G+1","Survivor","Neutralize+1","Malaise+1","Calculated Gamble+1","Endless Agony+1","Prepared+1","Masterful Stab+1","Deflect+1","Distraction+1","Endless Agony+1","Endless Agony+1","Adrenaline","Injury","Doubt","Underhanded Strike+1","Infinite Blades+1","Footwork+1","Eviscerate","Reflex+1","Terror"],"relics":["Astrolabe","Mercury Hourglass","Frozen Egg 2","Calling Bell","Blood Vial","Ninja Scroll","Tough Bandages","Paper Crane","Unceasing Top","Pear","Whetstone"],"potions_floor_usage":[16,16,24,33],"damage_taken":[{"damage":1,"enemies":"Cultist","floor":1,"turns":4},{"damage":4,"enemies":"Small Slimes","floor":4,"turns":4},{"damage":0,"enemies":"2 Louse","floor":5,"turns":2},{"damage":8,"enemies":"Looter","floor":7,"turns":4},{"damage":6,"enemies":"Exordium Thugs","floor":8,"turns":6},{"damage":0,"enemies":"3 Louse","floor":12,"turns":3},{"damage":0,"enemies":"Looter","floor":14,"turns":3},{"damage":25,"enemies":"Slime Boss","floor":16,"turns":8},{"damage":1,"enemies":"3 Byrds","floor":18,"turns":5},{"damage":10,"enemies":"Shell Parasite","floor":21,"turns":5},{"damage":32,"enemies":"Book of Stabbing","floor":24,"turns":10},{"damage":12,"enemies":"Gremlin Leader","floor":28,"turns":10},{"damage":5,"enemies":"Snecko","floor":30,"turns":8},{"damage":20,"enemies":"Shelled Parasite and Fungi","floor":31,"turns":5},{"damage":61,"enemies":"Champ","floor":33,"turns":13}],"seed_played":"4180706897486954439","potions_obtained":[{"floor":3,"key":"Poison Potion"},{"floor":3,"key":"Fire Potion"},{"floor":16,"key":"AttackPotion"},{"floor":18,"key":"Block Potion"},{"floor":28,"key":"Swift Potion"}],"is_trial":false,"path_per_floor":["M","?","?","M","M","R","M","M","T","$","?","M","R","M","R","B",null,"M","$","?","M","$","R","E","R","T","R","E","R","M","M","R","B"],"character_chosen":"THE_SILENT","items_purchased":["Infinite Blades+1"],"campfire_rested":2,"item_purchase_floors":[19],"current_hp_per_floor":[58,47,47,43,43,43,35,29,29,29,29,29,29,29,29,4,51,52,52,52,44,44,44,14,33,43,43,33,33,30,12,34,0],"gold":125,"neow_bonus":"BOSS_RELIC","is_prod":false,"is_daily":false,"chose_seed":false,"campfire_upgraded":6,"win_rate":0,"timestamp":1561581492,"path_taken":["M","?","?","M","?","R","M","M","T","$","?","M","R","M","R","BOSS","M","$","?","M","?","R","E","R","T","R","E","R","M","M","R","BOSS"],"build_version":"2019-01-23","purchased_purges":2,"victory":false,"max_hp_per_floor":[66,66,66,66,66,66,66,66,66,66,66,66,66,66,66,66,66,66,66,66,66,66,66,66,66,76,76,76,76,76,76,76,76],"card_choices":[{"not_picked":["PiercingWail","Cloak And Dagger"],"picked":"Prepared","floor":1},{"not_picked":["PiercingWail","Deflect"],"picked":"Masterful Stab","floor":4},{"not_picked":["Concentrate","Blur"],"picked":"Deflect","floor":5},{"not_picked":["Flying Knee","PiercingWail"],"picked":"Distraction","floor":7},{"not_picked":["Cloak And Dagger","Caltrops"],"picked":"Endless Agony","floor":8},{"not_picked":["Poisoned Stab","Predator","Bane"],"picked":"SKIP","floor":12},{"not_picked":["Bane","Die Die Die"],"picked":"Endless Agony","floor":14},{"not_picked":["Burst","Malaise"],"picked":"Adrenaline","floor":16},{"not_picked":["Skewer","Dagger Spray"],"picked":"Underhanded Strike","floor":18},{"not_picked":["PiercingWail","Setup"],"picked":"Footwork+1","floor":21},{"not_picked":["Grand Finale","Flying Knee+1"],"picked":"Eviscerate","floor":24},{"not_picked":["Blade Dance","Eviscerate","Bullet Time"],"picked":"SKIP","floor":28},{"not_picked":["Quick Slash","Poisoned Stab"],"picked":"Reflex+1","floor":30},{"not_picked":["PiercingWail","Dagger Throw"],"picked":"Terror","floor":31}],"player_experience":724312,"relics_obtained":[{"floor":9,"key":"Frozen Egg 2"},{"floor":17,"key":"Blood Vial"},{"floor":17,"key":"Ninja Scroll"},{"floor":17,"key":"Tough Bandages"},{"floor":24,"key":"Unceasing Top"},{"floor":26,"key":"Pear"},{"floor":28,"key":"Whetstone"}],"event_choices":[{"damage_healed":0,"gold_gain":0,"player_choice":"Success","damage_taken":11,"relics_obtained":["Mercury Hourglass"],"max_hp_gain":0,"max_hp_loss":0,"event_name":"Scrap Ooze","floor":2,"gold_loss":0},{"damage_healed":0,"gold_gain":0,"player_choice":"Bought 2 Potions","damage_taken":0,"max_hp_gain":0,"max_hp_loss":0,"event_name":"The Woman in Blue","floor":3,"gold_loss":0},{"damage_healed":0,"gold_gain":0,"player_choice":"Grow","damage_taken":0,"max_hp_gain":0,"max_hp_loss":0,"event_name":"Living Wall","floor":11,"gold_loss":0,"cards_upgraded":["Endless Agony"]},{"damage_healed":0,"gold_gain":0,"player_choice":"Gave Potion","damage_taken":0,"relics_obtained":["Paper Crane"],"max_hp_gain":0,"max_hp_loss":0,"event_name":"WeMeetAgain","floor":20,"gold_loss":0}],"is_beta":false,"boss_relics":[{"not_picked":["Fusion Hammer","Orrery"],"picked":"Calling Bell"}],"items_purged_floors":[10,19],"is_endless":false,"potions_floor_spawned":[5,8,12,16,18,28],"killed_by":"Champ","ascension_level":19}