{"gold_per_floor":[109,284,284,296,296,296,330,330,357,371,371,384,264,264,264,360,360,371,371,371,353,364,364],"floor_reached":23,"playtime":1291,"items_purged":["Doubt"],"score":223,"play_id":"ccbd470c-7a33-4f93-9301-012100505eb9","local_time":"20190606071233","is_ascension_mode":true,"campfire_choices":[{"floor":6,"key":"REST"},{"data":"Inflame","floor":8,"key":"SMITH"},{"data":"Dual Wield","floor":11,"key":"SMITH"},{"data":"True Grit","floor":15,"key":"SMITH"}],"neow_cost":"PERCENT_DAMAGE","seed_source_timestamp":456091524676421,"circlet_count":0,"master_deck":["Strike_R+1","Strike_R+1","Strike_R","Defend_R","Defend_R","Defend_R","Bash","Inflame+1","Wild Strike","Dual Wield+1","True Grit+1","Metallicize","Dark Embrace","Power Through","Limit Break","Uppercut"],"relics":["Burning Blood","Self Forming Clay","Smiling Mask","Bag of Marbles","Busted Crown"],"potions_floor_usage":[16,22,23,23],"damage_taken":[{"damage":5,"enemies":"Cultist","floor":1,"turns":4},{"damage":1,"enemies":"Jaw Worm","floor":4,"turns":5},{"damage":23,"enemies":"Gremlin Nob","floor":7,"turns":5},{"damage":0,"enemies":"2 Louse","floor":10,"turns":2},{"damage":6,"enemies":"Blue Slaver","floor":12,"turns":3},{"damage":48,"enemies":"Hexaghost","floor":16,"turns":16},{"damage":13,"enemies":"Spheric Guardian","floor":18,"turns":7},{"damage":17,"enemies":"2 Thieves","floor":21,"turns":4},{"damage":21,"enemies":"3 Cultists","floor":22,"turns":6},{"damage":77,"enemies":"Gremlin Leader","floor":23,"turns":13}],"seed_played":"-2956339917763922823","potions_obtained":[{"floor":7,"key":"Poison Potion"},{"floor":12,"key":"GamblersBrew"},{"floor":16,"key":"Weak Potion"},{"floor":21,"key":"EssenceOfSteel"}],"is_trial":false,"path_per_floor":["M","?","?","M","?","R","E","R","T","M","R","M","$","T","R","B",null,"M","?","?","M","M","E"],"character_chosen":"IRONCLAD","items_purchased":["Metallicize"],"campfire_rested":1,"item_purchase_floors":[13],"current_hp_per_floor":[73,73,66,71,52,80,63,63,63,69,69,69,69,69,69,27,96,89,89,89,78,63,0],"gold":364,"neow_bonus":"TWENTY_PERCENT_HP_BONUS","is_prod":false,"is_daily":false,"chose_seed":false,"campfire_upgraded":3,"win_rate":0,"timestamp":1559823153,"path_taken":["M","?","?","M","?","R","E","R","T","M","R","M","$","?","R","BOSS","M","?","?","?","M","E"],"build_version":"2019-01-23","purchased_purges":1,"victory":false,"max_hp_per_floor":[96,96,96,96,96,96,96,96,96,96,96,96,96,96,96,96,96,96,96,96,96,96,96],"card_choices":[{"not_picked":["Pommel Strike","Iron Wave","Clash"],"picked":"SKIP","floor":1},{"not_picked":["Carnage","Clothesline"],"picked":"Inflame","floor":4},{"not_picked":["Anger","Iron Wave"],"picked":"Wild Strike","floor":7},{"not_picked":["Armaments","Shockwave"],"picked":"Dual Wield","floor":10},{"not_picked":["Offering","Anger"],"picked":"True Grit","floor":12},{"not_picked":["Immolate","Limit Break"],"picked":"Dark Embrace","floor":16},{"not_picked":[],"picked":"Power Through","floor":18},{"not_picked":["Pommel Strike"],"picked":"SKIP","floor":21},{"not_picked":["Blood for Blood"],"picked":"SKIP","floor":22}],"player_experience":109349,"relics_obtained":[{"floor":7,"key":"Smiling Mask"},{"floor":9,"key":"Bag of Marbles"}],"event_choices":[{"damage_healed":0,"gold_gain":175,"player_choice":"AGREE","damage_taken":0,"max_hp_gain":0,"max_hp_loss":0,"event_name":"Liars Game","floor":2,"gold_loss":0,"cards_obtained":["Doubt"]},{"damage_healed":0,"gold_gain":0,"player_choice":"Success","damage_taken":7,"relics_obtained":["Self Forming Clay"],"max_hp_gain":0,"max_hp_loss":0,"event_name":"Scrap Ooze","floor":3,"gold_loss":0},{"damage_healed":0,"gold_gain":0,"player_choice":"Entered Light","damage_taken":19,"max_hp_gain":0,"max_hp_loss":0,"event_name":"Shining Light","floor":5,"gold_loss":0,"cards_upgraded":["Strike_R","Strike_R"]},{"damage_healed":0,"gold_gain":0,"cards_transformed":["Strike_R","Defend_R"],"player_choice":"Became Test Subject","damage_taken":0,"max_hp_gain":0,"max_hp_loss":0,"event_name":"Drug Dealer","floor":19,"gold_loss":0,"cards_obtained":["Limit Break","Uppercut"]},{"cards_removed":["Strike_R"],"damage_healed":0,"gold_gain":0,"player_choice":"Purged","damage_taken":0,"max_hp_gain":0,"max_hp_loss":0,"event_name":"Purifier","floor":20,"gold_loss":0}],"is_beta":false,"boss_relics":[{"not_picked":["Coffee Dripper","Cursed Key"],"picked":"Busted Crown"}],"items_purged_floors":[13],"is_endless":false,"potions_floor_spawned":[7,12,16,21],"killed_by":"Gremlin Leader","ascension_level":1}