{"gold_per_floor":[112,127,144,164,184,214,214,248,272,292,310,310,328,358,358,358],"floor_reached":16,"playtime":1096,"items_purged":[],"score":252,"play_id":"bd828805-15c7-4e67-8d53-c9a2091407e4","local_time":"20190624095449","is_ascension_mode":true,"campfire_choices":[{"floor":7,"key":"REST"},{"data":"Pommel Strike","floor":15,"key":"SMITH"}],"neow_cost":"NONE","seed_source_timestamp":55196579535442,"circlet_count":0,"master_deck":["AscendersBane","Strike_R","Strike_R","Strike_R","Strike_R","Strike_R","Defend_R","Defend_R","Defend_R","Defend_R","Bash","Shrug It Off","Rampage+1","Anger","Pommel Strike+1","Headbutt","Flex","Shrug It Off","Feed"],"relics":["Burning Blood","Orichalcum","Letter Opener","Anchor","Regal Pillow"],"potions_floor_usage":[6,6,8,16],"damage_taken":[{"damage":24,"enemies":"Cultist","floor":1,"turns":6},{"damage":0,"enemies":"2 Louse","floor":2,"turns":4},{"damage":12,"enemies":"Small Slimes","floor":3,"turns":4},{"damage":11,"enemies":"Looter","floor":4,"turns":4},{"damage":12,"enemies":"Large Slime","floor":5,"turns":6},{"damage":8,"enemies":"Gremlin Nob","floor":6,"turns":3},{"damage":21,"enemies":"Lagavulin","floor":8,"turns":5},{"damage":0,"enemies":"Red Slaver","floor":10,"turns":3},{"damage":8,"enemies":"Exordium Thugs","floor":11,"turns":5},{"damage":0,"enemies":"2 Fungi Beasts","floor":13,"turns":3},{"damage":2,"enemies":"Gremlin Nob","floor":14,"turns":3},{"damage":108,"enemies":"The Guardian","floor":16,"turns":14}],"seed_played":"-7846424943838655108","potions_obtained":[{"floor":4,"key":"GamblersBrew"},{"floor":5,"key":"Swift Potion"},{"floor":6,"key":"BloodPotion"},{"floor":11,"key":"LiquidBronze"},{"floor":13,"key":"BloodPotion"}],"is_trial":false,"path_per_floor":["M","M","M","M","M","E","R","E","T","M","M","?","M","E","R","B"],"character_chosen":"IRONCLAD","items_purchased":[],"campfire_rested":1,"item_purchase_floors":[],"current_hp_per_floor":[57,63,57,52,46,44,68,61,61,67,65,65,71,75,75,0],"gold":358,"neow_bonus":"TEN_PERCENT_HP_BONUS","is_prod":false,"is_daily":false,"chose_seed":false,"campfire_upgraded":1,"win_rate":0,"timestamp":1561380889,"path_taken":["M","M","M","M","M","E","R","E","T","M","M","?","M","E","R","BOSS"],"build_version":"2019-01-23","purchased_purges":0,"victory":false,"max_hp_per_floor":[82,82,82,82,82,82,82,82,82,82,82,82,82,82,82,82],"card_choices":[{"not_picked":["Perfected Strike","Havoc"],"picked":"Shrug It Off","floor":1},{"not_picked":["Combust","Spot Weakness"],"picked":"Rampage","floor":2},{"not_picked":["Wild Strike","Perfected Strike"],"picked":"Anger","floor":3},{"not_picked":["Body Slam","Burning Pact"],"picked":"Pommel Strike","floor":4},{"not_picked":["Sword Boomerang","Second Wind"],"picked":"Headbutt","floor":5},{"not_picked":["Body Slam","Hemokinesis"],"picked":"Flex","floor":6},{"not_picked":["Exhume","Heavy Blade"],"picked":"Shrug It Off","floor":8},{"not_picked":["Ghostly Armor","Perfected Strike","Cleave"],"picked":"SKIP","floor":10},{"not_picked":["Twin Strike","Blood for Blood","Bloodletting"],"picked":"SKIP","floor":11},{"not_picked":["Pommel Strike","Twin Strike","Perfected Strike"],"picked":"SKIP","floor":13},{"not_picked":["Juggernaut","Reckless Charge"],"picked":"Feed","floor":14}],"player_experience":1167852,"relics_obtained":[{"floor":6,"key":"Orichalcum"},{"floor":8,"key":"Letter Opener"},{"floor":9,"key":"Anchor"},{"floor":14,"key":"Regal Pillow"}],"event_choices":[{"damage_healed":0,"gold_gain":0,"player_choice":"Grow","damage_taken":0,"max_hp_gain":0,"max_hp_loss":0,"event_name":"Living Wall","floor":12,"gold_loss":0,"cards_upgraded":["Rampage"]}],"is_beta":false,"boss_relics":[],"items_purged_floors":[],"is_endless":false,"potions_floor_spawned":[4,5,6,11,13,14],"killed_by":"The Guardian","ascension_level":20}