{"gold_per_floor":[118,129,143,156,170,197,197,197,224,236,248,248,262,273,273,370,370,386,36,48,48,68,68,68,68,92,106,14,47,60,76,76,174,174,191,206,97,97],"floor_reached":38,"playtime":4006,"items_purged":[],"score":429,"play_id":"7ed91eb0-7d45-4a77-b08a-80811a35ccce","local_time":"20190301030207","is_ascension_mode":false,"campfire_choices":[{"data":"Crippling Poison","floor":7,"key":"SMITH"},{"data":"Bouncing Flask","floor":15,"key":"SMITH"},{"data":"Corpse Explosion","floor":24,"key":"SMITH"},{"floor":32,"key":"REST"}],"neow_cost":"NONE","seed_source_timestamp":461363128501177,"circlet_count":0,"master_deck":["Defend_G","Defend_G","Defend_G","Defend_G","Defend_G","Strike_G","Strike_G","Strike_G","Survivor","Neutralize","Die Die Die","Terror","Tactician","Flying Knee","Crippling Poison+1","Leg Sweep","Adrenaline","Quick Slash","Bouncing Flask+1","Prepared","Acrobatics","Bullet Time","Backflip","Deadly Poison","Bane","Prepared","Deadly Poison+1","Corpse Explosion+1","Calculated Gamble","Quick Slash","Deflect","Night Terror","Dagger Spray","Finisher+1","PiercingWail","Malaise","After Image","Backstab+1","Outmaneuver+1"],"relics":["Ring of the Snake","Thread and Needle","Vajra","Lizard Tail","Membership Card","Pen Nib","Ancient Tea Set","Orichalcum","HoveringKite","Bag of Marbles"],"potions_floor_usage":[29,33,33,33],"damage_taken":[{"damage":9,"enemies":"Cultist","floor":1,"turns":5},{"damage":2,"enemies":"2 Louse","floor":2,"turns":3},{"damage":0,"enemies":"Jaw Worm","floor":3,"turns":3},{"damage":0,"enemies":"3 Louse","floor":4,"turns":1},{"damage":3,"enemies":"Large Slime","floor":5,"turns":6},{"damage":27,"enemies":"Lagavulin","floor":6,"turns":7},{"damage":1,"enemies":"Blue Slaver","floor":10,"turns":3},{"damage":0,"enemies":"Exordium Thugs","floor":11,"turns":4},{"damage":0,"enemies":"3 Louse","floor":13,"turns":2},{"damage":4,"enemies":"2 Fungi Beasts","floor":14,"turns":2},{"damage":20,"enemies":"The Guardian","floor":16,"turns":11},{"damage":0,"enemies":"Shell Parasite","floor":18,"turns":4},{"damage":1,"enemies":"Chosen","floor":20,"turns":4},{"damage":10,"enemies":"Centurion and Healer","floor":22,"turns":6},{"damage":2,"enemies":"Cultist and Chosen","floor":27,"turns":4},{"damage":22,"enemies":"Gremlin Leader","floor":29,"turns":5},{"damage":8,"enemies":"Snecko","floor":30,"turns":5},{"damage":7,"enemies":"Centurion and Healer","floor":31,"turns":5},{"damage":66,"enemies":"Collector","floor":33,"turns":10},{"damage":41,"enemies":"3 Darklings","floor":35,"turns":7},{"damage":12,"enemies":"3 Shapes","floor":36,"turns":2},{"damage":18,"enemies":"Maw","floor":38,"turns":4}],"seed_played":"-4687223163825633229","potions_obtained":[{"floor":1,"key":"PowerPotion"},{"floor":3,"key":"GhostInAJar"},{"floor":5,"key":"PowerPotion"},{"floor":30,"key":"Ancient Potion"},{"floor":36,"key":"Strength Potion"}],"is_trial":false,"path_per_floor":["M","M","M","M","M","E","R","?","T","M","M","?","M","M","R","B",null,"M","$","M","?","M","?","R","?","T","M","$","E","M","M","R","B",null,"M","M","$","M"],"character_chosen":"THE_SILENT","items_purchased":["Deadly Poison","Membership Card","Pen Nib","Bane","Night Terror","Dagger Spray","Bag of Marbles","GhostInAJar"],"campfire_rested":1,"item_purchase_floors":[19,19,19,19,28,28,37,37],"current_hp_per_floor":[61,59,59,59,56,29,29,29,29,28,28,51,51,47,47,27,70,70,70,69,69,59,59,59,59,59,57,57,35,27,20,41,11,70,29,17,17,0],"gold":97,"neow_bonus":"ONE_RANDOM_RARE_CARD","is_prod":false,"is_daily":false,"chose_seed":false,"campfire_upgraded":3,"win_rate":0.0,"timestamp":1551427327,"path_taken":["M","?","M","M","M","E","R","?","T","M","M","?","M","M","R","BOSS","M","$","M","?","M","?","R","?","T","M","?","E","M","M","R","BOSS","M","M","$","M"],"build_version":"2019-01-23","purchased_purges":0,"victory":false,"max_hp_per_floor":[70,70,70,70,70,70,70,70,70,70,70,70,70,70,70,70,70,70,70,70,70,70,70,70,70,70,70,70,70,70,70,70,70,70,70,70,70,70],"card_choices":[{"not_picked":["Skewer","Blade Dance"],"picked":"Terror","floor":1},{"not_picked":["Blade Dance","Eviscerate"],"picked":"Tactician","floor":2},{"not_picked":["Dodge and Roll","Slice"],"picked":"Flying Knee","floor":3},{"not_picked":["Bouncing Flask","Blade Dance"],"picked":"Crippling Poison","floor":4},{"not_picked":["Dodge and Roll","Riddle With Holes"],"picked":"Leg Sweep","floor":5},{"not_picked":["Sucker Punch","Flying Knee"],"picked":"Adrenaline","floor":6},{"not_picked":["Eviscerate","Flying Knee"],"picked":"Quick Slash","floor":10},{"not_picked":["Leg Sweep","Deflect"],"picked":"Bouncing Flask","floor":11},{"not_picked":["Skewer","Blade Dance"],"picked":"Prepared","floor":13},{"not_picked":["Sucker Punch","Quick Slash"],"picked":"Acrobatics","floor":14},{"not_picked":["Doppelganger","Envenom"],"picked":"Bullet Time","floor":16},{"not_picked":["Dagger Spray","Underhanded Strike"],"picked":"Backflip","floor":18},{"not_picked":["Outmaneuver","Slice"],"picked":"Prepared","floor":20},{"not_picked":["Distraction+1","Poisoned Stab+1"],"picked":"Deadly Poison+1","floor":22},{"not_picked":["Bane","Underhanded Strike"],"picked":"Deflect","floor":27},{"not_picked":["Terror","Underhanded Strike"],"picked":"Finisher+1","floor":29},{"not_picked":["Flechettes","Choke+1"],"picked":"PiercingWail","floor":30},{"not_picked":["Predator","Dagger Spray"],"picked":"Malaise","floor":31},{"not_picked":["Venomology","Phantasmal Killer"],"picked":"After Image","floor":33},{"not_picked":["Finisher","Blade Dance"],"picked":"Backstab+1","floor":35},{"not_picked":["Acrobatics","Prepared"],"picked":"Outmaneuver+1","floor":36}],"player_experience":14524,"relics_obtained":[{"floor":6,"key":"Thread and Needle"},{"floor":9,"key":"Vajra"},{"floor":26,"key":"Ancient Tea Set"},{"floor":29,"key":"Orichalcum"}],"event_choices":[{"damage_healed":0,"gold_gain":0,"player_choice":"Ignored","damage_taken":0,"max_hp_gain":0,"max_hp_loss":0,"event_name":"Golden Idol","floor":8,"gold_loss":0},{"damage_healed":23,"gold_gain":0,"player_choice":"Banana","damage_taken":0,"max_hp_gain":0,"max_hp_loss":0,"event_name":"Big Fish","floor":12,"gold_loss":0},{"damage_healed":0,"gold_gain":0,"player_choice":"Ignored","damage_taken":0,"max_hp_gain":0,"max_hp_loss":0,"event_name":"Beggar","floor":21,"gold_loss":0},{"damage_healed":0,"gold_gain":0,"player_choice":"Read","damage_taken":0,"max_hp_gain":0,"max_hp_loss":0,"event_name":"The Library","floor":23,"gold_loss":0,"cards_obtained":["Corpse Explosion"]},{"damage_healed":0,"gold_gain":0,"cards_transformed":["Strike_G","Strike_G"],"player_choice":"Became Test Subject","damage_taken":0,"max_hp_gain":0,"max_hp_loss":0,"event_name":"Drug Dealer","floor":25,"gold_loss":0,"cards_obtained":["Calculated Gamble","Quick Slash"]}],"is_beta":false,"boss_relics":[{"not_picked":["White Beast Statue","Black Star"],"picked":"Lizard Tail"},{"not_picked":["Fusion Hammer","Busted Crown"],"picked":"HoveringKite"}],"items_purged_floors":[],"is_endless":false,"potions_floor_spawned":[1,3,5,10,11,16,20,30,31,36],"killed_by":"Maw","ascension_level":0}