{"gold_per_floor":[115,115,135,151,151,175,175,218,218,258,258,297,321,170,170,289,289,305,11,11,31,51,51,90,90,116,147,162,175,175,198,198,198],"floor_reached":33,"playtime":1457,"items_purged":["Strike_R","Strike_R"],"score":368,"play_id":"9b528fdd-482c-4080-92af-ce07034c10a7","local_time":"20190619180139","is_ascension_mode":true,"campfire_choices":[{"data":"Bash","floor":7,"key":"SMITH"},{"data":"Spot Weakness","floor":11,"key":"SMITH"},{"data":"Whirlwind","floor":15,"key":"SMITH"},{"floor":23,"key":"REST"},{"floor":25,"key":"REST"},{"floor":30,"key":"REST"},{"floor":32,"key":"REST"}],"neow_cost":"NONE","seed_source_timestamp":8360785060845,"circlet_count":0,"master_deck":["Strike_R","Strike_R","Strike_R","Defend_R","Defend_R","Defend_R","Defend_R","Bash+1","Anger","True Grit","Power Through","Headbutt","Offering","Spot Weakness+1","Barricade+1","Feel No Pain+1","Whirlwind+1","Fiend Fire","Entrench","Inflame+1","Twin Strike","Clothesline","Shrug It Off","Uppercut+1"],"relics":["Burning Blood","Art of War","Golden Idol","Frozen Egg 2","Du-Vu Doll","Unceasing Top","Self Forming Clay","Fusion Hammer","Membership Card","Molten Egg 2","Anchor","Shuriken"],"potions_floor_usage":[16,16,33,33,33],"damage_taken":[{"damage":5,"enemies":"2 Louse","floor":1,"turns":3},{"damage":2,"enemies":"Jaw Worm","floor":3,"turns":3},{"damage":0,"enemies":"Small Slimes","floor":4,"turns":3},{"damage":5,"enemies":"2 Fungi Beasts","floor":6,"turns":4},{"damage":14,"enemies":"Gremlin Nob","floor":8,"turns":4},{"damage":19,"enemies":"Lagavulin","floor":10,"turns":5},{"damage":16,"enemies":"3 Sentries","floor":12,"turns":7},{"damage":13,"enemies":"Blue Slaver","floor":13,"turns":2},{"damage":16,"enemies":"Slime Boss","floor":16,"turns":12},{"damage":6,"enemies":"3 Byrds","floor":18,"turns":4},{"damage":6,"enemies":"Chosen","floor":21,"turns":4},{"damage":24,"enemies":"Snake Plant","floor":22,"turns":4},{"damage":23,"enemies":"Gremlin Leader","floor":24,"turns":7},{"damage":24,"enemies":"Book of Stabbing","floor":27,"turns":4},{"damage":6,"enemies":"Centurion and Healer","floor":28,"turns":6},{"damage":13,"enemies":"3 Cultists","floor":29,"turns":4},{"damage":6,"enemies":"Snecko","floor":31,"turns":6},{"damage":81,"enemies":"Automaton","floor":33,"turns":8}],"seed_played":"-2456418921740061637","potions_obtained":[{"floor":1,"key":"Strength Potion"},{"floor":12,"key":"EssenceOfSteel"},{"floor":13,"key":"Weak Potion"},{"floor":22,"key":"SpeedPotion"},{"floor":24,"key":"SpeedPotion"},{"floor":29,"key":"Explosive Potion"},{"floor":31,"key":"Ancient Potion"}],"is_trial":false,"path_per_floor":["M","?","M","M","?","M","R","E","T","E","R","E","M","$","R","B",null,"M","$","?","M","M","R","E","R","T","E","M","M","R","M","R","B"],"character_chosen":"IRONCLAD","items_purchased":["Whirlwind","Membership Card","Inflame+1","Twin Strike"],"campfire_rested":4,"item_purchase_floors":[14,19,19,19],"current_hp_per_floor":[80,74,74,74,79,79,79,71,71,58,58,48,41,41,41,31,79,79,79,79,79,61,79,62,79,79,61,61,54,77,77,79,0],"gold":198,"neow_bonus":"RANDOM_COMMON_RELIC","is_prod":false,"is_daily":false,"chose_seed":false,"campfire_upgraded":3,"win_rate":0,"timestamp":1560981699,"path_taken":["M","?","M","M","?","M","R","E","T","E","R","E","?","$","R","BOSS","M","$","?","M","M","R","E","R","T","E","M","M","R","M","R","BOSS"],"build_version":"2019-01-23","purchased_purges":2,"victory":false,"max_hp_per_floor":[80,74,74,74,79,79,79,79,79,79,79,79,79,79,79,79,79,79,79,79,79,79,79,79,79,79,79,79,79,79,79,79,79],"card_choices":[{"not_picked":["Metallicize","Heavy Blade"],"picked":"Anger","floor":1},{"not_picked":["Armaments","Havoc"],"picked":"True Grit","floor":3},{"not_picked":["Entrench","Thunderclap"],"picked":"Power Through","floor":4},{"not_picked":["Ghostly Armor","Wild Strike"],"picked":"Headbutt","floor":6},{"not_picked":["Metallicize","Clash"],"picked":"Offering","floor":8},{"not_picked":["Shrug It Off","Double Tap"],"picked":"Spot Weakness","floor":10},{"not_picked":["Twin Strike","Wild Strike"],"picked":"Barricade+1","floor":12},{"not_picked":["Body Slam","Clothesline"],"picked":"Feel No Pain+1","floor":13},{"not_picked":["Immolate","Juggernaut+1"],"picked":"Fiend Fire","floor":16},{"not_picked":["Cleave+1","Thunderclap+1"],"picked":"Entrench","floor":18},{"not_picked":["Twin Strike","Clothesline","Cleave"],"picked":"SKIP","floor":21},{"not_picked":["Headbutt","Sword Boomerang"],"picked":"Clothesline","floor":22},{"not_picked":["Rage+1","Fiend Fire","Hemokinesis+1"],"picked":"SKIP","floor":24},{"not_picked":["Double Tap","Clothesline+1","Reckless Charge+1"],"picked":"SKIP","floor":27},{"not_picked":["Dual Wield","Rupture+1","Perfected Strike+1"],"picked":"SKIP","floor":28},{"not_picked":["Hemokinesis+1","Headbutt+1"],"picked":"Shrug It Off","floor":29},{"not_picked":["Rampage+1","Anger+1"],"picked":"Uppercut+1","floor":31}],"player_experience":138429,"relics_obtained":[{"floor":8,"key":"Frozen Egg 2"},{"floor":9,"key":"Du-Vu Doll"},{"floor":10,"key":"Unceasing Top"},{"floor":12,"key":"Self Forming Clay"},{"floor":24,"key":"Molten Egg 2"},{"floor":26,"key":"Anchor"},{"floor":27,"key":"Shuriken"}],"event_choices":[{"damage_healed":0,"gold_gain":0,"player_choice":"Lose Max HP","damage_taken":0,"relics_obtained":["Golden Idol"],"max_hp_gain":0,"max_hp_loss":6,"event_name":"Golden Idol","floor":2,"gold_loss":0},{"damage_healed":0,"gold_gain":0,"player_choice":"Donut","damage_taken":0,"max_hp_gain":5,"max_hp_loss":0,"event_name":"Big Fish","floor":5,"gold_loss":0},{"damage_healed":0,"gold_gain":0,"player_choice":"Ignored","damage_taken":0,"max_hp_gain":0,"max_hp_loss":0,"event_name":"Vampires","floor":20,"gold_loss":0}],"is_beta":false,"boss_relics":[{"not_picked":["Calling Bell","Orrery"],"picked":"Fusion Hammer"}],"items_purged_floors":[14,19],"is_endless":false,"potions_floor_spawned":[1,12,13,22,24,29,31],"killed_by":"Automaton","ascension_level":4}