{"gold_per_floor":[109,59,59,59,84,84,127,127,154,194,208,222,222,256,256,381,381,400,499,499,193,212,252,267,267,314,347,362,378,414,438,438,438],"floor_reached":33,"playtime":1440,"items_purged":["Strike_B"],"score":523,"play_id":"222676a1-f30b-4026-8ea5-55259ad62d83","local_time":"20190616161500","is_ascension_mode":true,"campfire_choices":[{"data":"Zap","floor":6,"key":"SMITH"},{"data":"Fusion","floor":8,"key":"SMITH"},{"data":"White Noise","floor":15,"key":"SMITH"},{"data":"Self Repair","floor":25,"key":"SMITH"},{"floor":32,"key":"DIG"}],"neow_cost":"NONE","seed_source_timestamp":316824419152669,"circlet_count":0,"master_deck":["Strike_B+1","Strike_B","Defend_B","Defend_B","Defend_B","Defend_B","Zap+1","Dualcast","Streamline","Fusion+1","Gash","White Noise+1","Self Repair+1","BootSequence","Electrodynamics+1","Glacier+1","Doom and Gloom+1","Heatsinks+1","Coolheaded","Loop+1","Conserve Battery","Compile Driver+1","Buffer+1","Go for the Eyes+1"],"relics":["Cracked Core","NeowsBlessing","Golden Idol","Bag of Preparation","Vajra","Ancient Tea Set","Anchor","Frozen Egg 2","Bottled Lightning","Inserter","Whetstone","Molten Egg 2","Strawberry","Mango","Shovel","Centennial Puzzle"],"potions_floor_usage":[14,16,23,30,30,31,31,33],"damage_taken":[{"damage":0,"enemies":"Small Slimes","floor":1,"turns":1},{"damage":0,"enemies":"Gremlin Nob","floor":7,"turns":1},{"damage":0,"enemies":"Lagavulin","floor":10,"turns":1},{"damage":0,"enemies":"Jaw Worm","floor":11,"turns":2},{"damage":0,"enemies":"2 Louse","floor":12,"turns":1},{"damage":30,"enemies":"Gremlin Nob","floor":14,"turns":4},{"damage":43,"enemies":"The Guardian","floor":16,"turns":14},{"damage":26,"enemies":"Shell Parasite","floor":18,"turns":5},{"damage":18,"enemies":"3 Byrds","floor":22,"turns":3},{"damage":0,"enemies":"Gremlin Leader","floor":23,"turns":5},{"damage":19,"enemies":"Snake Plant","floor":24,"turns":6},{"damage":22,"enemies":"Slavers","floor":27,"turns":3},{"damage":28,"enemies":"Chosen and Byrds","floor":28,"turns":5},{"damage":0,"enemies":"Centurion and Healer","floor":29,"turns":7},{"damage":21,"enemies":"Gremlin Leader","floor":30,"turns":5},{"damage":0,"enemies":"Shelled Parasite and Fungi","floor":31,"turns":5},{"damage":33,"enemies":"Champ","floor":33,"turns":9}],"seed_played":"7236235490581477344","potions_obtained":[{"floor":1,"key":"FearPotion"},{"floor":10,"key":"Weak Potion"},{"floor":16,"key":"Explosive Potion"},{"floor":18,"key":"FocusPotion"},{"floor":22,"key":"Energy Potion"},{"floor":24,"key":"Poison Potion"},{"floor":30,"key":"Regen Potion"},{"floor":31,"key":"LiquidBronze"}],"is_trial":false,"path_per_floor":["M","?","?","?","T","R","E","R","T","E","M","M","?","E","R","B",null,"M","?","?","$","M","E","M","R","T","E","M","M","E","M","R","B"],"character_chosen":"DEFECT","items_purchased":["Whetstone","PowerPotion","Heatsinks+1"],"campfire_rested":0,"item_purchase_floors":[21,21,21],"current_hp_per_floor":[75,75,80,74,74,74,74,74,74,74,74,74,67,44,44,8,58,39,39,39,39,28,35,23,23,30,32,14,24,13,27,27,0],"gold":438,"neow_bonus":"THREE_ENEMY_KILL","is_prod":false,"is_daily":false,"chose_seed":false,"campfire_upgraded":4,"win_rate":0,"timestamp":1560716100,"path_taken":["M","?","?","?","?","R","E","R","T","E","?","M","?","E","R","BOSS","M","?","?","$","M","E","M","R","T","E","M","?","E","?","R","BOSS"],"build_version":"2019-01-23","purchased_purges":1,"victory":false,"max_hp_per_floor":[75,75,80,74,74,74,74,74,74,74,74,74,74,74,74,74,74,74,74,74,74,74,74,74,74,81,95,95,95,95,95,95,95],"card_choices":[{"not_picked":["Skim","Turbo"],"picked":"Streamline","floor":1},{"not_picked":["Streamline","Force Field"],"picked":"Fusion","floor":7},{"not_picked":["Go for the Eyes","Stack"],"picked":"Gash","floor":10},{"not_picked":["Chill","Hologram"],"picked":"White Noise","floor":11},{"not_picked":["Scrape","White Noise"],"picked":"Self Repair","floor":12},{"not_picked":["BootSequence","Redo","Rebound"],"picked":"SKIP","floor":14},{"not_picked":["Redo","Rebound"],"picked":"BootSequence","floor":14},{"not_picked":["Seek","Biased Cognition+1"],"picked":"Electrodynamics+1","floor":16},{"not_picked":["Undo","Go for the Eyes+1"],"picked":"Glacier+1","floor":18},{"not_picked":["Recycle","Gash"],"picked":"Coolheaded","floor":22},{"not_picked":["Force Field","Blizzard"],"picked":"Loop+1","floor":23},{"not_picked":["Blizzard+1","Steam","Compile Driver+1"],"picked":"SKIP","floor":24},{"not_picked":["Double Energy","Beam Cell+1"],"picked":"Conserve Battery","floor":27},{"not_picked":["Turbo","Rebound+1"],"picked":"Compile Driver+1","floor":28},{"not_picked":["Fusion","Stack","Aggregate"],"picked":"SKIP","floor":29},{"not_picked":["Ball Lightning+1","Rebound+1"],"picked":"Buffer+1","floor":30},{"not_picked":["Streamline+1","Turbo+1"],"picked":"Go for the Eyes+1","floor":31}],"player_experience":130208,"relics_obtained":[{"floor":5,"key":"Bag of Preparation"},{"floor":7,"key":"Vajra"},{"floor":9,"key":"Ancient Tea Set"},{"floor":10,"key":"Anchor"},{"floor":14,"key":"Bottled Lightning"},{"floor":23,"key":"Molten Egg 2"},{"floor":26,"key":"Strawberry"},{"floor":27,"key":"Mango"},{"floor":30,"key":"Shovel"},{"floor":32,"key":"Centennial Puzzle"}],"event_choices":[{"cards_removed":["Strike_B"],"damage_healed":0,"gold_gain":0,"player_choice":"Card Removal","damage_taken":0,"max_hp_gain":0,"max_hp_loss":0,"event_name":"The Cleric","floor":2,"gold_loss":50},{"damage_healed":0,"gold_gain":0,"player_choice":"Donut","damage_taken":0,"max_hp_gain":5,"max_hp_loss":0,"event_name":"Big Fish","floor":3,"gold_loss":0},{"damage_healed":0,"gold_gain":0,"player_choice":"Lose Max HP","damage_taken":0,"relics_obtained":["Golden Idol"],"max_hp_gain":0,"max_hp_loss":6,"event_name":"Golden Idol","floor":4,"gold_loss":0},{"damage_healed":0,"gold_gain":0,"player_choice":"Success","damage_taken":7,"relics_obtained":["Frozen Egg 2"],"max_hp_gain":0,"max_hp_loss":0,"event_name":"Scrap Ooze","floor":13,"gold_loss":0},{"damage_healed":0,"gold_gain":99,"player_choice":"Stole From Cult","damage_taken":0,"max_hp_gain":0,"max_hp_loss":0,"event_name":"Nest","floor":19,"gold_loss":0},{"damage_healed":0,"gold_gain":0,"player_choice":"Read","damage_taken":0,"max_hp_gain":0,"max_hp_loss":0,"event_name":"The Library","floor":20,"gold_loss":0,"cards_obtained":["Doom and Gloom"]}],"is_beta":false,"boss_relics":[{"not_picked":["Sozu","Ectoplasm"],"picked":"Inserter"}],"items_purged_floors":[21],"is_endless":false,"potions_floor_spawned":[1,10,16,18,22,24,28,30,31],"killed_by":"Champ","ascension_level":5}