{"gold_per_floor":[118,135,146,146,34,65,82,110,136,136,154,154,154,190,190,319,319,339,317,333,333,357,357],"floor_reached":23,"playtime":1237,"items_purged":["Strike_B"],"score":243,"play_id":"88bf561c-a4e8-41a5-8e35-a1124795c3ca","local_time":"20190421043340","is_ascension_mode":true,"campfire_choices":[{"data":"White Noise","floor":10,"key":"SMITH"},{"data":"Doom and Gloom","floor":13,"key":"SMITH"},{"data":"Multi-Cast","floor":15,"key":"SMITH"}],"neow_cost":"NONE","seed_source_timestamp":34891381210134,"circlet_count":0,"master_deck":["Strike_B+1","Strike_B+1","Strike_B+1","Defend_B+1","Defend_B+1","Defend_B+1","Defend_B+1","Zap+1","Dualcast","Glacier","Cold Snap","Multi-Cast+1","White Noise+1","Turbo","Doom and Gloom+1","Conserve Battery","Ball Lightning","Genetic Algorithm","Biased Cognition","Go for the Eyes","Sunder","Reprogram","Redo","Streamline+1","Steam+1"],"relics":["Cracked Core","NeowsBlessing","Boot","Vajra","Lantern","Golden Idol","Centennial Puzzle","Orrery"],"potions_floor_usage":[16,23,23,23],"damage_taken":[{"damage":0,"enemies":"Cultist","floor":1,"turns":1},{"damage":0,"enemies":"2 Louse","floor":2,"turns":1},{"damage":0,"enemies":"Jaw Worm","floor":3,"turns":1},{"damage":13,"enemies":"3 Sentries","floor":6,"turns":13},{"damage":5,"enemies":"Looter","floor":7,"turns":3},{"damage":21,"enemies":"Gremlin Nob","floor":8,"turns":4},{"damage":0,"enemies":"3 Louse","floor":11,"turns":1},{"damage":4,"enemies":"Lagavulin","floor":14,"turns":9},{"damage":11,"enemies":"Hexaghost","floor":16,"turns":9},{"damage":9,"enemies":"Shell Parasite","floor":18,"turns":5},{"damage":12,"enemies":"2 Thieves","floor":20,"turns":4},{"damage":34,"enemies":"Snake Plant","floor":22,"turns":3},{"damage":14,"enemies":"Book of Stabbing","floor":23,"turns":4}],"seed_played":"3166749640505098147","potions_obtained":[{"floor":1,"key":"Fire Potion"},{"floor":2,"key":"Fire Potion"},{"floor":8,"key":"Explosive Potion"},{"floor":11,"key":"PowerPotion"},{"floor":14,"key":"PowerPotion"},{"floor":16,"key":"AttackPotion"}],"is_trial":false,"path_per_floor":["M","M","M","?","$","E","M","E","T","R","M","?","R","E","R","B",null,"M","$","M","?","M","E"],"character_chosen":"DEFECT","items_purchased":["White Noise","Redo"],"campfire_rested":0,"item_purchase_floors":[5,19],"current_hp_per_floor":[75,75,75,75,75,62,57,36,36,36,36,36,36,32,32,21,69,60,60,48,48,14,0],"gold":357,"neow_bonus":"THREE_ENEMY_KILL","is_prod":false,"is_daily":false,"chose_seed":false,"campfire_upgraded":3,"win_rate":0,"timestamp":1555835620,"path_taken":["M","M","?","?","$","E","M","E","T","R","?","?","R","E","R","BOSS","M","$","M","?","M","E"],"build_version":"2019-01-23","purchased_purges":1,"victory":false,"max_hp_per_floor":[75,75,75,75,75,75,75,75,75,75,75,69,69,69,69,69,69,69,69,69,69,69,69],"card_choices":[{"not_picked":["Turbo","Leap"],"picked":"Glacier","floor":1},{"not_picked":["Hologram","Coolheaded"],"picked":"Cold Snap","floor":2},{"not_picked":["Multi-Cast","Rebound","Chaos"],"picked":"SKIP","floor":3},{"not_picked":["Rebound","Chaos"],"picked":"Multi-Cast","floor":3},{"not_picked":["Glacier","Tempest"],"picked":"Turbo","floor":6},{"not_picked":["Gash","Auto Shields"],"picked":"Doom and Gloom","floor":7},{"not_picked":["Stack","Redo"],"picked":"Conserve Battery","floor":8},{"not_picked":["Turbo","Hello World"],"picked":"Ball Lightning","floor":11},{"not_picked":["Steam","Chill"],"picked":"Genetic Algorithm","floor":14},{"not_picked":["Meteor Strike","Machine Learning"],"picked":"Biased Cognition","floor":16},{"not_picked":["Doom and Gloom","Stack"],"picked":"Go for the Eyes","floor":17},{"not_picked":["Streamline","Reinforced Body"],"picked":"Sunder","floor":17},{"not_picked":["Rebound","Chaos"],"picked":"Reprogram","floor":17},{"not_picked":["Sunder","Rainbow","Redo"],"picked":"SKIP","floor":18},{"not_picked":["Go for the Eyes+1","Steam"],"picked":"Streamline+1","floor":20},{"not_picked":["Compile Driver+1","Double Energy"],"picked":"Steam+1","floor":22}],"player_experience":92464,"relics_obtained":[{"floor":6,"key":"Boot"},{"floor":8,"key":"Vajra"},{"floor":9,"key":"Lantern"},{"floor":14,"key":"Centennial Puzzle"}],"event_choices":[{"damage_healed":0,"gold_gain":0,"player_choice":"Upgraded","damage_taken":0,"max_hp_gain":0,"max_hp_loss":0,"event_name":"Upgrade Shrine","floor":4,"gold_loss":0,"cards_upgraded":["Zap"]},{"damage_healed":0,"gold_gain":0,"player_choice":"Lose Max HP","damage_taken":0,"relics_obtained":["Golden Idol"],"max_hp_gain":0,"max_hp_loss":6,"event_name":"Golden Idol","floor":12,"gold_loss":0},{"damage_healed":0,"gold_gain":0,"player_choice":"Simplicity","damage_taken":0,"max_hp_gain":0,"max_hp_loss":0,"event_name":"Back to Basics","floor":21,"gold_loss":0,"cards_upgraded":["Strike_B","Strike_B","Strike_B","Defend_B","Defend_B","Defend_B","Defend_B"]}],"is_beta":false,"boss_relics":[{"not_picked":["Astrolabe","Nuclear Battery"],"picked":"Orrery"}],"items_purged_floors":[5],"is_endless":false,"potions_floor_spawned":[1,2,8,11,14,16,20,22],"killed_by":"Book of Stabbing","ascension_level":3}