{"gold_per_floor":[111,111,286,299,249,249,259,259,306,306,319,319,336,261,261,357,357,370,114,132,132,132,167,167,185,185,185],"floor_reached":27,"playtime":921,"items_purged":["Strike_B","Pain"],"score":301,"play_id":"7bdf8128-d775-4ce0-8224-96007e6acafe","local_time":"20190613123345","is_ascension_mode":true,"campfire_choices":[{"data":"Zap","floor":6,"key":"SMITH"},{"data":"Dualcast","floor":8,"key":"SMITH"},{"data":"Glacier","floor":12,"key":"SMITH"},{"data":"Conserve Battery","floor":15,"key":"SMITH"}],"neow_cost":"NONE","seed_source_timestamp":153894358162432,"circlet_count":0,"master_deck":["Strike_B","Strike_B","Defend_B","Defend_B","Defend_B","Defend_B","Zap+1","Dualcast+1","Glacier+1","Ball Lightning","Turbo","Conserve Battery+1","FTL","Electrodynamics","Regret","Injury","Conserve Battery+1","Cold Snap+1"],"relics":["Cracked Core","Vajra","CultistMask","Calling Bell","Orichalcum","Singing Bowl","Emotion Chip","Lantern","Kunai","Darkstone Periapt"],"potions_floor_usage":[25,25],"damage_taken":[{"damage":0,"enemies":"2 Louse","floor":1,"turns":2},{"damage":3,"enemies":"Jaw Worm","floor":4,"turns":5},{"damage":6,"enemies":"Small Slimes","floor":7,"turns":3},{"damage":0,"enemies":"Red Slaver","floor":11,"turns":3},{"damage":0,"enemies":"3 Louse","floor":13,"turns":4},{"damage":40,"enemies":"Hexaghost","floor":16,"turns":11},{"damage":26,"enemies":"Chosen","floor":18,"turns":5},{"damage":4,"enemies":"Shell Parasite","floor":20,"turns":6},{"damage":31,"enemies":"Gremlin Leader","floor":23,"turns":7},{"damage":21,"enemies":"Snecko","floor":25,"turns":6},{"damage":5,"enemies":"Cultist and Chosen","floor":27,"turns":1}],"seed_played":"3115994079063522425","potions_obtained":[{"floor":4,"key":"FearPotion"},{"floor":7,"key":"Dexterity Potion"},{"floor":20,"key":"FocusPotion"},{"floor":23,"key":"Swift Potion"}],"is_trial":false,"path_per_floor":["M","?","?","M","?","R","M","R","T","?","M","R","M","$","R","B",null,"M","$","M","?","?","E","?","M","T","M"],"character_chosen":"DEFECT","items_purchased":["Lantern"],"campfire_rested":0,"item_purchase_floors":[19],"current_hp_per_floor":[82,75,75,72,72,72,66,66,66,66,66,66,66,66,66,26,68,44,44,40,68,52,23,23,2,2,0],"gold":185,"neow_bonus":"TEN_PERCENT_HP_BONUS","is_prod":false,"is_daily":false,"chose_seed":false,"campfire_upgraded":4,"win_rate":0,"timestamp":1560447225,"path_taken":["M","?","?","M","?","R","?","R","T","?","?","R","M","$","R","BOSS","M","$","M","?","?","E","?","M","T","M"],"build_version":"2019-01-23","purchased_purges":2,"victory":false,"max_hp_per_floor":[82,82,82,82,82,82,82,82,82,82,82,82,82,82,82,82,82,84,84,84,84,89,91,91,91,91,91],"card_choices":[{"not_picked":["Hologram","Turbo"],"picked":"Glacier","floor":1},{"not_picked":["Recycle","Rebound"],"picked":"Ball Lightning","floor":4},{"not_picked":["Buffer","Redo"],"picked":"Turbo","floor":7},{"not_picked":["Genetic Algorithm","Hologram"],"picked":"Conserve Battery","floor":11},{"not_picked":["Leap","Recycle"],"picked":"FTL","floor":13},{"not_picked":["Buffer","Fission"],"picked":"Electrodynamics","floor":16},{"not_picked":["Compile Driver","Steam Power","Reprogram+1"],"picked":"Singing Bowl","floor":18},{"not_picked":["Cold Snap","Hologram"],"picked":"Conserve Battery+1","floor":20},{"not_picked":["Scrape","Streamline","Double Energy"],"picked":"Singing Bowl","floor":23},{"not_picked":["Turbo","Rebound"],"picked":"Cold Snap+1","floor":25}],"player_experience":247731,"relics_obtained":[{"floor":9,"key":"Vajra"},{"floor":17,"key":"Orichalcum"},{"floor":17,"key":"Singing Bowl"},{"floor":17,"key":"Emotion Chip"},{"floor":23,"key":"Kunai"},{"floor":26,"key":"Darkstone Periapt"}],"event_choices":[{"cards_removed":["Strike_B"],"damage_healed":0,"gold_gain":0,"player_choice":"Card Removal","damage_taken":7,"max_hp_gain":0,"max_hp_loss":0,"event_name":"Golden Wing","floor":2,"gold_loss":0},{"damage_healed":0,"gold_gain":175,"player_choice":"AGREE","damage_taken":0,"max_hp_gain":0,"max_hp_loss":0,"event_name":"Liars Game","floor":3,"gold_loss":0,"cards_obtained":["Doubt"]},{"cards_removed":["Doubt"],"damage_healed":0,"gold_gain":0,"player_choice":"Card Removal","damage_taken":0,"max_hp_gain":0,"max_hp_loss":0,"event_name":"The Cleric","floor":5,"gold_loss":50},{"damage_healed":0,"gold_gain":0,"player_choice":"Trade","damage_taken":0,"relics_obtained":["CultistMask"],"max_hp_gain":0,"max_hp_loss":0,"event_name":"FaceTrader","floor":10,"gold_loss":0},{"damage_healed":28,"gold_gain":0,"player_choice":"Heal","damage_taken":0,"max_hp_gain":0,"max_hp_loss":0,"event_name":"The Library","floor":21,"gold_loss":0},{"damage_healed":0,"gold_gain":0,"player_choice":"Shed Blood","damage_taken":21,"max_hp_gain":5,"max_hp_loss":0,"event_name":"Forgotten Altar","floor":22,"gold_loss":0},{"damage_healed":0,"gold_gain":0,"player_choice":"Ignored","damage_taken":0,"max_hp_gain":0,"max_hp_loss":0,"event_name":"Vampires","floor":24,"gold_loss":0}],"is_beta":false,"boss_relics":[{"not_picked":["Inserter","Busted Crown"],"picked":"Calling Bell"}],"items_purged_floors":[14,19],"is_endless":false,"potions_floor_spawned":[4,7,20,23],"killed_by":"Cultist and Chosen","ascension_level":5}