{"gold_per_floor":[115,115,125,142,217,252,80,80,130,157,157,189,189],"floor_reached":13,"playtime":513,"items_purged":["Strike_G"],"score":131,"play_id":"1612dc25-c077-40c0-9ba9-118aa1f87b22","local_time":"20190617200932","is_ascension_mode":true,"campfire_choices":[{"floor":8,"key":"REST"},{"data":"Deadly Poison","floor":11,"key":"SMITH"}],"neow_cost":"TEN_PERCENT_HP_LOSS","seed_source_timestamp":18837412690158,"circlet_count":0,"master_deck":["Defend_G+1","Defend_G+1","Defend_G","Defend_G","Defend_G","Strike_G","Strike_G+1","Strike_G","Strike_G","Survivor","Neutralize","Malaise+1","Predator","Backflip","Quick Slash","Deadly Poison+1","Poisoned Stab","Skewer","Escape Plan"],"relics":["Ring of the Snake","Lantern","Strawberry","War Paint","Boot"],"potions_floor_usage":[10,12],"damage_taken":[{"damage":3,"enemies":"2 Louse","floor":1,"turns":5},{"damage":3,"enemies":"Jaw Worm","floor":3,"turns":3},{"damage":2,"enemies":"Small Slimes","floor":4,"turns":3},{"damage":22,"enemies":"Lagavulin","floor":6,"turns":9},{"damage":12,"enemies":"Gremlin Nob","floor":10,"turns":4},{"damage":19,"enemies":"3 Sentries","floor":12,"turns":7},{"damage":14,"enemies":"Red Slaver","floor":13,"turns":1}],"seed_played":"-3215741589527320331","potions_obtained":[{"floor":1,"key":"Strength Potion"},{"floor":3,"key":"Block Potion"}],"is_trial":false,"path_per_floor":["M","?","M","M","?","E","$","R","T","E","R","E","M"],"character_chosen":"THE_SILENT","items_purchased":["Deadly Poison","Poisoned Stab"],"campfire_rested":1,"item_purchase_floors":[7,7],"current_hp_per_floor":[60,47,44,42,31,9,9,27,34,22,22,3,0],"gold":189,"neow_bonus":"THREE_RARE_CARDS","is_prod":false,"is_daily":false,"chose_seed":false,"campfire_upgraded":1,"win_rate":0,"timestamp":1560816572,"path_taken":["M","?","M","M","?","E","$","R","T","E","R","E","M"],"build_version":"2019-01-23","purchased_purges":1,"victory":false,"max_hp_per_floor":[63,63,63,63,63,63,63,63,70,70,70,70,70],"card_choices":[{"not_picked":["Adrenaline","Unload"],"picked":"Malaise","floor":0},{"not_picked":["Skewer","Backflip"],"picked":"Predator","floor":1},{"not_picked":["Deflect","Accuracy"],"picked":"Backflip","floor":3},{"not_picked":["Cloak And Dagger","Dagger Throw"],"picked":"Quick Slash","floor":4},{"not_picked":["Underhanded Strike","Setup","Dodge and Roll"],"picked":"SKIP","floor":6},{"not_picked":["Dodge and Roll","Prepared"],"picked":"Skewer","floor":10},{"not_picked":["Underhanded Strike","Expertise"],"picked":"Escape Plan","floor":12}],"player_experience":132566,"relics_obtained":[{"floor":6,"key":"Lantern"},{"floor":9,"key":"Strawberry"},{"floor":10,"key":"War Paint"},{"floor":12,"key":"Boot"}],"event_choices":[{"damage_healed":0,"gold_gain":0,"player_choice":"Entered Light","damage_taken":13,"max_hp_gain":0,"max_hp_loss":0,"event_name":"Shining Light","floor":2,"gold_loss":0,"cards_upgraded":["Strike_G","Malaise"]},{"damage_healed":0,"gold_gain":75,"player_choice":"Gather Gold","damage_taken":11,"max_hp_gain":0,"max_hp_loss":0,"event_name":"World of Goop","floor":5,"gold_loss":0}],"is_beta":false,"boss_relics":[],"items_purged_floors":[7],"is_endless":false,"potions_floor_spawned":[1,3],"killed_by":"Red Slaver","ascension_level":6}