{"gold_per_floor":[113,20,20,31,31,58,58,58,82,114,131,149,149,163,163,264,264,277,277,295,307,222,222,222,222],"floor_reached":25,"playtime":855,"items_purged":[],"score":248,"play_id":"6a831bdd-4740-459a-9ca2-0410894aa1fa","local_time":"20190323154600","is_ascension_mode":true,"campfire_choices":[{"data":"Bash","floor":8,"key":"SMITH"},{"data":"Armaments","floor":13,"key":"SMITH"},{"floor":15,"key":"REST"},{"data":"Barricade","floor":23,"key":"SMITH"}],"neow_cost":"NONE","seed_source_timestamp":511773381507706,"circlet_count":0,"master_deck":["Strike_R","Strike_R","Strike_R","Strike_R","Strike_R","Defend_R","Defend_R","Defend_R","Bash+1","Wild Strike","Perfected Strike","Armaments+1","Entrench","Perfected Strike","Anger","Pommel Strike","Corruption","Uppercut","Intimidate","Pommel Strike","Exhume","Inflame","Shrug It Off","Ghostly Armor","Cleave","Whirlwind+1","Barricade+1","J.A.X."],"relics":["Burning Blood","NeowsBlessing","Blood Vial","Question Card","Pen Nib","Dream Catcher","Orrery","Strawberry"],"potions_floor_usage":[21,25,25],"damage_taken":[{"damage":0,"enemies":"Cultist","floor":1,"turns":1},{"damage":0,"enemies":"Small Slimes","floor":4,"turns":1},{"damage":0,"enemies":"3 Sentries","floor":6,"turns":2},{"damage":26,"enemies":"Lagavulin","floor":10,"turns":4},{"damage":0,"enemies":"2 Louse","floor":11,"turns":2},{"damage":11,"enemies":"Exordium Wildlife","floor":12,"turns":3},{"damage":12,"enemies":"2 Fungi Beasts","floor":14,"turns":2},{"damage":48,"enemies":"Hexaghost","floor":16,"turns":7},{"damage":30,"enemies":"Shell Parasite","floor":18,"turns":5},{"damage":10,"enemies":"Chosen","floor":20,"turns":4},{"damage":41,"enemies":"Shelled Parasite and Fungi","floor":21,"turns":6},{"damage":36,"enemies":"Gremlin Leader","floor":25,"turns":11}],"seed_played":"7829329249033197599","potions_obtained":[{"floor":1,"key":"Fire Potion"},{"floor":6,"key":"Explosive Potion"},{"floor":11,"key":"AttackPotion"},{"floor":21,"key":"SkillPotion"}],"is_trial":false,"path_per_floor":["M","$","?","M","$","E","T","R","T","E","M","M","R","M","R","B",null,"M","$","M","M","?","R","?","E"],"character_chosen":"IRONCLAD","items_purchased":["Perfected Strike","Armaments"],"campfire_rested":1,"item_purchase_floors":[2,2],"current_hp_per_floor":[80,80,80,80,80,80,80,80,80,60,68,65,65,61,80,38,80,56,56,54,21,28,28,28,0],"gold":222,"neow_bonus":"THREE_ENEMY_KILL","is_prod":false,"is_daily":false,"chose_seed":false,"campfire_upgraded":3,"win_rate":0,"timestamp":1553370360,"path_taken":["M","$","?","?","?","E","?","R","T","E","M","M","R","M","R","BOSS","M","$","M","M","?","R","?","E"],"build_version":"2019-01-23","purchased_purges":0,"victory":false,"max_hp_per_floor":[80,80,80,80,80,80,80,80,80,80,80,80,80,80,80,80,80,80,80,80,80,87,87,87,87],"card_choices":[{"not_picked":["Metallicize","Thunderclap","Wild Strike"],"picked":"SKIP","floor":1},{"not_picked":["Metallicize","Thunderclap"],"picked":"Wild Strike","floor":1},{"not_picked":["Intimidate","Headbutt"],"picked":"Perfected Strike","floor":4},{"not_picked":["Warcry","Clothesline"],"picked":"Anger","floor":6},{"not_picked":["Rampage","Bloodletting","Reckless Charge"],"picked":"Pommel Strike","floor":10},{"not_picked":["Perfected Strike","Sword Boomerang","Havoc"],"picked":"Corruption","floor":11},{"not_picked":["Rampage","Reckless Charge","Flex"],"picked":"Uppercut","floor":12},{"not_picked":["Searing Blow","Armaments","Combust"],"picked":"Intimidate","floor":14},{"not_picked":["Clothesline","Wild Strike","Havoc"],"picked":"Pommel Strike","floor":15},{"not_picked":["Reaper","Offering","Double Tap"],"picked":"Exhume","floor":16},{"not_picked":["Flex","Exhume","Evolve"],"picked":"Inflame","floor":17},{"not_picked":["Clash","Heavy Blade","Cleave"],"picked":"Shrug It Off","floor":17},{"not_picked":["Pommel Strike","Sword Boomerang","Sever Soul"],"picked":"Ghostly Armor","floor":17},{"not_picked":["Headbutt","Dual Wield","Thunderclap"],"picked":"Cleave","floor":17},{"not_picked":["Havoc","Sword Boomerang","Intimidate","Rampage"],"picked":"SKIP","floor":18},{"not_picked":["Cleave","Clothesline","Havoc"],"picked":"Whirlwind+1","floor":20},{"not_picked":["Hemokinesis+1","Headbutt","Body Slam"],"picked":"Barricade","floor":21}],"player_experience":64369,"relics_obtained":[{"floor":6,"key":"Blood Vial"},{"floor":7,"key":"Question Card"},{"floor":9,"key":"Pen Nib"},{"floor":10,"key":"Dream Catcher"}],"event_choices":[{"damage_healed":0,"gold_gain":0,"cards_transformed":["Defend_R"],"player_choice":"Transformed","damage_taken":0,"max_hp_gain":0,"max_hp_loss":0,"event_name":"Transmorgrifier","floor":3,"gold_loss":0,"cards_obtained":["Entrench"]},{"damage_healed":0,"gold_gain":0,"player_choice":"Obtained Relic","damage_taken":0,"relics_obtained":["Strawberry"],"max_hp_gain":0,"max_hp_loss":0,"event_name":"Addict","floor":22,"gold_loss":85},{"damage_healed":0,"gold_gain":0,"player_choice":"Obtain J.A.X.","damage_taken":0,"max_hp_gain":0,"max_hp_loss":0,"event_name":"Drug Dealer","floor":24,"gold_loss":0,"cards_obtained":["J.A.X."]}],"is_beta":false,"boss_relics":[{"not_picked":["Fusion Hammer","Cursed Key"],"picked":"Orrery"}],"items_purged_floors":[],"is_endless":false,"potions_floor_spawned":[1,6,11,21],"killed_by":"Gremlin Leader","ascension_level":1}