{"gold_per_floor":[119,39,39,39,58,93,30,30,112,131,206,206,206,234,234,234],"floor_reached":16,"playtime":422,"items_purged":["Strike_R"],"score":131,"play_id":"1a852dab-ac55-49a4-91ed-92e7d943841a","local_time":"20190530120632","is_ascension_mode":false,"campfire_choices":[{"data":"Shrug It Off","floor":8,"key":"SMITH"},{"data":"Flex","floor":13,"key":"SMITH"},{"floor":15,"key":"REST"}],"neow_cost":"NONE","seed_source_timestamp":175543714202142,"circlet_count":0,"master_deck":["Strike_R","Strike_R","Strike_R","Defend_R","Defend_R","Defend_R","Defend_R","Bash","Flex+1","Flex","Shrug It Off+1","Thunderclap","Cleave"],"relics":["Burning Blood","NeowsBlessing","MawBank","Shuriken","Red Skull","Ornamental Fan"],"potions_floor_usage":[],"damage_taken":[{"damage":0,"enemies":"Jaw Worm","floor":1,"turns":1},{"damage":0,"enemies":"Small Slimes","floor":5,"turns":1},{"damage":0,"enemies":"Gremlin Nob","floor":6,"turns":1},{"damage":9,"enemies":"Cultist","floor":10,"turns":4},{"damage":34,"enemies":"Lagavulin","floor":14,"turns":6},{"damage":57,"enemies":"Hexaghost","floor":16,"turns":12}],"seed_played":"-7137762146978914799","potions_obtained":[],"is_trial":false,"path_per_floor":["M","$","?","$","M","E","$","R","T","M","?","?","R","E","R","B"],"character_chosen":"IRONCLAD","items_purchased":["Flex","Shrug It Off"],"campfire_rested":1,"item_purchase_floors":[2,2],"current_hp_per_floor":[80,80,73,73,79,80,80,80,80,77,66,59,59,31,55,0],"gold":234,"neow_bonus":"THREE_ENEMY_KILL","is_prod":false,"is_daily":false,"chose_seed":false,"campfire_upgraded":2,"win_rate":0.0,"timestamp":1559235992,"path_taken":["M","$","?","$","M","E","$","R","T","M","?","?","R","E","R","BOSS"],"build_version":"2019-01-23","purchased_purges":1,"victory":false,"max_hp_per_floor":[80,80,80,80,80,80,80,80,80,80,80,80,80,80,80,80],"card_choices":[{"not_picked":["Flame Barrier","Reckless Charge"],"picked":"Flex","floor":1},{"not_picked":["Wild Strike","Warcry"],"picked":"Thunderclap","floor":5},{"not_picked":["Carnage","Wild Strike","Body Slam"],"picked":"SKIP","floor":6},{"not_picked":["Uppercut","Clash"],"picked":"Cleave","floor":10},{"not_picked":["Clothesline","Second Wind","Wild Strike"],"picked":"SKIP","floor":14}],"player_experience":24723,"relics_obtained":[{"floor":6,"key":"MawBank"},{"floor":9,"key":"Shuriken"},{"floor":14,"key":"Ornamental Fan"}],"event_choices":[{"cards_removed":["Strike_R"],"damage_healed":0,"gold_gain":0,"player_choice":"Card Removal","damage_taken":7,"max_hp_gain":0,"max_hp_loss":0,"event_name":"Golden Wing","floor":3,"gold_loss":0},{"damage_healed":0,"gold_gain":75,"player_choice":"Gather Gold","damage_taken":11,"max_hp_gain":0,"max_hp_loss":0,"event_name":"World of Goop","floor":11,"gold_loss":0},{"damage_healed":0,"gold_gain":0,"player_choice":"Success","damage_taken":7,"relics_obtained":["Red Skull"],"max_hp_gain":0,"max_hp_loss":0,"event_name":"Scrap Ooze","floor":12,"gold_loss":0}],"is_beta":false,"boss_relics":[],"items_purged_floors":[7],"is_endless":false,"potions_floor_spawned":[],"killed_by":"Hexaghost","ascension_level":0}