{"gold_per_floor":[112,42,117,117,42,42,55,30,30,45,64,89,89,89,89,89],"floor_reached":16,"playtime":5294,"items_purged":["Injury"],"score":99,"play_id":"9e793e89-fa95-4a98-b63f-0b56b685bc4c","local_time":"20190625114806","is_ascension_mode":true,"campfire_choices":[{"data":"Corruption","floor":6,"key":"SMITH"},{"data":"Shrug It Off","floor":15,"key":"SMITH"}],"neow_cost":"NONE","seed_source_timestamp":501410888784512,"circlet_count":0,"master_deck":["Strike_R","Strike_R","Strike_R","Strike_R","Defend_R","Defend_R","Defend_R","Defend_R","Bash","Dual Wield","Corruption+1","Seeing Red","Shrug It Off+1"],"relics":["Burning Blood","Golden Idol","Anchor","Bottled Lightning"],"potions_floor_usage":[12,16],"damage_taken":[{"damage":5,"enemies":"Jaw Worm","floor":1,"turns":7},{"damage":5,"enemies":"Cultist","floor":7,"turns":4},{"damage":4,"enemies":"Small Slimes","floor":10,"turns":4},{"damage":9,"enemies":"2 Fungi Beasts","floor":11,"turns":5},{"damage":13,"enemies":"Lots of Slimes","floor":12,"turns":5},{"damage":60,"enemies":"Slime Boss","floor":16,"turns":10}],"seed_played":"9045545349478499282","potions_obtained":[{"floor":7,"key":"AttackPotion"},{"floor":11,"key":"Energy Potion"}],"is_trial":false,"path_per_floor":["M","$","?","?","$","R","M","$","T","M","M","M","T","$","R","B"],"character_chosen":"IRONCLAD","items_purchased":["Corruption","Shrug It Off"],"campfire_rested":0,"item_purchase_floors":[2,8],"current_hp_per_floor":[80,80,69,69,69,69,70,70,70,72,69,62,62,62,62,2],"gold":89,"neow_bonus":"REMOVE_CARD","is_prod":false,"is_daily":false,"chose_seed":false,"campfire_upgraded":2,"win_rate":0,"timestamp":1561481286,"path_taken":["M","$","?","?","$","R","M","?","T","M","?","M","?","?","R","BOSS"],"build_version":"2019-01-23","purchased_purges":1,"victory":false,"max_hp_per_floor":[80,80,80,80,80,80,80,80,80,80,80,80,80,80,80,80],"card_choices":[{"not_picked":["Pommel Strike","Pummel"],"picked":"Dual Wield","floor":1},{"not_picked":["Whirlwind","Pommel Strike"],"picked":"Seeing Red","floor":7},{"not_picked":["Clash","Perfected Strike","Pommel Strike"],"picked":"SKIP","floor":10},{"not_picked":["Heavy Blade","Flex","Corruption"],"picked":"SKIP","floor":11},{"not_picked":["Heavy Blade","Offering","Shrug It Off"],"picked":"SKIP","floor":12}],"player_experience":287287,"relics_obtained":[{"floor":9,"key":"Anchor"},{"floor":13,"key":"Bottled Lightning"}],"event_choices":[{"damage_healed":0,"gold_gain":75,"player_choice":"Gather Gold","damage_taken":11,"max_hp_gain":0,"max_hp_loss":0,"event_name":"World of Goop","floor":3,"gold_loss":0},{"damage_healed":0,"gold_gain":0,"player_choice":"Take Wound","damage_taken":0,"relics_obtained":["Golden Idol"],"max_hp_gain":0,"max_hp_loss":0,"event_name":"Golden Idol","floor":4,"gold_loss":0,"cards_obtained":["Injury"]}],"is_beta":false,"boss_relics":[],"items_purged_floors":[5],"is_endless":false,"potions_floor_spawned":[7,11],"killed_by":"Slime Boss","ascension_level":2}