{"gold_per_floor":[111,122,133,133,133,133,151,151],"floor_reached":8,"playtime":281,"items_purged":[],"score":48,"play_id":"287d3431-b480-4ffe-b268-9473c82a9e79","local_time":"20190308044115","is_ascension_mode":false,"campfire_choices":[{"data":"Anger","floor":6,"key":"SMITH"}],"neow_cost":"NONE","seed_source_timestamp":437477846510270,"circlet_count":0,"master_deck":["Strike_R","Strike_R","Strike_R","Strike_R+1","Strike_R","Defend_R","Defend_R","Defend_R","Defend_R","Bash+1","Twin Strike+1","Anger+1","Shockwave+1","Whirlwind"],"relics":["Burning Blood","Whetstone","Golden Idol"],"potions_floor_usage":[],"damage_taken":[{"damage":8,"enemies":"Jaw Worm","floor":1,"turns":3},{"damage":7,"enemies":"Small Slimes","floor":2,"turns":4},{"damage":0,"enemies":"2 Louse","floor":3,"turns":2},{"damage":24,"enemies":"Gremlin Gang","floor":7,"turns":4},{"damage":44,"enemies":"3 Sentries","floor":8,"turns":5}],"seed_played":"6441392335780465368","potions_obtained":[{"floor":1,"key":"EssenceOfSteel"},{"floor":3,"key":"LiquidBronze"}],"is_trial":false,"path_per_floor":["M","M","M","?","?","R","M","E"],"character_chosen":"IRONCLAD","items_purchased":[],"campfire_rested":0,"item_purchase_floors":[],"current_hp_per_floor":[78,77,80,74,59,59,41,0],"gold":151,"neow_bonus":"RANDOM_COMMON_RELIC","is_prod":false,"is_daily":false,"chose_seed":false,"campfire_upgraded":1,"win_rate":0.0,"timestamp":1552038075,"path_taken":["M","M","M","?","?","R","?","E"],"build_version":"2019-01-23","purchased_purges":0,"victory":false,"max_hp_per_floor":[80,80,80,74,74,74,74,74],"card_choices":[{"not_picked":["Bloodletting","Heavy Blade"],"picked":"Twin Strike","floor":1},{"not_picked":["Sever Soul","Searing Blow"],"picked":"Anger","floor":2},{"not_picked":["Heavy Blade","Flame Barrier"],"picked":"Shockwave","floor":3},{"not_picked":["Power Through","Thunderclap"],"picked":"Whirlwind","floor":7}],"player_experience":25390,"relics_obtained":[],"event_choices":[{"damage_healed":0,"gold_gain":0,"player_choice":"Lose Max HP","damage_taken":0,"relics_obtained":["Golden Idol"],"max_hp_gain":0,"max_hp_loss":6,"event_name":"Golden Idol","floor":4,"gold_loss":0},{"damage_healed":0,"gold_gain":0,"player_choice":"Entered Light","damage_taken":15,"max_hp_gain":0,"max_hp_loss":0,"event_name":"Shining Light","floor":5,"gold_loss":0,"cards_upgraded":["Shockwave","Twin Strike"]}],"is_beta":false,"boss_relics":[],"items_purged_floors":[],"is_endless":false,"potions_floor_spawned":[1,3],"killed_by":"3 Sentries","ascension_level":0}