{"gold_per_floor":[117,117,71,81,31,31,43,43,121,121,138,138,152,166,166,269,269,288,312,331,99,99,99,99,115,115,129,129,129,29,56,68,80],"floor_reached":33,"playtime":997,"items_purged":["Normality","Strike_R"],"score":260,"play_id":"b9783f48-fd75-48d1-a5ac-3db68db28c2d","local_time":"20190530071751","is_ascension_mode":false,"campfire_choices":[{"data":"Heavy Blade","floor":6,"key":"SMITH"},{"data":"Flex","floor":8,"key":"SMITH"},{"data":"Twin Strike","floor":12,"key":"SMITH"},{"data":"Cleave","floor":15,"key":"SMITH"},{"data":"Juggernaut","floor":23,"key":"SMITH"},{"data":"Metallicize","floor":28,"key":"SMITH"},{"data":"Bash","floor":32,"key":"SMITH"}],"neow_cost":"NONE","seed_source_timestamp":157646305024174,"circlet_count":0,"master_deck":["Strike_R","Strike_R","Defend_R","Defend_R","Defend_R","Defend_R","Bash+1","Twin Strike+1","Heavy Blade+1","Flex+1","Cleave+1","Juggernaut+1","Shame","Decay","Ghostly Armor+1","Metallicize+1"],"relics":["Burning Blood","Darkstone Periapt","Shuriken","Calling Bell","Regal Pillow","Meat on the Bone","Thread and Needle","Bronze Scales","Lantern","FossilizedHelix","MawBank"],"potions_floor_usage":[13,16,25,29,33,33,33],"damage_taken":[{"damage":1,"enemies":"Jaw Worm","floor":1,"turns":3},{"damage":8,"enemies":"Small Slimes","floor":4,"turns":3},{"damage":0,"enemies":"2 Louse","floor":7,"turns":2},{"damage":10,"enemies":"Red Slaver","floor":11,"turns":4},{"damage":2,"enemies":"Gremlin Gang","floor":13,"turns":3},{"damage":16,"enemies":"Large Slime","floor":14,"turns":3},{"damage":59,"enemies":"Hexaghost","floor":16,"turns":9},{"damage":16,"enemies":"Chosen","floor":18,"turns":5},{"damage":16,"enemies":"Spheric Guardian","floor":20,"turns":4},{"damage":11,"enemies":"Centurion and Healer","floor":25,"turns":6},{"damage":0,"enemies":"Snake Plant","floor":27,"turns":3},{"damage":89,"enemies":"Champ","floor":33,"turns":10}],"seed_played":"6251307533412235217","potions_obtained":[{"floor":4,"key":"PowerPotion"},{"floor":11,"key":"Strength Potion"},{"floor":16,"key":"Weak Potion"},{"floor":18,"key":"Block Potion"},{"floor":20,"key":"SteroidPotion"},{"floor":29,"key":"Fruit Juice"},{"floor":29,"key":"Strength Potion"}],"is_trial":false,"path_per_floor":["M","?","$","M","?","R","M","R","T","?","M","R","M","M","R","B",null,"M","T","M","$","?","R","$","M","T","M","R","?","$","T","R","B"],"character_chosen":"IRONCLAD","items_purchased":["Flex","Lantern"],"campfire_rested":0,"item_purchase_floors":[3,21],"current_hp_per_floor":[80,68,68,66,66,66,72,72,72,72,68,68,72,62,62,9,98,88,88,78,78,78,78,78,73,73,79,79,84,84,84,84,0],"gold":80,"neow_bonus":"THREE_CARDS","is_prod":false,"is_daily":false,"chose_seed":false,"campfire_upgraded":7,"win_rate":0.0,"timestamp":1559218671,"path_taken":["M","?","$","M","?","R","M","R","T","?","M","R","M","M","R","BOSS","M","?","?","$","?","R","$","?","T","M","R","?","?","?","R","BOSS"],"build_version":"2019-01-23","purchased_purges":2,"victory":false,"max_hp_per_floor":[80,80,80,80,80,80,80,80,80,80,80,80,80,80,80,80,98,98,98,98,98,98,98,98,98,98,98,98,103,103,103,103,103],"card_choices":[{"not_picked":["Warcry","Heavy Blade"],"picked":"Twin Strike","floor":0},{"not_picked":["True Grit","Thunderclap"],"picked":"Heavy Blade","floor":1},{"not_picked":["Entrench","Headbutt","Perfected Strike"],"picked":"SKIP","floor":4},{"not_picked":["Corruption","Pummel","Iron Wave"],"picked":"SKIP","floor":7},{"not_picked":["Perfected Strike","Anger","Wild Strike"],"picked":"SKIP","floor":11},{"not_picked":["Infernal Blade","Disarm"],"picked":"Cleave","floor":13},{"not_picked":["Fiend Fire","Cleave","Searing Blow"],"picked":"SKIP","floor":14},{"not_picked":["Barricade","Berserk"],"picked":"Juggernaut","floor":16},{"not_picked":["Sever Soul","Perfected Strike","Dropkick"],"picked":"SKIP","floor":18},{"not_picked":["Sword Boomerang","Armaments"],"picked":"Ghostly Armor+1","floor":20},{"not_picked":["Body Slam","Intimidate+1"],"picked":"Metallicize","floor":25},{"not_picked":["Perfected Strike","Pommel Strike","Cleave+1"],"picked":"SKIP","floor":27}],"player_experience":22911,"relics_obtained":[{"floor":9,"key":"Shuriken"},{"floor":17,"key":"Regal Pillow"},{"floor":17,"key":"Meat on the Bone"},{"floor":17,"key":"Thread and Needle"},{"floor":19,"key":"Bronze Scales"},{"floor":26,"key":"FossilizedHelix"},{"floor":31,"key":"MawBank"}],"event_choices":[{"damage_healed":0,"gold_gain":0,"player_choice":"Success","damage_taken":12,"relics_obtained":["Darkstone Periapt"],"max_hp_gain":0,"max_hp_loss":0,"event_name":"Scrap Ooze","floor":2,"gold_loss":0},{"cards_removed":["Strike_R"],"damage_healed":0,"gold_gain":0,"player_choice":"Card Removal","damage_taken":0,"max_hp_gain":0,"max_hp_loss":0,"event_name":"The Cleric","floor":5,"gold_loss":50},{"damage_healed":0,"gold_gain":0,"player_choice":"Bought 0 Potions","damage_taken":0,"max_hp_gain":0,"max_hp_loss":0,"event_name":"The Woman in Blue","floor":10,"gold_loss":0},{"cards_removed":["Strike_R"],"damage_healed":0,"gold_gain":0,"player_choice":"Purged","damage_taken":0,"max_hp_gain":0,"max_hp_loss":0,"event_name":"Purifier","floor":22,"gold_loss":0},{"damage_healed":0,"gold_gain":0,"player_choice":"Got Potions","damage_taken":0,"max_hp_gain":0,"max_hp_loss":0,"event_name":"Lab","floor":29,"gold_loss":0}],"is_beta":false,"boss_relics":[{"not_picked":["Coffee Dripper","Runic Dome"],"picked":"Calling Bell"}],"items_purged_floors":[21,30],"is_endless":false,"potions_floor_spawned":[4,11,16,18,20],"killed_by":"Champ","ascension_level":0}