{"gold_per_floor":[109,109,126,144,154,154,188,188,188,198,198],"floor_reached":11,"playtime":601,"items_purged":[],"score":75,"play_id":"6d482fbc-7c5f-4be6-b585-cf383fb16f22","local_time":"20190528204534","is_ascension_mode":false,"campfire_choices":[{"data":"Zap","floor":6,"key":"SMITH"},{"floor":8,"key":"REST"}],"neow_cost":"NONE","seed_source_timestamp":33703631276897,"circlet_count":0,"master_deck":["Strike_B","Strike_B","Defend_B","Defend_B","Defend_B","Defend_B","Zap+1","Dualcast","Fission","Capacitor","Conserve Battery","Conserve Battery"],"relics":["Cracked Core","Sundial","Shovel"],"potions_floor_usage":[],"damage_taken":[{"damage":1,"enemies":"Jaw Worm","floor":1,"turns":3},{"damage":4,"enemies":"Cultist","floor":3,"turns":4},{"damage":0,"enemies":"Small Slimes","floor":4,"turns":3},{"damage":2,"enemies":"Blue Slaver","floor":5,"turns":5},{"damage":30,"enemies":"3 Sentries","floor":7,"turns":11},{"damage":0,"enemies":"Exordium Wildlife","floor":10,"turns":5},{"damage":62,"enemies":"Gremlin Nob","floor":11,"turns":5}],"seed_played":"2532868771249687382","potions_obtained":[{"floor":4,"key":"Energy Potion"},{"floor":7,"key":"GamblersBrew"},{"floor":10,"key":"LiquidBronze"}],"is_trial":false,"path_per_floor":["M","?","M","M","M","R","E","R","T","M","E"],"character_chosen":"DEFECT","items_purchased":[],"campfire_rested":1,"item_purchase_floors":[],"current_hp_per_floor":[74,74,70,70,68,68,38,60,60,60,0],"gold":198,"neow_bonus":"REMOVE_CARD","is_prod":false,"is_daily":false,"chose_seed":false,"campfire_upgraded":1,"win_rate":0.0,"timestamp":1559094334,"path_taken":["M","?","M","?","M","R","E","R","T","M","E"],"build_version":"2019-01-23","purchased_purges":0,"victory":false,"max_hp_per_floor":[75,75,75,75,75,75,75,75,75,75,75],"card_choices":[{"not_picked":["Leap","Beam Cell","Consume"],"picked":"SKIP","floor":1},{"not_picked":["Static Discharge","Ball Lightning"],"picked":"Capacitor","floor":3},{"not_picked":["Gash","Streamline"],"picked":"Conserve Battery","floor":4},{"not_picked":["Leap","Reinforced Body"],"picked":"Conserve Battery","floor":5},{"not_picked":["Compile Driver","Genetic Algorithm","Gash"],"picked":"SKIP","floor":7},{"not_picked":["Lockon","Double Energy","Steam"],"picked":"SKIP","floor":10}],"player_experience":9015,"relics_obtained":[{"floor":7,"key":"Sundial"},{"floor":9,"key":"Shovel"}],"event_choices":[{"damage_healed":0,"gold_gain":0,"cards_transformed":["Strike_B"],"player_choice":"Transformed","damage_taken":0,"max_hp_gain":0,"max_hp_loss":0,"event_name":"Transmorgrifier","floor":2,"gold_loss":0,"cards_obtained":["Fission"]}],"is_beta":false,"boss_relics":[],"items_purged_floors":[],"is_endless":false,"potions_floor_spawned":[4,7,10],"killed_by":"Gremlin Nob","ascension_level":0}