{"gold_per_floor":[130,152,239,251,263,305,317,348,385,417,448,90,40,52,52,155,155,166,32,52,142,157,157,190,190,190,190,210,210,222,233,233,233],"floor_reached":33,"playtime":2741,"items_purged":["Strike_R","Strike_R"],"score":269,"play_id":"556c19f3-f487-4308-8068-70e17d44de73","local_time":"20190529204519","is_ascension_mode":false,"campfire_choices":[{"floor":7,"key":"REST"},{"data":"Heavy Blade","floor":15,"key":"SMITH"},{"floor":23,"key":"REST"},{"floor":25,"key":"REST"},{"data":"Whirlwind","floor":27,"key":"SMITH"},{"floor":32,"key":"REST"}],"neow_cost":"NONE","seed_source_timestamp":117951149755961,"circlet_count":0,"master_deck":["Strike_R","Strike_R+1","Strike_R+1","Defend_R","Defend_R","Defend_R","Defend_R","Bash","Thunderclap","Whirlwind+1","Body Slam","Flex","Warcry","Heavy Blade+1","Inflame+1","Barricade+1","Metallicize+1","Shrug It Off","Demon Form+1","True Grit+1"],"relics":["Black Blood","MawBank","Orichalcum","Mercury Hourglass","Whetstone","Centennial Puzzle","Frozen Egg 2","Ancient Tea Set","Toxic Egg 2"],"potions_floor_usage":[10,14,16,16,31,33,33,33],"damage_taken":[{"damage":5,"enemies":"Cultist","floor":1,"turns":4},{"damage":0,"enemies":"Small Slimes","floor":2,"turns":4},{"damage":43,"enemies":"Lagavulin","floor":6,"turns":9},{"damage":1,"enemies":"Jaw Worm","floor":8,"turns":4},{"damage":3,"enemies":"Blue Slaver","floor":10,"turns":3},{"damage":0,"enemies":"Exordium Wildlife","floor":11,"turns":2},{"damage":1,"enemies":"Red Slaver","floor":14,"turns":2},{"damage":1,"enemies":"Slime Boss","floor":16,"turns":7},{"damage":19,"enemies":"Shell Parasite","floor":18,"turns":6},{"damage":26,"enemies":"2 Thieves","floor":20,"turns":4},{"damage":5,"enemies":"Snecko","floor":22,"turns":4},{"damage":51,"enemies":"Slavers","floor":24,"turns":6},{"damage":0,"enemies":"Centurion and Healer","floor":28,"turns":4},{"damage":22,"enemies":"Snake Plant","floor":30,"turns":3},{"damage":21,"enemies":"Cultist and Chosen","floor":31,"turns":10},{"damage":64,"enemies":"Collector","floor":33,"turns":7}],"seed_played":"-3105842806310065513","potions_obtained":[{"floor":6,"key":"EssenceOfSteel"},{"floor":8,"key":"FearPotion"},{"floor":10,"key":"Block Potion"},{"floor":11,"key":"AttackPotion"},{"floor":22,"key":"Dexterity Potion"},{"floor":24,"key":"Ancient Potion"},{"floor":28,"key":"Energy Potion"},{"floor":29,"key":"EssenceOfSteel"},{"floor":31,"key":"GamblersBrew"}],"is_trial":false,"path_per_floor":["M","M","?","?","T","E","R","M","T","M","M","$","$","M","R","B",null,"M","$","M","?","M","R","E","R","T","R","M","?","M","M","R","B"],"character_chosen":"IRONCLAD","items_purchased":["Warcry","Frozen Egg 2","Heavy Blade","Metallicize+1"],"campfire_rested":4,"item_purchase_floors":[12,12,13,19],"current_hp_per_floor":[80,80,69,62,62,25,49,54,54,57,63,63,63,68,68,73,80,71,71,55,39,44,68,27,51,51,51,61,61,49,38,62,0],"gold":233,"neow_bonus":"RANDOM_COMMON_RELIC","is_prod":false,"is_daily":false,"chose_seed":false,"campfire_upgraded":2,"win_rate":0.0,"timestamp":1559180719,"path_taken":["M","?","?","?","?","E","R","?","T","M","M","?","$","M","R","BOSS","M","$","M","?","?","R","E","R","T","R","M","?","M","?","R","BOSS"],"build_version":"2019-01-23","purchased_purges":2,"victory":false,"max_hp_per_floor":[80,80,80,80,80,80,80,80,80,80,80,80,80,80,80,80,80,80,80,80,80,80,80,80,80,80,80,80,80,80,80,80,80],"card_choices":[{"not_picked":["Corruption","Infernal Blade"],"picked":"Thunderclap","floor":1},{"not_picked":["Anger","Heavy Blade"],"picked":"Whirlwind","floor":2},{"not_picked":["Feed","Dark Embrace","Entrench"],"picked":"SKIP","floor":6},{"not_picked":["Anger","Corruption","Bloodletting"],"picked":"SKIP","floor":8},{"not_picked":["Sword Boomerang","Perfected Strike"],"picked":"Body Slam","floor":10},{"not_picked":["Clash","Spot Weakness"],"picked":"Flex","floor":11},{"not_picked":["Battle Trance","Pommel Strike"],"picked":"Inflame+1","floor":14},{"not_picked":["Double Tap","Berserk+1"],"picked":"Barricade+1","floor":16},{"not_picked":["Clash","Perfected Strike+1","Carnage"],"picked":"SKIP","floor":18},{"not_picked":["Spot Weakness","Warcry"],"picked":"Shrug It Off","floor":20},{"not_picked":["Anger","Clothesline","Cleave"],"picked":"SKIP","floor":22},{"not_picked":["Heavy Blade","Sword Boomerang+1","Clash"],"picked":"SKIP","floor":24},{"not_picked":["Clash","True Grit+1"],"picked":"Demon Form+1","floor":28},{"not_picked":["Thunderclap+1","Headbutt"],"picked":"True Grit+1","floor":30},{"not_picked":["Armaments+1","Pommel Strike+1","Rage+1"],"picked":"SKIP","floor":31}],"player_experience":18364,"relics_obtained":[{"floor":5,"key":"Mercury Hourglass"},{"floor":6,"key":"Whetstone"},{"floor":9,"key":"Centennial Puzzle"},{"floor":24,"key":"Ancient Tea Set"},{"floor":26,"key":"Toxic Egg 2"}],"event_choices":[{"damage_healed":0,"gold_gain":75,"player_choice":"Gather Gold","damage_taken":11,"max_hp_gain":0,"max_hp_loss":0,"event_name":"World of Goop","floor":3,"gold_loss":0},{"damage_healed":0,"gold_gain":0,"player_choice":"Success","damage_taken":7,"relics_obtained":["Orichalcum"],"max_hp_gain":0,"max_hp_loss":0,"event_name":"Scrap Ooze","floor":4,"gold_loss":0},{"damage_healed":0,"gold_gain":90,"player_choice":"GOLD ","damage_taken":16,"max_hp_gain":0,"max_hp_loss":0,"event_name":"Knowing Skull","floor":21,"potions_obtained":[],"gold_loss":0,"cards_obtained":[]},{"damage_healed":0,"gold_gain":0,"player_choice":"Got Potions","damage_taken":0,"max_hp_gain":0,"max_hp_loss":0,"event_name":"Lab","floor":29,"gold_loss":0}],"is_beta":false,"boss_relics":[{"not_picked":["Runic Dome","Velvet Choker"],"picked":"Black Blood"}],"items_purged_floors":[12,19],"is_endless":false,"potions_floor_spawned":[6,8,10,11,22,24,28,31],"killed_by":"Collector","ascension_level":0}