{"gold_per_floor":[365,365,92,123,23,23,68,210,210,274,311,311,379,469,469,565,565,629,644,688,731,47,47,47,47,119,119,119,119,197,234,234,305,305,346,413,79,91,216,216,236,236,236,236,30,30,79,93,93,118],"floor_reached":51,"playtime":2692,"items_purged":["Strike_G","Strike_G","Strike_G","Defend_G"],"score":1290,"play_id":"2aa82b32-9455-4c18-b938-12ca21ba0a5e","local_time":"20190625124715","is_ascension_mode":true,"campfire_choices":[{"data":"HandOfGreed","floor":6,"key":"SMITH"},{"floor":15,"key":"REST"},{"floor":23,"key":"REST"},{"data":"A Thousand Cuts","floor":25,"key":"SMITH"},{"data":"Footwork","floor":27,"key":"SMITH"},{"data":"Footwork","floor":29,"key":"SMITH"},{"data":"Skewer","floor":32,"key":"SMITH"},{"floor":40,"key":"REST"},{"data":"Footwork","floor":42,"key":"SMITH"},{"data":"Deadly Poison","floor":46,"key":"SMITH"},{"floor":49,"key":"REST"}],"neow_cost":"PERCENT_DAMAGE","seed_source_timestamp":9713344422100,"circlet_count":0,"master_deck":["AscendersBane","Defend_G","Defend_G","Defend_G","Survivor","Neutralize","HandOfGreed+1","Backflip","Backflip","Footwork+1","Quick Slash","Skewer+1","Footwork+1","A Thousand Cuts+1","Outmaneuver","Leg Sweep","Footwork+1","Adrenaline","Apotheosis","Deadly Poison+1"],"relics":["Ring of the Snake","Paper Crane","Busted Crown","Oddly Smooth Stone","ClockworkSouvenir","Ancient Tea Set","Singing Bowl","The Courier","Empty Cage","Lee\u0027s Waffle","Du-Vu Doll","Bottled Tornado","Incense Burner"],"potions_floor_usage":[10,16,18,18,30,36,38,41,47,48,50],"damage_taken":[{"damage":0,"enemies":"2 Louse","floor":1,"turns":3},{"damage":0,"enemies":"Cultist","floor":4,"turns":5},{"damage":4,"enemies":"Jaw Worm","floor":7,"turns":5},{"damage":9,"enemies":"Lots of Slimes","floor":8,"turns":9},{"damage":5,"enemies":"Exordium Thugs","floor":10,"turns":6},{"damage":4,"enemies":"Looter","floor":11,"turns":4},{"damage":0,"enemies":"Large Slime","floor":13,"turns":6},{"damage":0,"enemies":"3 Louse","floor":14,"turns":5},{"damage":0,"enemies":"The Guardian","floor":16,"turns":18},{"damage":0,"enemies":"3 Byrds","floor":18,"turns":9},{"damage":16,"enemies":"2 Thieves","floor":19,"turns":4},{"damage":11,"enemies":"Snake Plant","floor":20,"turns":7},{"damage":9,"enemies":"Snecko","floor":21,"turns":4},{"damage":12,"enemies":"Slavers","floor":30,"turns":6},{"damage":0,"enemies":"Sentry and Sphere","floor":31,"turns":6},{"damage":13,"enemies":"Collector","floor":33,"turns":11},{"damage":0,"enemies":"Orb Walker","floor":35,"turns":6},{"damage":15,"enemies":"3 Shapes","floor":36,"turns":7},{"damage":19,"enemies":"Transient","floor":38,"turns":5},{"damage":7,"enemies":"Mind Bloom Boss Battle","floor":39,"turns":10},{"damage":0,"enemies":"3 Darklings","floor":41,"turns":10},{"damage":35,"enemies":"2 Orb Walkers","floor":47,"turns":6},{"damage":8,"enemies":"Jaw Worm Horde","floor":48,"turns":5},{"damage":12,"enemies":"Awakened One","floor":50,"turns":21}],"seed_played":"3678529928944533731","potions_obtained":[{"floor":8,"key":"Energy Potion"},{"floor":10,"key":"LiquidBronze"},{"floor":11,"key":"Weak Potion"},{"floor":16,"key":"AttackPotion"},{"floor":21,"key":"Ancient Potion"},{"floor":33,"key":"Strength Potion"},{"floor":36,"key":"EssenceOfSteel"},{"floor":38,"key":"Explosive Potion"},{"floor":47,"key":"AttackPotion"},{"floor":48,"key":"FearPotion"}],"is_trial":false,"path_per_floor":["M","?","$","M","$","R","M","M","T","M","M","?","M","M","R","B",null,"M","M","M","M","$","R","T","R","T","R","?","R","E","M","R","B",null,"M","M","$","M","?","R","M","R","T","?","$","R","?","M","R","B",null],"character_chosen":"THE_SILENT","items_purchased":["HandOfGreed","Oddly Smooth Stone","Leg Sweep","ClockworkSouvenir","Footwork","Lee\u0027s Waffle","FearPotion","Apotheosis","Deadly Poison"],"campfire_rested":4,"item_purchase_floors":[3,22,22,22,22,37,37,45,45],"current_hp_per_floor":[44,49,49,49,49,49,45,36,36,31,27,27,27,27,46,46,61,61,45,34,25,25,44,44,44,44,44,57,57,47,49,49,36,62,64,49,79,62,57,81,83,83,83,83,83,83,50,44,70,58],"gold":118,"neow_bonus":"TWO_FIFTY_GOLD","is_prod":false,"is_daily":false,"chose_seed":false,"campfire_upgraded":7,"win_rate":0,"timestamp":1561481235,"path_taken":["M","?","$","M","$","R","M","M","T","M","?","?","M","M","R","BOSS","M","?","?","M","$","R","?","R","T","R","?","R","E","M","R","BOSS","M","M","$","M","?","R","M","R","T","?","$","R","?","M","R","BOSS"],"build_version":"2019-01-23","purchased_purges":4,"victory":true,"max_hp_per_floor":[66,66,66,66,66,66,66,66,66,66,66,66,66,66,66,66,66,66,66,66,66,66,66,66,66,66,66,66,66,68,70,70,70,70,72,72,79,81,83,83,85,85,85,85,85,85,87,89,89,89],"card_choices":[{"not_picked":["Prepared","Underhanded Strike"],"picked":"Sucker Punch","floor":1},{"not_picked":["Quick Slash","Deflect"],"picked":"Backflip","floor":4},{"not_picked":["Grand Finale","Flechettes"],"picked":"Backflip","floor":7},{"not_picked":["Dash","Flying Knee"],"picked":"Footwork","floor":8},{"not_picked":["Bane","Dodge and Roll","Flying Knee"],"picked":"SKIP","floor":10},{"not_picked":["Dodge and Roll","Reflex"],"picked":"Quick Slash","floor":11},{"not_picked":["Dagger Spray","Riddle With Holes"],"picked":"Skewer","floor":13},{"not_picked":["Backflip","Noxious Fumes"],"picked":"Footwork","floor":14},{"not_picked":["Wraith Form v2","Phantasmal Killer"],"picked":"A Thousand Cuts","floor":16},{"not_picked":["Tactician"],"picked":"SKIP","floor":18},{"not_picked":[],"picked":"Outmaneuver","floor":19},{"not_picked":["Flechettes"],"picked":"SKIP","floor":20},{"not_picked":["Reflex+1"],"picked":"SKIP","floor":21},{"not_picked":["Acrobatics"],"picked":"Singing Bowl","floor":30},{"not_picked":["Calculated Gamble"],"picked":"Singing Bowl","floor":31},{"not_picked":[],"picked":"Adrenaline","floor":33},{"not_picked":["Bane+1"],"picked":"Singing Bowl","floor":35},{"not_picked":[],"picked":"Dodge and Roll+1","floor":36},{"not_picked":["Acrobatics"],"picked":"Singing Bowl","floor":38},{"not_picked":["Acrobatics"],"picked":"Singing Bowl","floor":39},{"not_picked":["Deadly Poison"],"picked":"Singing Bowl","floor":41},{"not_picked":["Well Laid Plans"],"picked":"Singing Bowl","floor":47},{"not_picked":["Skewer"],"picked":"Singing Bowl","floor":48}],"player_experience":1401556,"relics_obtained":[{"floor":9,"key":"Paper Crane"},{"floor":24,"key":"Ancient Tea Set"},{"floor":26,"key":"Singing Bowl"},{"floor":30,"key":"The Courier"},{"floor":39,"key":"Du-Vu Doll"},{"floor":43,"key":"Bottled Tornado"},{"floor":47,"key":"Incense Burner"}],"event_choices":[{"cards_removed":["Sucker Punch"],"damage_healed":5,"gold_gain":0,"player_choice":"Offered Common","damage_taken":0,"max_hp_gain":0,"max_hp_loss":0,"event_name":"Bonfire Elementals","floor":2,"gold_loss":0},{"cards_removed":["Sucker Punch"],"damage_healed":5,"gold_gain":0,"player_choice":"Offered Special","damage_taken":0,"max_hp_gain":0,"max_hp_loss":0,"event_name":"Bonfire Elementals","floor":2,"gold_loss":0},{"cards_removed":["Defend_G"],"damage_healed":0,"gold_gain":0,"player_choice":"Purged","damage_taken":0,"max_hp_gain":0,"max_hp_loss":0,"event_name":"Purifier","floor":12,"gold_loss":0},{"damage_healed":13,"gold_gain":0,"player_choice":"Heal","damage_taken":0,"max_hp_gain":0,"max_hp_loss":0,"event_name":"The Library","floor":28,"gold_loss":0},{"damage_healed":0,"gold_gain":0,"player_choice":"Fight","damage_taken":0,"max_hp_gain":0,"max_hp_loss":0,"event_name":"MindBloom","floor":39,"gold_loss":0},{"cards_removed":["Dodge and Roll"],"damage_healed":0,"gold_gain":0,"player_choice":"Removed Skill","damage_taken":0,"max_hp_gain":0,"max_hp_loss":0,"event_name":"Falling","floor":44,"gold_loss":0},{"damage_healed":0,"gold_gain":0,"player_choice":"Fight","damage_taken":0,"max_hp_gain":0,"max_hp_loss":0,"event_name":"Mysterious Sphere","floor":47,"gold_loss":0}],"is_beta":false,"boss_relics":[{"not_picked":["HoveringKite","Ectoplasm"],"picked":"Busted Crown"},{"not_picked":["Philosopher\u0027s Stone","Lizard Tail"],"picked":"Empty Cage"}],"items_purged_floors":[3,5,22,37],"is_endless":false,"potions_floor_spawned":[8,10,11,13,14,16,21,33,36,38,39,47,48],"ascension_level":16}