{"gold_per_floor":[361,361,12,22,38,38,58,58,58,76,102,121,121,138,138,138],"floor_reached":16,"playtime":724,"items_purged":[],"score":172,"play_id":"f8b7312a-6b80-451a-87a1-c26c837fbaa9","local_time":"20190624140519","is_ascension_mode":true,"campfire_choices":[{"data":"Infernal Blade","floor":6,"key":"SMITH"},{"data":"Neutralize","floor":8,"key":"SMITH"},{"data":"Gash","floor":13,"key":"SMITH"},{"data":"Gash","floor":15,"key":"SMITH"}],"neow_cost":"TEN_PERCENT_HP_LOSS","seed_source_timestamp":268881801930300,"circlet_count":0,"master_deck":["AscendersBane","Defend_G","Defend_G","Defend_G","Defend_G","Defend_G","Strike_G","Strike_G","Strike_G","Strike_G","Strike_G","Survivor","Neutralize+1","PiercingWail","Conserve Battery","Infernal Blade+1","Auto Shields","Shrug It Off","Secret Technique","Gash+1","Gash+1"],"relics":["Ring of the Snake","FaceOfCleric","PrismaticShard","Oddly Smooth Stone","Blue Candle","Bottled Flame"],"potions_floor_usage":[11,14,16],"damage_taken":[{"damage":7,"enemies":"Jaw Worm","floor":1,"turns":6},{"damage":11,"enemies":"Cultist","floor":4,"turns":6},{"damage":0,"enemies":"Small Slimes","floor":5,"turns":5},{"damage":0,"enemies":"3 Louse","floor":7,"turns":5},{"damage":6,"enemies":"Gremlin Gang","floor":10,"turns":8},{"damage":6,"enemies":"Lagavulin","floor":11,"turns":14},{"damage":0,"enemies":"Looter","floor":12,"turns":2},{"damage":0,"enemies":"Large Slime","floor":14,"turns":8},{"damage":55,"enemies":"Slime Boss","floor":16,"turns":12}],"seed_played":"970093392369472479","potions_obtained":[{"floor":7,"key":"LiquidBronze"},{"floor":10,"key":"Swift Potion"},{"floor":11,"key":"Regen Potion"},{"floor":12,"key":"Block Potion"}],"is_trial":false,"path_per_floor":["M","?","$","M","M","R","M","R","T","M","E","M","R","M","R","B"],"character_chosen":"THE_SILENT","items_purchased":["PrismaticShard","Oddly Smooth Stone"],"campfire_rested":0,"item_purchase_floors":[3,3],"current_hp_per_floor":[56,56,56,46,47,47,48,48,48,43,38,39,39,55,55,0],"gold":138,"neow_bonus":"TWO_FIFTY_GOLD","is_prod":false,"is_daily":false,"chose_seed":false,"campfire_upgraded":4,"win_rate":0,"timestamp":1561399519,"path_taken":["M","?","$","M","?","R","M","R","T","M","E","M","R","M","R","BOSS"],"build_version":"2019-01-23","purchased_purges":0,"victory":false,"max_hp_per_floor":[63,63,63,64,65,65,66,66,66,67,68,69,69,70,70,70],"card_choices":[{"not_picked":["Outmaneuver","Cloak And Dagger"],"picked":"PiercingWail","floor":1},{"not_picked":["Redo","Cold Snap"],"picked":"Conserve Battery","floor":4},{"not_picked":["Dagger Spray","Cold Snap"],"picked":"Infernal Blade","floor":5},{"not_picked":["Skim","Darkness"],"picked":"Auto Shields","floor":7},{"not_picked":["Caltrops","Combust"],"picked":"Shrug It Off","floor":10},{"not_picked":["Rebound","Bane"],"picked":"Secret Technique","floor":11},{"not_picked":["Compile Driver","True Grit"],"picked":"Gash","floor":12},{"not_picked":["Dagger Throw","Rebound"],"picked":"Gash","floor":14}],"player_experience":1343208,"relics_obtained":[{"floor":9,"key":"Blue Candle"},{"floor":11,"key":"Bottled Flame"}],"event_choices":[{"damage_healed":0,"gold_gain":0,"player_choice":"Trade","damage_taken":0,"relics_obtained":["FaceOfCleric"],"max_hp_gain":0,"max_hp_loss":0,"event_name":"FaceTrader","floor":2,"gold_loss":0}],"is_beta":false,"boss_relics":[],"items_purged_floors":[],"is_endless":false,"potions_floor_spawned":[7,10,11,12],"killed_by":"Slime Boss","ascension_level":13}