{"gold_per_floor":[119,119,66,5,5,30,30,49,49,77,91,104,104,114,114,215,215,228,228,244,255,274,303,303,303,303,323,323,323,338,51,51,147,147,162,162,162,173,186,214,214,249,249,261,40,40,57,70,70,70,70,70,20,49,49],"floor_reached":55,"playtime":5009,"items_purged":["Strike_R"],"score":1189,"play_id":"19bcb4c6-67a2-418a-9aa1-fe0041d5c14b","local_time":"20190618223456","is_ascension_mode":true,"campfire_choices":[{"data":"Armaments","floor":7.0,"key":"SMITH"},{"data":"Havoc","floor":13.0,"key":"SMITH"},{"data":"Bludgeon","floor":15.0,"key":"SMITH"},{"data":"Impervious","floor":24.0,"key":"SMITH"},{"data":"Impervious","floor":28.0,"key":"SMITH"},{"floor":32.0,"key":"REST"},{"floor":41.0,"key":"RECALL"},{"data":"Corruption","floor":46.0,"key":"SMITH"},{"floor":49.0,"key":"REST"},{"floor":52.0,"key":"REST"}],"neow_cost":"NONE","seed_source_timestamp":0,"circlet_count":0,"master_deck":["AscendersBane","Strike_R","Strike_R","Strike_R","Defend_R","Defend_R","Defend_R","Defend_R","Bash","Shrug It Off+1","Havoc+1","Pommel Strike","Bludgeon+1","Burning Pact","Impervious+1","Seeing Red","Headbutt+1","Impervious+1","Seeing Red","Madness","Dark Embrace","Madness","Madness","Feel No Pain+1","Shrug It Off","Clumsy","Feel No Pain+1","Corruption+1","Shockwave","Inflame+1","Demon Form"],"special_seed":0,"relics":["Burning Blood","NeowsBlessing","Singing Bowl","Dodecahedron","Bag of Preparation","Omamori","Cursed Key","Meat on the Bone","Letter Opener","Strawberry","ClockworkSouvenir","Busted Crown","Pear","Turnip","Sundial"],"potions_floor_usage":[],"damage_taken":[{"damage":0.0,"enemies":"2 Louse","floor":1.0,"turns":1.0},{"damage":0.0,"enemies":"3 Sentries","floor":6.0,"turns":2.0},{"damage":0.0,"enemies":"Cultist","floor":8.0,"turns":1.0},{"damage":29.0,"enemies":"Gremlin Nob","floor":10.0,"turns":5.0},{"damage":6.0,"enemies":"Small Slimes","floor":11.0,"turns":3.0},{"damage":9.0,"enemies":"Red Slaver","floor":12.0,"turns":3.0},{"damage":20.0,"enemies":"Gremlin Gang","floor":14.0,"turns":6.0},{"damage":32.0,"enemies":"Hexaghost","floor":16.0,"turns":9.0},{"damage":7.0,"enemies":"3 Byrds","floor":18.0,"turns":4.0},{"damage":0.0,"enemies":"Spheric Guardian","floor":20.0,"turns":1.0},{"damage":10.0,"enemies":"Shelled Parasite and Fungi","floor":21.0,"turns":4.0},{"damage":8.0,"enemies":"Snake Plant","floor":22.0,"turns":4.0},{"damage":58.0,"enemies":"Gremlin Leader","floor":23.0,"turns":6.0},{"damage":6.0,"enemies":"Centurion and Healer","floor":27.0,"turns":6.0},{"damage":0.0,"enemies":"Snecko","floor":30.0,"turns":3.0},{"damage":69.0,"enemies":"Champ","floor":33.0,"turns":13.0},{"damage":9.0,"enemies":"Orb Walker","floor":35.0,"turns":3.0},{"damage":0.0,"enemies":"3 Shapes","floor":38.0,"turns":4.0},{"damage":8.0,"enemies":"Sphere and 2 Shapes","floor":39.0,"turns":3.0},{"damage":16.0,"enemies":"Giant Head","floor":40.0,"turns":7.0},{"damage":13.0,"enemies":"Nemesis","floor":42.0,"turns":7.0},{"damage":8.0,"enemies":"Spire Growth","floor":44.0,"turns":5.0},{"damage":8.0,"enemies":"3 Darklings","floor":47.0,"turns":5.0},{"damage":33.0,"enemies":"Jaw Worm Horde","floor":48.0,"turns":5.0},{"damage":41.0,"enemies":"Donu and Deca","floor":50.0,"turns":8.0},{"damage":59.0,"enemies":"Shield and Spear","floor":54.0,"turns":5.0},{"damage":106,"enemies":"The Heart","floor":55,"turns":8}],"seed_played":"736584621302324007","potions_obtained":[{"floor":6.0,"key":"AttackPotion"},{"floor":10.0,"key":"LiquidBronze"},{"floor":11.0,"key":"Regen Potion"},{"floor":16.0,"key":"Explosive Potion"},{"floor":18.0,"key":"Weak Potion"},{"floor":23.0,"key":"Swift Potion"},{"floor":27.0,"key":"Strength Potion"},{"floor":30.0,"key":"EssenceOfSteel"},{"floor":33.0,"key":"Weak Potion"},{"floor":35.0,"key":"Strength Potion"},{"floor":47.0,"key":"AttackPotion"},{"floor":54.0,"key":"SkillPotion"}],"is_trial":false,"path_per_floor":["M","?","$","?","$","E","R","M","T","E","M","M","R","M","R","B",null,"M","T","M","M","M","E","R","?","T","M","R","?","M","$","R","B",null,"M","?","?","M","M","E","R","E","T","M","$","R","M","M","R","B",null,"R","$","E","B"],"character_chosen":"IRONCLAD","items_purchased":["Armaments","Madness","ClockworkSouvenir","Corruption","Shockwave","AttackPotion"],"campfire_rested":3,"item_purchase_floors":[3,31,31,45,45,53],"current_hp_per_floor":[78,78,78,78,78,80,80,80,80,57,57,56,56,59,59,33,71,70,70,76,74,74,34,34,34,41,55,55,55,63,63,92,41,85,84,71,71,79,79,79,79,72,72,70,70,70,70,55,90,67,105,117,117,76,0],"gold":49,"neow_bonus":"THREE_ENEMY_KILL","is_prod":false,"is_daily":false,"chose_seed":false,"campfire_upgraded":6,"win_rate":0,"timestamp":1560911696,"path_taken":["M","?","?","?","$","E","R","M","T","E","?","M","R","M","R","BOSS","M","?","?","?","M","E","R","?","T","M","R","?","?","$","R","BOSS","M","?","?","?","M","E","R","E","T","M","?","R","M","M","R","BOSS","R","$","E","BOSS"],"build_version":"2019-01-23","purchased_purges":1,"victory":false,"max_hp_per_floor":[80,80,80,80,80,80,80,80,80,80,80,82,82,84,84,84,84,84,84,84,86,88,88,88,88,95,97,97,97,99,99,99,99,99,101,101,101,103,105,115,115,115,115,115,115,115,117,117,117,117,117,117,117,117,117],"card_choices":[{"not_picked":["Pummel","Twin Strike"],"picked":"Shrug It Off","floor":1.0},{"not_picked":["Pommel Strike","Sword Boomerang"],"picked":"Havoc","floor":6.0},{"not_picked":["Power Through","Entrench"],"picked":"Pommel Strike","floor":8.0},{"not_picked":["Havoc","Corruption"],"picked":"Bludgeon","floor":10.0},{"not_picked":["True Grit","Anger"],"picked":"Burning Pact","floor":11.0},{"not_picked":["Havoc","Dual Wield","Second Wind"],"picked":"Singing Bowl","floor":12.0},{"not_picked":["Dropkick","Shockwave","Armaments"],"picked":"Singing Bowl","floor":14.0},{"not_picked":["Bludgeon","Offering"],"picked":"Impervious","floor":16.0},{"not_picked":["Twin Strike","Iron Wave"],"picked":"Seeing Red","floor":18.0},{"not_picked":["Cleave","Dropkick"],"picked":"Headbutt+1","floor":20.0},{"not_picked":["Pommel Strike","Perfected Strike+1","Second Wind+1"],"picked":"Singing Bowl","floor":21.0},{"not_picked":["Thunderclap","Heavy Blade+1","Wild Strike"],"picked":"Singing Bowl","floor":22.0},{"not_picked":["Sword Boomerang","Shrug It Off"],"picked":"Impervious","floor":23.0},{"not_picked":["Flex+1","Rage","Headbutt"],"picked":"Singing Bowl","floor":27.0},{"not_picked":["Havoc","Wild Strike+1","Dropkick"],"picked":"Singing Bowl","floor":30.0},{"not_picked":["Offering","Barricade"],"picked":"Dark Embrace","floor":33.0},{"not_picked":["Warcry"],"picked":"Singing Bowl","floor":35.0},{"not_picked":["Blood for Blood"],"picked":"Singing Bowl","floor":38.0},{"not_picked":["Bloodletting"],"picked":"Singing Bowl","floor":39.0},{"not_picked":[],"picked":"Feel No Pain+1","floor":40.0},{"not_picked":[],"picked":"Shrug It Off","floor":42.0},{"not_picked":[],"picked":"Feel No Pain+1","floor":44.0},{"not_picked":["Anger"],"picked":"Singing Bowl","floor":47.0},{"not_picked":[],"picked":"Inflame+1","floor":48.0},{"not_picked":[],"picked":"Demon Form","floor":54.0}],"player_experience":282970,"relics_obtained":[{"floor":6.0,"key":"Dodecahedron"},{"floor":9.0,"key":"Bag of Preparation"},{"floor":10.0,"key":"Omamori"},{"floor":19.0,"key":"Meat on the Bone"},{"floor":23.0,"key":"Letter Opener"},{"floor":26.0,"key":"Strawberry"},{"floor":40.0,"key":"Pear"},{"floor":42.0,"key":"Turnip"},{"floor":54.0,"key":"Sundial"}],"event_choices":[{"damage_healed":0.0,"max_hp_gain":0.0,"max_hp_loss":0.0,"gold_gain":0.0,"event_name":"Accursed Blacksmith","player_choice":"Forge","floor":2.0,"gold_loss":0.0,"damage_taken":0.0,"cards_upgraded":["Shrug It Off"]},{"damage_healed":0.0,"max_hp_gain":0.0,"max_hp_loss":0.0,"gold_gain":0.0,"event_name":"WeMeetAgain","player_choice":"Paid Gold","floor":4.0,"gold_loss":61.0,"damage_taken":0.0,"relics_obtained":["Singing Bowl"]},{"damage_healed":0.0,"max_hp_gain":0.0,"max_hp_loss":0.0,"gold_gain":0.0,"event_name":"The Library","player_choice":"Read","floor":25.0,"gold_loss":0.0,"damage_taken":0.0,"cards_obtained":["Seeing Red"]},{"cards_removed":["Strike_R"],"damage_healed":0.0,"max_hp_gain":0.0,"max_hp_loss":0.0,"gold_gain":0.0,"event_name":"Bonfire Elementals","player_choice":"Offered Basic","floor":29.0,"gold_loss":0.0,"damage_taken":0.0},{"damage_healed":0.0,"max_hp_gain":0.0,"max_hp_loss":0.0,"gold_gain":0.0,"event_name":"Winding Halls","player_choice":"Embrace Madness","floor":36.0,"gold_loss":0.0,"damage_taken":13.0,"cards_obtained":["Madness","Madness"]},{"cards_removed":["Armaments"],"damage_healed":0.0,"max_hp_gain":0.0,"max_hp_loss":0.0,"gold_gain":0.0,"event_name":"Falling","player_choice":"Removed Skill","floor":37.0,"gold_loss":0.0,"damage_taken":0.0}],"is_beta":false,"boss_relics":[{"not_picked":["White Beast Statue","Pandora\u0027s Box"],"picked":"Cursed Key"},{"not_picked":["Runic Cube","Empty Cage"],"picked":"Busted Crown"}],"items_purged_floors":[45],"is_endless":false,"potions_floor_spawned":[6,10,11,16,18,23,27,30,33,35,38,40,47,48,54],"killed_by":"The Heart","ascension_level":10}