{"gold_per_floor":[114,39,39,39,53,53,135,164,164,175,190,222,21,21,21,21],"floor_reached":16,"playtime":1076,"items_purged":["Strike_R","Strike_R"],"score":113,"play_id":"a5a94548-c884-46cd-903c-7e791744f7e0","local_time":"20190605112406","is_ascension_mode":true,"campfire_choices":[{"data":"True Grit","floor":6,"key":"SMITH"},{"floor":15,"key":"REST"}],"neow_cost":"NONE","seed_source_timestamp":384998828796383,"circlet_count":0,"master_deck":["Strike_R","Strike_R","Defend_R","Defend_R","Defend_R","Defend_R","Bash","True Grit+1","Havoc","Body Slam","Wild Strike","Dark Embrace"],"relics":["Burning Blood","Dream Catcher","The Courier","Mummified Hand","Pantograph","Paper Frog","Bronze Scales","Lantern"],"potions_floor_usage":[8],"damage_taken":[{"damage":6,"enemies":"Jaw Worm","floor":1,"turns":3},{"damage":3,"enemies":"2 Louse","floor":5,"turns":3},{"damage":31,"enemies":"3 Sentries","floor":8,"turns":13},{"damage":0,"enemies":"Small Slimes","floor":10,"turns":4},{"damage":1,"enemies":"Exordium Wildlife","floor":11,"turns":4},{"damage":69,"enemies":"Lagavulin","floor":12,"turns":11},{"damage":63,"enemies":"The Guardian","floor":16,"turns":9}],"seed_played":"1767860901083170539","potions_obtained":[{"floor":1,"key":"Weak Potion"}],"is_trial":false,"path_per_floor":["M","$","?","?","M","R","T","E","T","M","M","E","$","?","R","B"],"character_chosen":"IRONCLAD","items_purchased":["Lantern"],"campfire_rested":1,"item_purchase_floors":[13],"current_hp_per_floor":[80,80,85,82,85,85,85,60,60,66,71,8,8,8,33,0],"gold":21,"neow_bonus":"RANDOM_COMMON_RELIC","is_prod":false,"is_daily":false,"chose_seed":false,"campfire_upgraded":1,"win_rate":0,"timestamp":1559751846,"path_taken":["M","$","?","?","M","R","?","E","T","M","M","E","?","?","R","BOSS"],"build_version":"2019-01-23","purchased_purges":2,"victory":false,"max_hp_per_floor":[80,80,85,85,85,85,85,85,85,85,85,85,85,85,85,85],"card_choices":[{"not_picked":["Metallicize","Cleave"],"picked":"True Grit","floor":1},{"not_picked":["Intimidate","Wild Strike","True Grit"],"picked":"SKIP","floor":5},{"not_picked":["Cleave","Disarm"],"picked":"Havoc","floor":8},{"not_picked":["Twin Strike","Anger"],"picked":"Body Slam","floor":10},{"not_picked":["Entrench","Body Slam","Iron Wave"],"picked":"SKIP","floor":11},{"not_picked":["Twin Strike","Havoc","Iron Wave"],"picked":"SKIP","floor":12},{"not_picked":["Dual Wield","Inflame"],"picked":"Dark Embrace","floor":15}],"player_experience":91174,"relics_obtained":[{"floor":7,"key":"Mummified Hand"},{"floor":8,"key":"Pantograph"},{"floor":9,"key":"Paper Frog"},{"floor":12,"key":"Bronze Scales"}],"event_choices":[{"damage_healed":0,"gold_gain":0,"player_choice":"Donut","damage_taken":0,"max_hp_gain":5,"max_hp_loss":0,"event_name":"Big Fish","floor":3,"gold_loss":0},{"damage_healed":0,"gold_gain":0,"player_choice":"Success","damage_taken":3,"relics_obtained":["The Courier"],"max_hp_gain":0,"max_hp_loss":0,"event_name":"Scrap Ooze","floor":4,"gold_loss":0},{"damage_healed":0,"gold_gain":0,"cards_transformed":["Strike_R"],"player_choice":"Change","damage_taken":0,"max_hp_gain":0,"max_hp_loss":0,"event_name":"Living Wall","floor":14,"gold_loss":0,"cards_obtained":["Wild Strike"]}],"is_beta":false,"boss_relics":[],"items_purged_floors":[2,13],"is_endless":false,"potions_floor_spawned":[1],"killed_by":"The Guardian","ascension_level":1}