{"gold_per_floor":[109,127,127,144,164,164,21,21,21,21,44,85,85,129,129,129],"floor_reached":16,"playtime":332,"items_purged":[],"score":193,"play_id":"a3adbb95-ad49-4fc1-bcd9-eea511a9bd81","local_time":"20190624191029","is_ascension_mode":true,"campfire_choices":[{"data":"Backstab","floor":6,"key":"SMITH"},{"floor":13,"key":"REST"},{"floor":15,"key":"REST"}],"neow_cost":"NONE","seed_source_timestamp":287584818200400,"circlet_count":0,"master_deck":["AscendersBane","Defend_G","Defend_G","Defend_G","Defend_G","Defend_G","Strike_G","Strike_G","Strike_G","Strike_G","Survivor","Neutralize","Dagger Spray","Corpse Explosion","Poisoned Stab","Backstab+1","Leg Sweep","Flying Knee","Flying Knee","Dash"],"relics":["Ring of the Snake","NeowsBlessing","Anchor","Golden Idol","Boot","Bottled Flame","Dream Catcher"],"potions_floor_usage":[11,16],"damage_taken":[{"damage":0,"enemies":"Jaw Worm","floor":1,"turns":1},{"damage":0,"enemies":"2 Louse","floor":2,"turns":1},{"damage":0,"enemies":"Cultist","floor":4,"turns":1},{"damage":6,"enemies":"Exordium Wildlife","floor":5,"turns":3},{"damage":3,"enemies":"Exordium Thugs","floor":11,"turns":3},{"damage":32,"enemies":"Lagavulin","floor":12,"turns":7},{"damage":9,"enemies":"Gremlin Nob","floor":14,"turns":4},{"damage":41,"enemies":"Slime Boss","floor":16,"turns":8}],"seed_played":"-5769222840385315421","potions_obtained":[{"floor":5,"key":"Strength Potion"},{"floor":14,"key":"AttackPotion"}],"is_trial":false,"path_per_floor":["M","M","?","M","M","R","$","?","T","$","M","E","R","E","R","B"],"character_chosen":"THE_SILENT","items_purchased":["Anchor"],"campfire_rested":2,"item_purchase_floors":[7],"current_hp_per_floor":[59,59,52,52,46,46,46,46,46,46,43,11,29,20,38,0],"gold":129,"neow_bonus":"THREE_ENEMY_KILL","is_prod":false,"is_daily":false,"chose_seed":false,"campfire_upgraded":1,"win_rate":0,"timestamp":1561417829,"path_taken":["M","M","?","M","M","R","$","?","T","?","?","E","R","E","R","BOSS"],"build_version":"2019-01-23","purchased_purges":0,"victory":false,"max_hp_per_floor":[66,66,66,66,66,66,66,60,60,60,60,60,60,60,60,60],"card_choices":[{"not_picked":["Dagger Throw","Outmaneuver"],"picked":"Dagger Spray","floor":1},{"not_picked":["Underhanded Strike","Dagger Throw"],"picked":"Corpse Explosion","floor":2},{"not_picked":["Underhanded Strike","Acrobatics"],"picked":"Poisoned Stab","floor":4},{"not_picked":["Bane","Sucker Punch"],"picked":"Backstab","floor":5},{"not_picked":["Acrobatics","Skewer"],"picked":"Leg Sweep","floor":11},{"not_picked":["Eviscerate","Flying Knee","Cloak And Dagger"],"picked":"SKIP","floor":12},{"not_picked":["Eviscerate","Cloak And Dagger"],"picked":"Flying Knee","floor":12},{"not_picked":["Wraith Form v2","Blade Dance"],"picked":"Flying Knee","floor":14},{"not_picked":["Backflip","Endless Agony"],"picked":"Dash","floor":15}],"player_experience":1354917,"relics_obtained":[{"floor":9,"key":"Boot"},{"floor":12,"key":"Bottled Flame"},{"floor":14,"key":"Dream Catcher"}],"event_choices":[{"cards_removed":["Strike_G"],"damage_healed":0,"gold_gain":0,"player_choice":"Card Removal","damage_taken":7,"max_hp_gain":0,"max_hp_loss":0,"event_name":"Golden Wing","floor":3,"gold_loss":0},{"damage_healed":0,"gold_gain":0,"player_choice":"Lose Max HP","damage_taken":0,"relics_obtained":["Golden Idol"],"max_hp_gain":0,"max_hp_loss":6,"event_name":"Golden Idol","floor":8,"gold_loss":0}],"is_beta":false,"boss_relics":[],"items_purged_floors":[],"is_endless":false,"potions_floor_spawned":[5,14],"killed_by":"Slime Boss","ascension_level":15}