{"gold_per_floor":[117,130,41,51,51,51,78,78,78,88,88,8,59,90,90,90],"floor_reached":16,"playtime":766,"items_purged":[],"score":211,"play_id":"5da7ac6c-5583-4893-91c0-8319084eb587","local_time":"20190626172538","is_ascension_mode":true,"campfire_choices":[{"data":"Acrobatics","floor":6,"key":"SMITH"},{"floor":8,"key":"REST"},{"data":"All Out Attack","floor":11,"key":"SMITH"},{"data":"Dash","floor":15,"key":"SMITH"}],"neow_cost":"NONE","seed_source_timestamp":69938874345067,"circlet_count":0,"master_deck":["AscendersBane","Defend_G","Defend_G","Defend_G","Defend_G","Defend_G","Strike_G","Strike_G","Strike_G","Strike_G+1","Strike_G","Survivor","Neutralize","Tactician","Acrobatics+1","Predator","Underhanded Strike+1","All Out Attack+1","Dash+1","Predator","Underhanded Strike"],"relics":["HoveringKite","Paper Crane","Ninja Scroll","Whetstone"],"potions_floor_usage":[7,7,10,14],"damage_taken":[{"damage":7,"enemies":"Small Slimes","floor":1,"turns":5},{"damage":21,"enemies":"Cultist","floor":2,"turns":6},{"damage":5,"enemies":"Jaw Worm","floor":4,"turns":4},{"damage":23,"enemies":"Lagavulin","floor":7,"turns":8},{"damage":0,"enemies":"2 Fungi Beasts","floor":10,"turns":2},{"damage":4,"enemies":"Gremlin Nob","floor":14,"turns":4},{"damage":26,"enemies":"Hexaghost","floor":16,"turns":9}],"seed_played":"-1831469904519991775","potions_obtained":[{"floor":1,"key":"Dexterity Potion"},{"floor":5,"key":"Fruit Juice"},{"floor":7,"key":"Explosive Potion"},{"floor":10,"key":"GhostInAJar"}],"is_trial":false,"path_per_floor":["M","M","$","M","?","R","E","R","T","M","R","$","?","E","R","B"],"character_chosen":"THE_SILENT","items_purchased":["Predator","Predator"],"campfire_rested":1,"item_purchase_floors":[3,12],"current_hp_per_floor":[52,31,31,26,26,26,8,29,29,29,29,29,29,25,25,0],"gold":90,"neow_bonus":"BOSS_RELIC","is_prod":false,"is_daily":false,"chose_seed":false,"campfire_upgraded":3,"win_rate":0,"timestamp":1561584338,"path_taken":["M","M","$","M","?","R","E","R","T","?","R","$","?","E","R","BOSS"],"build_version":"2019-01-23","purchased_purges":0,"victory":false,"max_hp_per_floor":[66,66,66,66,66,66,71,71,71,71,71,71,71,71,71,71],"card_choices":[{"not_picked":["Bouncing Flask","Cloak And Dagger"],"picked":"Tactician","floor":1},{"not_picked":["PiercingWail","Blur"],"picked":"Acrobatics","floor":2},{"not_picked":["Noxious Fumes","Expertise"],"picked":"Underhanded Strike","floor":4},{"not_picked":["Storm of Steel","Masterful Stab"],"picked":"All Out Attack","floor":7},{"not_picked":["Flying Knee","Calculated Gamble"],"picked":"Dash","floor":10},{"not_picked":["Eviscerate","Dash"],"picked":"Underhanded Strike","floor":14}],"player_experience":729289,"relics_obtained":[{"floor":7,"key":"Paper Crane"},{"floor":9,"key":"Ninja Scroll"},{"floor":14,"key":"Whetstone"}],"event_choices":[{"damage_healed":0,"gold_gain":0,"player_choice":"Got Potions","damage_taken":0,"max_hp_gain":0,"max_hp_loss":0,"event_name":"Lab","floor":5,"gold_loss":0},{"damage_healed":0,"gold_gain":51,"player_choice":"Gained Gold","damage_taken":0,"max_hp_gain":0,"max_hp_loss":0,"event_name":"Golden Wing","floor":13,"gold_loss":0}],"is_beta":false,"boss_relics":[],"items_purged_floors":[],"is_endless":false,"potions_floor_spawned":[1,7,10],"killed_by":"Hexaghost","ascension_level":19}