{"gold_per_floor":[111,59,14,30,30,61,11,29,111,111,138,149,149,149,149,149],"floor_reached":16,"playtime":676,"items_purged":[],"score":140,"play_id":"13960f9c-d617-4048-8121-403e3b1b2959","local_time":"20190531121527","is_ascension_mode":true,"campfire_choices":[{"data":"Zap","floor":10,"key":"SMITH"},{"data":"Dualcast","floor":13,"key":"SMITH"},{"floor":15,"key":"REST"}],"neow_cost":"NONE","seed_source_timestamp":262227856782307,"circlet_count":0,"master_deck":["Strike_B","Strike_B","Defend_B","Defend_B","Defend_B","Defend_B","Zap+1","Dualcast+1","Cold Snap","Conserve Battery","Coolheaded","Chill","Turbo"],"relics":["Cracked Core","NeowsBlessing","Omamori","Regal Pillow","Question Card","Pen Nib"],"potions_floor_usage":[],"damage_taken":[{"damage":0,"enemies":"Cultist","floor":1,"turns":1},{"damage":0,"enemies":"Jaw Worm","floor":4,"turns":1},{"damage":0,"enemies":"Gremlin Nob","floor":6,"turns":1},{"damage":4,"enemies":"2 Louse","floor":8,"turns":3},{"damage":12,"enemies":"Lagavulin","floor":11,"turns":11},{"damage":4,"enemies":"Large Slime","floor":12,"turns":7},{"damage":76,"enemies":"Hexaghost","floor":16,"turns":16}],"seed_played":"1946289305604419029","potions_obtained":[{"floor":12,"key":"Energy Potion"}],"is_trial":false,"path_per_floor":["M","$","$","M","?","E","?","M","T","R","E","M","R","?","R","B"],"character_chosen":"DEFECT","items_purchased":["Conserve Battery","Coolheaded"],"campfire_rested":1,"item_purchase_floors":[2,3],"current_hp_per_floor":[75,75,75,75,68,68,68,64,64,64,52,48,48,41,75,0],"gold":149,"neow_bonus":"THREE_ENEMY_KILL","is_prod":false,"is_daily":false,"chose_seed":false,"campfire_upgraded":2,"win_rate":0,"timestamp":1559322927,"path_taken":["M","?","$","M","?","E","?","M","T","R","E","M","R","?","R","BOSS"],"build_version":"2019-01-23","purchased_purges":0,"victory":false,"max_hp_per_floor":[75,75,75,75,75,75,75,75,75,75,75,75,75,75,75,75],"card_choices":[{"not_picked":["Turbo","Redo"],"picked":"Cold Snap","floor":1},{"not_picked":["Coolheaded","Rebound","Steam"],"picked":"SKIP","floor":4},{"not_picked":["Core Surge","Leap","Heatsinks"],"picked":"SKIP","floor":6},{"not_picked":["Beam Cell","Redo"],"picked":"Chill","floor":8},{"not_picked":["Beam Cell","Reinforced Body","Gash"],"picked":"Turbo","floor":11},{"not_picked":["Sweeping Beam","Chaos","Stack","Barrage"],"picked":"SKIP","floor":12}],"player_experience":40659,"relics_obtained":[{"floor":6,"key":"Regal Pillow"},{"floor":9,"key":"Question Card"},{"floor":11,"key":"Pen Nib"}],"event_choices":[{"damage_healed":0,"gold_gain":0,"player_choice":"Success","damage_taken":7,"relics_obtained":["Omamori"],"max_hp_gain":0,"max_hp_loss":0,"event_name":"Scrap Ooze","floor":5,"gold_loss":0},{"cards_removed":["Strike_B"],"damage_healed":0,"gold_gain":0,"player_choice":"Card Removal","damage_taken":0,"max_hp_gain":0,"max_hp_loss":0,"event_name":"The Cleric","floor":7,"gold_loss":50},{"cards_removed":["Strike_B"],"damage_healed":0,"gold_gain":0,"player_choice":"Card Removal","damage_taken":7,"max_hp_gain":0,"max_hp_loss":0,"event_name":"Golden Wing","floor":14,"gold_loss":0}],"is_beta":false,"boss_relics":[],"items_purged_floors":[],"is_endless":false,"potions_floor_spawned":[12],"killed_by":"Hexaghost","ascension_level":1}