{"gold_per_floor":[118,118,96,107,14,14,49,49,74,74,74,74,84,84,84,84],"floor_reached":16,"playtime":414,"items_purged":[],"score":127,"play_id":"b7b73abf-9258-4bfa-bbcf-aeca0ec209fd","local_time":"20190605072242","is_ascension_mode":true,"campfire_choices":[{"data":"Havoc","floor":6,"key":"SMITH"},{"data":"True Grit","floor":8,"key":"SMITH"},{"data":"Feel No Pain","floor":12,"key":"SMITH"},{"data":"Bash","floor":15,"key":"SMITH"}],"neow_cost":"NONE","seed_source_timestamp":371179659164549,"circlet_count":0,"master_deck":["Strike_R","Strike_R","Strike_R","Defend_R","Defend_R","Defend_R","Defend_R","Bash+1","Twin Strike","Havoc+1","Feel No Pain+1","True Grit+1","Dropkick","Regret"],"relics":["Burning Blood","NeowsBlessing","Juzu Bracelet","Pen Nib","Kunai"],"potions_floor_usage":[],"damage_taken":[{"damage":0,"enemies":"2 Louse","floor":1,"turns":1},{"damage":0,"enemies":"Jaw Worm","floor":4,"turns":1},{"damage":0,"enemies":"Lagavulin","floor":7,"turns":2},{"damage":1,"enemies":"Cultist","floor":13,"turns":3},{"damage":82,"enemies":"Hexaghost","floor":16,"turns":13}],"seed_played":"-7696106853331203969","potions_obtained":[{"floor":4,"key":"Swift Potion"},{"floor":13,"key":"Dexterity Potion"}],"is_trial":false,"path_per_floor":["M","?","$","M","$","R","E","R","T","?","?","R","M","?","R","B"],"character_chosen":"IRONCLAD","items_purchased":["Havoc","Feel No Pain","True Grit"],"campfire_rested":0,"item_purchase_floors":[3,5,5],"current_hp_per_floor":[80,73,73,79,79,79,80,80,80,80,80,80,80,80,80,0],"gold":84,"neow_bonus":"THREE_ENEMY_KILL","is_prod":false,"is_daily":false,"chose_seed":false,"campfire_upgraded":4,"win_rate":0,"timestamp":1559737362,"path_taken":["M","?","$","M","$","R","E","R","T","?","?","R","M","?","R","BOSS"],"build_version":"2019-01-23","purchased_purges":0,"victory":false,"max_hp_per_floor":[80,80,80,80,80,80,80,80,80,80,80,80,80,80,80,80],"card_choices":[{"not_picked":["Armaments","Second Wind"],"picked":"Twin Strike","floor":1},{"not_picked":["Iron Wave","Flex","Wild Strike"],"picked":"SKIP","floor":4},{"not_picked":["Cleave","Anger","Second Wind"],"picked":"SKIP","floor":7},{"not_picked":["Sword Boomerang","Rampage","Burning Pact"],"picked":"SKIP","floor":13}],"player_experience":89803,"relics_obtained":[{"floor":7,"key":"Juzu Bracelet"},{"floor":9,"key":"Pen Nib"}],"event_choices":[{"cards_removed":["Strike_R"],"damage_healed":0,"gold_gain":0,"player_choice":"Card Removal","damage_taken":7,"max_hp_gain":0,"max_hp_loss":0,"event_name":"Golden Wing","floor":2,"gold_loss":0},{"damage_healed":0,"gold_gain":0,"player_choice":"Leave","damage_taken":0,"max_hp_gain":0,"max_hp_loss":0,"event_name":"The Cleric","floor":10,"gold_loss":0},{"damage_healed":0,"gold_gain":0,"cards_transformed":["Strike_R"],"player_choice":"Transformed","damage_taken":0,"max_hp_gain":0,"max_hp_loss":0,"event_name":"Transmorgrifier","floor":11,"gold_loss":0,"cards_obtained":["Dropkick"]},{"damage_healed":0,"gold_gain":0,"player_choice":"Box","damage_taken":0,"relics_obtained":["Kunai"],"max_hp_gain":0,"max_hp_loss":0,"event_name":"Big Fish","floor":14,"gold_loss":0,"cards_obtained":["Regret"]}],"is_beta":false,"boss_relics":[],"items_purged_floors":[],"is_endless":false,"potions_floor_spawned":[4,13],"killed_by":"Hexaghost","ascension_level":1}