{"gold_per_floor":[111,121,121,121,134,178,191,191,191,207,231,231,34,47,47,171,171,187,200,216,234,234,234,234,234,281,304,304,344,344],"floor_reached":30,"playtime":1751,"items_purged":[],"score":254,"play_id":"75a39e80-5e0d-4566-aca0-c03b336a049a","local_time":"20190302194041","is_ascension_mode":false,"campfire_choices":[{"data":"Static Discharge","floor":12,"key":"SMITH"},{"data":"Dualcast","floor":15,"key":"SMITH"},{"data":"Creative AI","floor":23,"key":"SMITH"},{"data":"Consume","floor":25,"key":"SMITH"}],"neow_cost":"NONE","seed_source_timestamp":70398458660353,"circlet_count":0,"master_deck":["Strike_B+1","Defend_B+1","Defend_B+1","Defend_B+1","Defend_B+1","Zap","Dualcast+1","Creative AI+1","Ball Lightning","Glacier","Sweeping Beam","Static Discharge+1","Glacier","Gash","Coolheaded","Barrage","Biased Cognition","Go for the Eyes+1","Stack+1","Heatsinks+1","Consume+1","Leap","Ball Lightning","FTL","Conserve Battery","Writhe","Conserve Battery"],"relics":["Cracked Core","Golden Idol","Question Card","Meat on the Bone","Anchor","Lee\u0027s Waffle","Astrolabe","Ancient Tea Set","Kunai","Smiling Mask"],"potions_floor_usage":[16,29],"damage_taken":[{"damage":9,"enemies":"2 Louse","floor":1,"turns":5},{"damage":3,"enemies":"Jaw Worm","floor":2,"turns":3},{"damage":1,"enemies":"Cultist","floor":5,"turns":4},{"damage":24,"enemies":"Gremlin Nob","floor":6,"turns":7},{"damage":14,"enemies":"Exordium Thugs","floor":7,"turns":4},{"damage":0,"enemies":"Red Slaver","floor":10,"turns":4},{"damage":0,"enemies":"Lots of Slimes","floor":11,"turns":4},{"damage":10,"enemies":"Blue Slaver","floor":14,"turns":3},{"damage":25,"enemies":"Slime Boss","floor":16,"turns":11},{"damage":12,"enemies":"Spheric Guardian","floor":18,"turns":3},{"damage":5,"enemies":"Chosen","floor":19,"turns":4},{"damage":15,"enemies":"Snecko","floor":20,"turns":12},{"damage":12,"enemies":"Snake Plant","floor":21,"turns":5},{"damage":20,"enemies":"Centurion and Healer","floor":27,"turns":8},{"damage":38,"enemies":"Slavers","floor":29,"turns":4},{"damage":22,"enemies":"Cultist and Chosen","floor":30,"turns":5}],"seed_played":"7685170685926641072","potions_obtained":[{"floor":4,"key":"Ancient Potion"},{"floor":4,"key":"Weak Potion"},{"floor":4,"key":"Poison Potion"},{"floor":6,"key":"SteroidPotion"},{"floor":16,"key":"Fruit Juice"},{"floor":19,"key":"AttackPotion"}],"is_trial":false,"path_per_floor":["M","M","?","?","M","E","M","T","T","M","M","R","$","M","R","B",null,"M","M","M","M","?","R","?","R","T","M","?","E","M"],"character_chosen":"DEFECT","items_purchased":["Lee\u0027s Waffle"],"campfire_rested":0,"item_purchase_floors":[13],"current_hp_per_floor":[66,63,45,45,44,20,6,6,6,18,30,30,82,72,72,52,87,75,70,55,55,55,55,55,55,55,47,47,21,0],"gold":344,"neow_bonus":"ONE_RANDOM_RARE_CARD","is_prod":false,"is_daily":false,"chose_seed":false,"campfire_upgraded":4,"win_rate":0.0,"timestamp":1551573641,"path_taken":["M","M","?","?","?","E","M","?","T","?","M","R","$","M","R","BOSS","M","M","?","M","?","R","?","R","T","M","?","E","M"],"build_version":"2019-01-23","purchased_purges":0,"victory":false,"max_hp_per_floor":[75,75,75,75,75,75,75,75,75,75,75,75,82,82,82,87,87,87,87,87,87,87,87,87,87,87,87,87,87,87],"card_choices":[{"not_picked":["Conserve Battery","Beam Cell"],"picked":"Ball Lightning","floor":1},{"not_picked":["Beam Cell","Redo"],"picked":"Glacier","floor":2},{"not_picked":["White Noise","Redo"],"picked":"Sweeping Beam","floor":5},{"not_picked":["Hologram","Loop"],"picked":"Static Discharge","floor":6},{"not_picked":["Reprogram","Chaos","Cold Snap"],"picked":"Glacier","floor":7},{"not_picked":["Heatsinks","Melter","Cold Snap"],"picked":"Gash","floor":10},{"not_picked":["Gash","Reboot","Compile Driver"],"picked":"Coolheaded","floor":11},{"not_picked":["Gash","Coolheaded","Ball Lightning"],"picked":"Barrage","floor":14},{"not_picked":["All For One","Reboot","Multi-Cast"],"picked":"Biased Cognition","floor":16},{"not_picked":["Ball Lightning","Reprogram","Scrape"],"picked":"Consume","floor":18},{"not_picked":["Conserve Battery","Self Repair","Barrage"],"picked":"Leap","floor":19},{"not_picked":["Cold Snap","Coolheaded+1","Streamline"],"picked":"Ball Lightning","floor":20},{"not_picked":["Melter","Leap+1","Tempest"],"picked":"FTL","floor":21},{"not_picked":["Self Repair","Steam","Seek"],"picked":"Conserve Battery","floor":27},{"not_picked":["Go for the Eyes","Steam+1","Streamline"],"picked":"Conserve Battery","floor":29}],"player_experience":18530,"relics_obtained":[{"floor":6,"key":"Question Card"},{"floor":8,"key":"Meat on the Bone"},{"floor":9,"key":"Anchor"},{"floor":26,"key":"Ancient Tea Set"},{"floor":29,"key":"Smiling Mask"}],"event_choices":[{"damage_healed":0,"gold_gain":0,"player_choice":"Take Damage","damage_taken":18,"relics_obtained":["Golden Idol"],"max_hp_gain":0,"max_hp_loss":0,"event_name":"Golden Idol","floor":3,"gold_loss":0},{"damage_healed":0,"gold_gain":0,"player_choice":"Got Potions","damage_taken":0,"max_hp_gain":0,"max_hp_loss":0,"event_name":"Lab","floor":4,"gold_loss":0},{"damage_healed":0,"gold_gain":0,"player_choice":"Simplicity","damage_taken":0,"max_hp_gain":0,"max_hp_loss":0,"event_name":"Back to Basics","floor":22,"gold_loss":0,"cards_upgraded":["Strike_B","Defend_B","Defend_B","Defend_B","Defend_B"]},{"damage_healed":0,"gold_gain":0,"player_choice":"Ignored","damage_taken":0,"max_hp_gain":0,"max_hp_loss":0,"event_name":"Ghosts","floor":24,"gold_loss":0},{"damage_healed":0,"gold_gain":0,"player_choice":"Opened","damage_taken":0,"relics_obtained":["Kunai"],"max_hp_gain":0,"max_hp_loss":0,"event_name":"The Mausoleum","floor":28,"gold_loss":0,"cards_obtained":["Writhe"]}],"is_beta":false,"boss_relics":[{"not_picked":["Coffee Dripper","Empty Cage"],"picked":"Astrolabe"}],"items_purged_floors":[],"is_endless":false,"potions_floor_spawned":[6,7,11,16,19,20,21,27],"killed_by":"Cultist and Chosen","ascension_level":0}