{"gold_per_floor":[219,233,245,260,275,301,312,3,3,21,21,55,74,87,87,187,187,203,203,203,218,237,237,2,16,16,16,28,28,48,79,79,79],"floor_reached":33,"playtime":3057,"items_purged":["Strike_G"],"score":356,"play_id":"f7c680d7-ccdd-41bc-be50-77d677b88348","local_time":"20190617203625","is_ascension_mode":true,"campfire_choices":[{"data":"Infinite Blades","floor":11.0,"key":"SMITH"},{"data":"Glass Knife","floor":15,"key":"SMITH"},{"data":"After Image","floor":23,"key":"SMITH"},{"floor":27,"key":"REST"},{"floor":32,"key":"REST"}],"neow_cost":"NONE","seed_source_timestamp":0,"circlet_count":0,"master_deck":["Defend_G","Defend_G","Defend_G","Defend_G","Defend_G","Strike_G","Strike_G","Strike_G","Strike_G","Survivor","Neutralize","Backflip","Dagger Spray","Infinite Blades+1","Dash","Blade Dance","Glass Knife+1","Dodge and Roll","Dash","Blur","Crippling Poison","Outmaneuver","After Image+1","Dodge and Roll","Dagger Spray","PiercingWail+1","Well Laid Plans","Dark Shackles","PiercingWail+1","Deflect+1","Wraith Form v2","Malaise"],"special_seed":0,"relics":["Ring of the Snake","Snake Skull","FossilizedHelix","Happy Flower","Sozu","Singing Bowl","Nloth\u0027s Gift","Regal Pillow"],"potions_floor_usage":[28,28,33],"damage_taken":[{"damage":0.0,"enemies":"Small Slimes","floor":1.0,"turns":4.0},{"damage":0.0,"enemies":"2 Louse","floor":2.0,"turns":3.0},{"damage":2.0,"enemies":"Jaw Worm","floor":3.0,"turns":5.0},{"damage":0.0,"enemies":"Lots of Slimes","floor":4.0,"turns":3.0},{"damage":0.0,"enemies":"Blue Slaver","floor":5.0,"turns":4.0},{"damage":17.0,"enemies":"Gremlin Nob","floor":6.0,"turns":4.0},{"damage":10.0,"enemies":"Red Slaver","floor":7.0,"turns":3.0},{"damage":0.0,"enemies":"Lots of Slimes","floor":10.0,"turns":1.0},{"damage":6.0,"enemies":"3 Sentries","floor":12.0,"turns":5.0},{"damage":0,"enemies":"Looter","floor":13,"turns":2},{"damage":4,"enemies":"Exordium Thugs","floor":14,"turns":4},{"damage":8,"enemies":"The Guardian","floor":16,"turns":14},{"damage":11,"enemies":"Spheric Guardian","floor":18,"turns":5},{"damage":0,"enemies":"3 Byrds","floor":21,"turns":5},{"damage":11,"enemies":"Snecko","floor":22,"turns":5},{"damage":0,"enemies":"Sentry and Sphere","floor":25,"turns":7},{"damage":0,"enemies":"Cultist and Chosen","floor":28,"turns":9},{"damage":0,"enemies":"Shelled Parasite and Fungi","floor":30,"turns":7},{"damage":37,"enemies":"Gremlin Leader","floor":31,"turns":12},{"damage":58,"enemies":"Automaton","floor":33,"turns":16}],"seed_played":"-6575350563453242677","potions_obtained":[{"floor":1.0,"key":"FearPotion"},{"floor":3.0,"key":"GhostInAJar"},{"floor":6.0,"key":"GamblersBrew"},{"floor":7.0,"key":"Energy Potion"},{"floor":12.0,"key":"GhostInAJar"},{"floor":14,"key":"Block Potion"}],"is_trial":false,"path_per_floor":["M","M","M","M","M","E","M","$","T","M","R","E","M","M","R","B",null,"M","?","?","M","M","R","$","M","T","R","M","?","M","E","R","B"],"character_chosen":"THE_SILENT","items_purchased":["FossilizedHelix","Well Laid Plans","Dark Shackles"],"campfire_rested":2,"item_purchase_floors":[8,24,24],"current_hp_per_floor":[70,70,68,68,68,51,41,41,41,41,41,35,35,31,31,23,58,47,34,34,34,23,23,23,23,23,45,45,45,45,8,45,0],"gold":79,"neow_bonus":"HUNDRED_GOLD","is_prod":false,"is_daily":false,"chose_seed":false,"campfire_upgraded":3,"win_rate":0,"timestamp":1560818185,"path_taken":["M","M","M","M","M","E","M","$","T","M","R","E","M","M","R","BOSS","M","?","?","M","M","R","?","M","T","R","?","?","M","E","R","BOSS"],"build_version":"2019-01-23","purchased_purges":1,"victory":false,"max_hp_per_floor":[70,70,70,70,70,70,70,70,70,70,70,70,70,70,70,70,70,70,75,75,75,75,75,75,75,75,75,75,75,75,75,75,75],"card_choices":[{"not_picked":["Flechettes","PiercingWail"],"picked":"Backflip","floor":1.0},{"not_picked":["Deflect","Sucker Punch"],"picked":"Dagger Spray","floor":2.0},{"not_picked":["PiercingWail","Slice"],"picked":"Infinite Blades","floor":3.0},{"not_picked":["Infinite Blades","Footwork"],"picked":"Dash","floor":4.0},{"not_picked":["Underhanded Strike","Masterful Stab"],"picked":"Blade Dance","floor":5.0},{"not_picked":["Endless Agony","Flying Knee"],"picked":"Glass Knife","floor":6.0},{"not_picked":["Finisher","Escape Plan"],"picked":"Dodge and Roll","floor":7.0},{"not_picked":["Slice","Masterful Stab"],"picked":"Dash","floor":10.0},{"not_picked":["Sucker Punch","Outmaneuver"],"picked":"Blur","floor":12.0},{"not_picked":["Deadly Poison","Infinite Blades"],"picked":"Crippling Poison","floor":13},{"not_picked":["Sucker Punch","Flying Knee"],"picked":"Outmaneuver","floor":14},{"not_picked":["Burst","Tools of the Trade"],"picked":"After Image","floor":16},{"not_picked":["Acrobatics","Backflip"],"picked":"Dodge and Roll","floor":18},{"not_picked":["Sucker Punch+1","Riddle With Holes"],"picked":"Dagger Spray","floor":21},{"not_picked":["Infinite Blades","Flechettes"],"picked":"PiercingWail+1","floor":22},{"not_picked":["Riddle With Holes","Outmaneuver"],"picked":"PiercingWail+1","floor":25},{"not_picked":["Deadly Poison+1","Underhanded Strike"],"picked":"Deflect+1","floor":28},{"not_picked":["Prepared+1","Dagger Spray"],"picked":"Wraith Form v2","floor":30},{"not_picked":["Masterful Stab","Eviscerate"],"picked":"Malaise","floor":31}],"player_experience":273623,"relics_obtained":[{"floor":6.0,"key":"Snake Skull"},{"floor":9.0,"key":"Happy Flower"},{"floor":12.0,"key":"Bottled Tornado"},{"floor":26,"key":"Singing Bowl"},{"floor":31,"key":"Regal Pillow"}],"event_choices":[{"damage_healed":0,"gold_gain":0,"player_choice":"Shed Blood","damage_taken":18,"max_hp_gain":5,"max_hp_loss":0,"event_name":"Forgotten Altar","floor":19,"gold_loss":0},{"damage_healed":0,"gold_gain":0,"player_choice":"Ignored","damage_taken":0,"max_hp_gain":0,"max_hp_loss":0,"event_name":"Ghosts","floor":20,"gold_loss":0},{"damage_healed":0,"gold_gain":0,"player_choice":"Traded Relic","damage_taken":0,"relics_obtained":["Nloth\u0027s Gift"],"max_hp_gain":0,"max_hp_loss":0,"event_name":"N\u0027loth","floor":29,"relics_lost":["Bottled Tornado"],"gold_loss":0}],"is_beta":false,"boss_relics":[{"not_picked":["Pandora\u0027s Box","Velvet Choker"],"picked":"Sozu"}],"items_purged_floors":[24],"is_endless":false,"potions_floor_spawned":[1,3,6,7,12,14,18,28,31],"killed_by":"Automaton","ascension_level":5}