{"gold_per_floor":[117,117,137,14,26,26,44,44,44,44,44,44,58,70,70,174,174,191,191,40,53,68,99,99,111,165,191,191,191,66,94,94,191,191,207,219,169,179,191,191],"floor_reached":40,"playtime":14060,"items_purged":["Strike_B","Strike_B","Defend_B","Shame"],"score":526,"play_id":"68da2173-8673-4565-bda5-0f881015196c","local_time":"20190610110946","is_ascension_mode":true,"campfire_choices":[{"data":"Zap","floor":6,"key":"SMITH"},{"data":"Dualcast","floor":8,"key":"SMITH"},{"floor":15,"key":"REST"},{"floor":24,"key":"REST"},{"floor":29,"key":"REST"},{"data":"Loop","floor":32,"key":"SMITH"}],"neow_cost":"PERCENT_DAMAGE","seed_source_timestamp":311018731329190,"circlet_count":0,"master_deck":["Strike_B","Defend_B","Defend_B","Zap+1","Dualcast+1","Echo Form","Static Discharge","Coolheaded","Cold Snap","Conserve Battery","Reboot","Turbo","Sweeping Beam+1","White Noise+1","Loop+1","Amplify","Injury","Capacitor+1","Seek"],"relics":["Cracked Core","Symbiotic Virus","Omamori","Sozu","WarpedTongs","Anchor","Bag of Preparation","Bottled Lightning","Matryoshka","Unceasing Top","Calling Bell","Smiling Mask","The Courier","Emotion Chip"],"potions_floor_usage":[14,33,33,40],"damage_taken":[{"damage":4,"enemies":"Jaw Worm","floor":1,"turns":5},{"damage":1,"enemies":"Cultist","floor":3,"turns":5},{"damage":0,"enemies":"2 Louse","floor":5,"turns":3},{"damage":3,"enemies":"Looter","floor":7,"turns":4},{"damage":9,"enemies":"Lots of Slimes","floor":13,"turns":4},{"damage":5,"enemies":"Exordium Thugs","floor":14,"turns":3},{"damage":17,"enemies":"Hexaghost","floor":16,"turns":12},{"damage":7,"enemies":"Spheric Guardian","floor":18,"turns":4},{"damage":2,"enemies":"Chosen","floor":21,"turns":6},{"damage":27,"enemies":"Snake Plant","floor":22,"turns":4},{"damage":17,"enemies":"Slavers","floor":23,"turns":7},{"damage":0,"enemies":"Snecko","floor":25,"turns":6},{"damage":8,"enemies":"Gremlin Leader","floor":27,"turns":7},{"damage":16,"enemies":"Book of Stabbing","floor":31,"turns":5},{"damage":39,"enemies":"Collector","floor":33,"turns":10},{"damage":12,"enemies":"3 Darklings","floor":35,"turns":3},{"damage":14,"enemies":"Orb Walker","floor":36,"turns":3},{"damage":15,"enemies":"3 Darklings","floor":38,"turns":4},{"damage":6,"enemies":"4 Shapes","floor":39,"turns":4},{"damage":29,"enemies":"Reptomancer","floor":40,"turns":3}],"seed_played":"-5479138548547234034","potions_obtained":[{"floor":1,"key":"Fire Potion"},{"floor":7,"key":"EssenceOfSteel"},{"floor":13,"key":"LiquidBronze"},{"floor":16,"key":"FearPotion"}],"is_trial":false,"path_per_floor":["M","?","M","$","M","R","M","R","T","?","$","?","M","M","R","B",null,"M","?","$","M","M","E","R","M","T","E","T","R","$","E","R","B",null,"M","M","$","M","M","E"],"character_chosen":"DEFECT","items_purchased":["Cold Snap","Turbo"],"campfire_rested":3,"item_purchase_floors":[4,20],"current_hp_per_floor":[50,50,49,49,49,49,46,46,46,39,39,32,23,18,40,23,75,68,68,68,66,39,22,44,44,44,36,36,58,58,42,42,3,75,63,49,49,34,28,0],"gold":191,"neow_bonus":"THREE_RARE_CARDS","is_prod":false,"is_daily":false,"chose_seed":false,"campfire_upgraded":3,"win_rate":0,"timestamp":1560182986,"path_taken":["M","?","M","$","?","R","M","R","T","?","$","?","M","M","R","BOSS","M","?","$","M","M","E","R","?","T","E","?","R","?","E","R","BOSS","M","?","$","M","M","E"],"build_version":"2019-01-23","purchased_purges":4,"victory":false,"max_hp_per_floor":[75,75,75,75,75,75,75,75,75,75,75,75,75,75,75,75,75,75,75,75,75,75,75,75,75,75,75,75,75,75,75,75,75,75,75,75,75,75,75,75],"card_choices":[{"not_picked":["Hyperbeam","Multi-Cast"],"picked":"Echo Form","floor":0},{"not_picked":["Tempest","Go for the Eyes"],"picked":"Static Discharge","floor":1},{"not_picked":["Gash","Leap"],"picked":"Coolheaded","floor":3},{"not_picked":["Heatsinks","Chaos","Hologram"],"picked":"SKIP","floor":5},{"not_picked":["Streamline","Rip and Tear","Conserve Battery"],"picked":"SKIP","floor":7},{"not_picked":["Hologram","Recycle","Static Discharge"],"picked":"SKIP","floor":13},{"not_picked":["Streamline","Rebound"],"picked":"Conserve Battery","floor":14},{"not_picked":["Thunder Strike","Echo Form"],"picked":"Reboot","floor":16},{"not_picked":["Compile Driver","Leap+1","Doom and Gloom"],"picked":"SKIP","floor":18},{"not_picked":["Heatsinks","Skim","Rebound+1"],"picked":"SKIP","floor":21},{"not_picked":["Ball Lightning","Compile Driver"],"picked":"Sweeping Beam+1","floor":22},{"not_picked":["Coolheaded","Steam+1"],"picked":"White Noise+1","floor":23},{"not_picked":["Sunder","Cold Snap+1"],"picked":"Loop","floor":25},{"not_picked":["Reinforced Body+1","Recycle","Turbo"],"picked":"SKIP","floor":27},{"not_picked":["Biased Cognition","Redo","Cold Snap"],"picked":"SKIP","floor":31},{"not_picked":["Biased Cognition","All For One"],"picked":"Amplify","floor":33},{"not_picked":["Hologram+1","Scrape+1","Streamline+1"],"picked":"SKIP","floor":35},{"not_picked":["Steam+1","Turbo+1","Barrage+1"],"picked":"SKIP","floor":36},{"not_picked":["Beam Cell+1","Scrape+1"],"picked":"Capacitor+1","floor":38},{"not_picked":["Lockon","Rebound"],"picked":"Seek","floor":39}],"player_experience":184613,"relics_obtained":[{"floor":9,"key":"Symbiotic Virus"},{"floor":23,"key":"Anchor"},{"floor":26,"key":"Bag of Preparation"},{"floor":27,"key":"Bottled Lightning"},{"floor":28,"key":"Matryoshka"},{"floor":31,"key":"Unceasing Top"},{"floor":34,"key":"Smiling Mask"},{"floor":34,"key":"The Courier"},{"floor":34,"key":"Emotion Chip"}],"event_choices":[{"cards_removed":["Strike_B"],"damage_healed":0,"gold_gain":0,"player_choice":"Purged","damage_taken":0,"max_hp_gain":0,"max_hp_loss":0,"event_name":"Purifier","floor":2,"gold_loss":0},{"damage_healed":0,"gold_gain":0,"player_choice":"Success","damage_taken":7,"relics_obtained":["Omamori"],"max_hp_gain":0,"max_hp_loss":0,"event_name":"Scrap Ooze","floor":10,"gold_loss":0},{"cards_removed":["Defend_B"],"damage_healed":0,"gold_gain":0,"player_choice":"Card Removal","damage_taken":7,"max_hp_gain":0,"max_hp_loss":0,"event_name":"Golden Wing","floor":12,"gold_loss":0},{"damage_healed":0,"gold_gain":0,"player_choice":"Rummage","damage_taken":0,"relics_obtained":["WarpedTongs"],"max_hp_gain":0,"max_hp_loss":0,"event_name":"Accursed Blacksmith","floor":19,"gold_loss":0,"cards_obtained":["Pain"]}],"is_beta":false,"boss_relics":[{"not_picked":["Velvet Choker","Cursed Key"],"picked":"Sozu"},{"not_picked":["Snecko Eye","Orrery"],"picked":"Calling Bell"}],"items_purged_floors":[4,20,30,37],"is_endless":false,"potions_floor_spawned":[1,7,13,16,22,23,25,38,39],"killed_by":"Reptomancer","ascension_level":4}