{"gold_per_floor":[111,130,130,142,155,155,189,264,290,85,85,85,85,100,100,199,199,213,139,414,429,429,461,461,461,539,539,539,571,581,598,598,699,699,719,739,210,227,0,0,28,40,52,78,90],"floor_reached":45,"playtime":1749,"items_purged":["Regret","Regret"],"score":556,"play_id":"ead1954d-a602-4c72-ba7e-34e5000653c6","local_time":"20190415010132","is_ascension_mode":true,"campfire_choices":[{"data":"Cleave","floor":6,"key":"SMITH"},{"data":"Armaments","floor":11,"key":"SMITH"},{"floor":15,"key":"REST"},{"floor":24,"key":"REST"},{"data":"Demon Form","floor":27,"key":"SMITH"},{"floor":32,"key":"REST"},{"floor":40,"key":"REST"},{"data":"Limit Break","floor":42,"key":"SMITH"}],"neow_cost":"NONE","seed_source_timestamp":102822811208944,"circlet_count":0,"master_deck":["Bash","Flex","Armaments+1","Cleave+1","Headbutt","Fiend Fire","Armaments","True Grit","Cleave","Battle Trance","Demon Form+1","Perfected Strike+1","Perfected Strike","Havoc","Shrug It Off","Uppercut","Shrug It Off+1","Perfected Strike","Spot Weakness","Limit Break","Rampage","Searing Blow","Demon Form","Ghostly Armor","Havoc","Evolve","Limit Break+1","Flame Barrier","Carnage","Heavy Blade+1","Shrug It Off+1","Double Tap","Wild Strike+1","Heavy Blade"],"relics":["Black Blood","NeowsBlessing","Bag of Preparation","Whetstone","Bronze Scales","Charon\u0027s Ashes","Pen Nib","Torii","Question Card","Enchiridion","Du-Vu Doll","Pandora\u0027s Box","Lantern","Strange Spoon","Red Mask","MawBank","Pantograph"],"potions_floor_usage":[5,23,23,30,41,41,44],"damage_taken":[{"damage":0,"enemies":"Small Slimes","floor":1,"turns":1},{"damage":0,"enemies":"Jaw Worm","floor":2,"turns":1},{"damage":0,"enemies":"Cultist","floor":4,"turns":1},{"damage":22,"enemies":"Exordium Thugs","floor":5,"turns":4},{"damage":28,"enemies":"Lagavulin","floor":7,"turns":6},{"damage":11,"enemies":"Large Slime","floor":14,"turns":3},{"damage":12,"enemies":"Slime Boss","floor":16,"turns":9},{"damage":35,"enemies":"Shell Parasite","floor":18,"turns":4},{"damage":18,"enemies":"2 Thieves","floor":21,"turns":3},{"damage":34,"enemies":"Book of Stabbing","floor":23,"turns":5},{"damage":24,"enemies":"Gremlin Leader","floor":29,"turns":7},{"damage":16,"enemies":"Chosen and Byrds","floor":30,"turns":6},{"damage":0,"enemies":"Snecko","floor":31,"turns":1},{"damage":41,"enemies":"Champ","floor":33,"turns":8},{"damage":28,"enemies":"3 Darklings","floor":35,"turns":3},{"damage":31,"enemies":"Orb Walker","floor":36,"turns":4},{"damage":26,"enemies":"3 Darklings","floor":38,"turns":3},{"damage":40,"enemies":"Reptomancer","floor":41,"turns":7},{"damage":9,"enemies":"Jaw Worm Horde","floor":44,"turns":5},{"damage":40,"enemies":"Nemesis","floor":45,"turns":4}],"seed_played":"3600504033546305402","potions_obtained":[{"floor":1,"key":"Explosive Potion"},{"floor":5,"key":"Energy Potion"},{"floor":16,"key":"SteroidPotion"},{"floor":29,"key":"SpeedPotion"},{"floor":33,"key":"Weak Potion"},{"floor":35,"key":"Regen Potion"},{"floor":38,"key":"PowerPotion"},{"floor":41,"key":"SteroidPotion"},{"floor":44,"key":"FearPotion"}],"is_trial":false,"path_per_floor":["M","M","?","M","M","R","E","?","T","$","R","$","T","M","R","B",null,"M","$","?","M","?","E","R","?","T","R","?","E","M","M","R","B",null,"M","M","$","M","?","R","E","R","T","M","E"],"character_chosen":"IRONCLAD","items_purchased":["Armaments","True Grit","Cleave","Perfected Strike","Havoc","Lantern","Strange Spoon","Double Tap"],"campfire_rested":4,"item_purchase_floors":[10,10,10,19,19,37,37,37],"current_hp_per_floor":[80,80,80,80,64,64,42,31,31,31,31,31,31,26,50,44,80,55,55,55,47,47,23,47,47,47,47,31,17,11,21,45,14,80,62,41,41,25,25,49,19,19,19,32,0],"gold":90,"neow_bonus":"THREE_ENEMY_KILL","is_prod":false,"is_daily":false,"chose_seed":false,"campfire_upgraded":4,"win_rate":0,"timestamp":1555304492,"path_taken":["M","M","?","M","M","R","E","?","T","$","R","$","?","M","R","BOSS","M","$","?","?","?","E","R","?","T","R","?","E","M","M","R","BOSS","M","M","$","M","?","R","E","R","T","M","E"],"build_version":"2019-01-23","purchased_purges":2,"victory":false,"max_hp_per_floor":[80,80,80,80,80,80,80,80,80,80,80,80,80,80,80,80,80,80,80,80,80,80,80,80,80,80,80,80,80,80,80,80,80,80,80,80,80,80,80,80,80,80,80,80,80],"card_choices":[{"not_picked":["Sever Soul","Rupture"],"picked":"Flex","floor":1},{"not_picked":["Flex","Second Wind"],"picked":"Armaments","floor":2},{"not_picked":["Havoc","Heavy Blade"],"picked":"Cleave","floor":4},{"not_picked":["Anger","Disarm"],"picked":"Headbutt","floor":5},{"not_picked":["Disarm","Warcry"],"picked":"Fiend Fire","floor":7},{"not_picked":["Heavy Blade","Reckless Charge"],"picked":"Battle Trance","floor":14},{"not_picked":["Impervious","Offering"],"picked":"Demon Form","floor":16},{"not_picked":["Pummel+1","Searing Blow"],"picked":"Perfected Strike+1","floor":18},{"not_picked":["Pummel","Sword Boomerang"],"picked":"Shrug It Off","floor":21},{"not_picked":["True Grit","Dropkick"],"picked":"Uppercut","floor":23},{"not_picked":["Rage","Flex","Sword Boomerang"],"picked":"Shrug It Off+1","floor":29},{"not_picked":["Iron Wave","Sentinel+1","Cleave"],"picked":"Perfected Strike","floor":30},{"not_picked":["Iron Wave","Shrug It Off","Perfected Strike"],"picked":"Spot Weakness","floor":31},{"not_picked":["Immolate","Juggernaut","Offering"],"picked":"Limit Break","floor":33},{"not_picked":["Wild Strike","Infernal Blade","Havoc"],"picked":"Heavy Blade+1","floor":35},{"not_picked":["Blood for Blood+1","Flex","True Grit+1"],"picked":"Shrug It Off+1","floor":36},{"not_picked":["Cleave+1","Clothesline","Pommel Strike"],"picked":"Wild Strike+1","floor":38},{"not_picked":["Flame Barrier","True Grit","Rupture+1"],"picked":"Heavy Blade","floor":41},{"not_picked":["Rupture","Cleave+1","Barricade","Rampage"],"picked":"SKIP","floor":44}],"player_experience":74940,"relics_obtained":[{"floor":7,"key":"Whetstone"},{"floor":9,"key":"Bronze Scales"},{"floor":13,"key":"Charon\u0027s Ashes"},{"floor":23,"key":"Pen Nib"},{"floor":26,"key":"Question Card"},{"floor":28,"key":"Enchiridion"},{"floor":29,"key":"Du-Vu Doll"},{"floor":41,"key":"MawBank"},{"floor":43,"key":"Pantograph"}],"event_choices":[{"damage_healed":0,"gold_gain":0,"player_choice":"Box","damage_taken":0,"relics_obtained":["Bag of Preparation"],"max_hp_gain":0,"max_hp_loss":0,"event_name":"Big Fish","floor":3,"gold_loss":0,"cards_obtained":["Regret"]},{"damage_healed":0,"gold_gain":75,"player_choice":"Gather Gold","damage_taken":11,"max_hp_gain":0,"max_hp_loss":0,"event_name":"World of Goop","floor":8,"gold_loss":0},{"damage_healed":0,"gold_gain":275,"player_choice":"Desecrate","damage_taken":0,"max_hp_gain":0,"max_hp_loss":0,"event_name":"Golden Shrine","floor":20,"gold_loss":0,"cards_obtained":["Regret"]},{"damage_healed":0,"gold_gain":0,"player_choice":"Ignored","damage_taken":0,"max_hp_gain":0,"max_hp_loss":0,"event_name":"Vampires","floor":22,"gold_loss":0},{"damage_healed":0,"gold_gain":0,"player_choice":"Opened","damage_taken":0,"relics_obtained":["Torii"],"max_hp_gain":0,"max_hp_loss":0,"event_name":"The Mausoleum","floor":25,"gold_loss":0},{"damage_healed":0,"gold_gain":0,"player_choice":"Obtained Book","damage_taken":16,"max_hp_gain":0,"max_hp_loss":0,"event_name":"Cursed Tome","floor":28,"gold_loss":0},{"damage_healed":0,"gold_gain":0,"player_choice":"Paid","damage_taken":0,"relics_obtained":["Red Mask"],"max_hp_gain":0,"max_hp_loss":0,"event_name":"Tomb of Lord Red Mask","floor":39,"gold_loss":227}],"is_beta":false,"boss_relics":[{"not_picked":["Runic Dome","Runic Cube"],"picked":"Black Blood"},{"not_picked":["Runic Pyramid","Eternal Feather"],"picked":"Pandora\u0027s Box"}],"items_purged_floors":[10,37],"is_endless":false,"potions_floor_spawned":[1,5,16,29,33,35,38,41,44],"killed_by":"Nemesis","ascension_level":1}