{"gold_per_floor":[114,39,58,4,34,63,63,77,126,457,124,124,124,136,136,231,231,245,256,256,181,216,216,230,230,278,278,288,86,86,117,117,216,216,231,453,1452,807,818,818,832,851,851,867,878,908,926,119,119,119],"floor_reached":51,"playtime":2049,"items_purged":["Strike_G","Strike_G","Strike_G","Normality","Normality"],"score":805,"play_id":"751dc976-6b99-49b7-a6de-6a964739e478","local_time":"20190516030113","is_ascension_mode":false,"campfire_choices":[{"data":"Neutralize","floor":7.0,"key":"SMITH"},{"data":"Noxious Fumes","floor":12.0,"key":"SMITH"},{"data":"Noxious Fumes","floor":15.0,"key":"SMITH"},{"data":"Neutralize","floor":23.0,"key":"SMITH"},{"data":"Bouncing Flask","floor":25.0,"key":"SMITH"},{"data":"Burst","floor":27.0,"key":"SMITH"},{"data":"Calculated Gamble","floor":30.0,"key":"SMITH"},{"data":"Adrenaline","floor":32.0,"key":"SMITH"},{"data":"Bouncing Flask","floor":40.0,"key":"SMITH"},{"floor":49,"key":"REST"}],"neow_cost":"NONE","seed_source_timestamp":5009456741300,"circlet_count":0,"master_deck":["Defend_G","Defend_G","Defend_G","Defend_G","Defend_G","Strike_G","Survivor","Neutralize+1","Bane","Deflect","Burst+1","Noxious Fumes+1","Noxious Fumes+1","Bouncing Flask+1","Neutralize+1","Calculated Gamble+1","Adrenaline+1","Dodge and Roll+1","Poisoned Stab+1","Adrenaline","After Image","Deadly Poison","Panacea","Leg Sweep","Bouncing Flask+1","Deadly Poison+1","Backflip","Blade Dance+1","Caltrops+1","Caltrops","Thinking Ahead"],"special_seed":0,"relics":["Ring of the Snake","NeowsBlessing","Tiny Chest","Paper Crane","Smiling Mask","Old Coin","Juzu Bracelet","Philosopher\u0027s Stone","Letter Opener","Red Mask","Regal Pillow","PreservedInsect","Happy Flower","Sozu","Meat on the Bone","Bag of Marbles","Gambling Chip","Centennial Puzzle","Oddly Smooth Stone","Vajra","Sling"],"potions_floor_usage":[42],"damage_taken":[{"damage":0.0,"enemies":"Cultist","floor":1.0,"turns":1.0},{"damage":0.0,"enemies":"Jaw Worm","floor":3.0,"turns":1.0},{"damage":0.0,"enemies":"3 Sentries","floor":6.0,"turns":2.0},{"damage":0.0,"enemies":"Small Slimes","floor":8.0,"turns":4.0},{"damage":1.0,"enemies":"Lagavulin","floor":10.0,"turns":6.0},{"damage":3.0,"enemies":"3 Louse","floor":14.0,"turns":5.0},{"damage":8.0,"enemies":"Hexaghost","floor":16.0,"turns":8.0},{"damage":1.0,"enemies":"Chosen","floor":18.0,"turns":5.0},{"damage":0.0,"enemies":"Shell Parasite","floor":19.0,"turns":5.0},{"damage":3.0,"enemies":"Masked Bandits","floor":22.0,"turns":3.0},{"damage":1.0,"enemies":"Snake Plant","floor":24.0,"turns":4.0},{"damage":0.0,"enemies":"Snecko","floor":28.0,"turns":4.0},{"damage":0.0,"enemies":"Book of Stabbing","floor":31.0,"turns":3.0},{"damage":49.0,"enemies":"Automaton","floor":33.0,"turns":10.0},{"damage":0.0,"enemies":"Orb Walker","floor":35.0,"turns":4.0},{"damage":4.0,"enemies":"3 Darklings","floor":39.0,"turns":5.0},{"damage":6.0,"enemies":"Writhing Mass","floor":41.0,"turns":5.0},{"damage":19,"enemies":"Jaw Worm Horde","floor":42,"turns":4},{"damage":0,"enemies":"Transient","floor":44,"turns":5},{"damage":23,"enemies":"Maw","floor":45,"turns":6},{"damage":12,"enemies":"Nemesis","floor":46,"turns":5},{"damage":13,"enemies":"3 Darklings","floor":47,"turns":3},{"damage":22,"enemies":"Awakened One","floor":50,"turns":10}],"seed_played":"-2284938911663106172","potions_obtained":[{"floor":6.0,"key":"Poison Potion"},{"floor":10.0,"key":"PowerPotion"},{"floor":14.0,"key":"GamblersBrew"},{"floor":16.0,"key":"SkillPotion"},{"floor":18.0,"key":"Fire Potion"},{"floor":28.0,"key":"Fire Potion"}],"is_trial":false,"path_per_floor":["M","$","M","$","?","E","R","M","T","E","$","R","?","M","R","B",null,"M","M","T","?","?","R","M","R","T","R","M","$","R","E","R","B",null,"M","?","?","$","M","R","M","M","T","M","M","E","M","$","R","B",null],"character_chosen":"THE_SILENT","items_purchased":["Deflect","Juzu Bracelet","Noxious Fumes","Bouncing Flask","PreservedInsect","Meat on the Bone","Bag of Marbles","Deadly Poison","Panacea","Leg Sweep","Oddly Smooth Stone","Vajra","Sling","Caltrops","Thinking Ahead"],"campfire_rested":1,"item_purchase_floors":[4,11,11,11,29,38,38,38,38,38,48,48,48,48,48],"current_hp_per_floor":[70,70,70,70,70,70,70,70,70,69,69,69,69,66,66,58,70,69,69,69,69,66,66,65,65,65,65,65,65,65,65,65,16,70,70,70,70,70,66,66,60,41,41,41,30,30,29,29,65,43],"gold":119,"neow_bonus":"THREE_ENEMY_KILL","is_prod":false,"is_daily":false,"chose_seed":false,"campfire_upgraded":9,"win_rate":0,"timestamp":1557997273,"path_taken":["M","$","M","?","?","E","R","M","T","E","$","R","?","M","R","BOSS","M","M","?","?","?","R","M","R","T","R","M","$","R","E","R","BOSS","M","?","?","$","M","R","M","M","T","M","M","E","M","$","R","BOSS"],"build_version":"2019-01-23","purchased_purges":5,"victory":true,"max_hp_per_floor":[70,70,70,70,70,70,70,70,70,70,70,70,70,70,70,70,70,70,70,70,70,70,70,70,70,70,70,70,70,70,70,70,70,70,70,70,70,70,70,70,70,70,70,70,70,70,70,70,70,70],"card_choices":[{"not_picked":["Deflect","Dagger Spray"],"picked":"Deadly Poison","floor":1.0},{"not_picked":["Underhanded Strike","Outmaneuver"],"picked":"Bane","floor":3.0},{"not_picked":["Underhanded Strike","Catalyst"],"picked":"Burst","floor":6.0},{"not_picked":["Outmaneuver","Accuracy"],"picked":"Noxious Fumes","floor":8.0},{"not_picked":["PiercingWail","Endless Agony","Acrobatics"],"picked":"SKIP","floor":10.0},{"not_picked":["Terror","Sucker Punch","Dagger Throw"],"picked":"SKIP","floor":14.0},{"not_picked":["A Thousand Cuts","Venomology"],"picked":"Adrenaline","floor":16.0},{"not_picked":["Blade Dance","Cloak And Dagger"],"picked":"Dodge and Roll+1","floor":18.0},{"not_picked":["Slice","Distraction","Sucker Punch"],"picked":"SKIP","floor":19.0},{"not_picked":["Blur","Infinite Blades"],"picked":"Poisoned Stab+1","floor":22.0},{"not_picked":["Dagger Spray+1","Bane","Dagger Throw"],"picked":"SKIP","floor":24.0},{"not_picked":["Underhanded Strike","Dagger Throw"],"picked":"Adrenaline","floor":28.0},{"not_picked":["Tactician","Flechettes","Quick Slash"],"picked":"SKIP","floor":31.0},{"not_picked":["Die Die Die","Wraith Form v2"],"picked":"After Image","floor":33.0},{"not_picked":["Flying Knee","Blade Dance","Quick Slash"],"picked":"SKIP","floor":35.0},{"not_picked":["Poisoned Stab+1","Well Laid Plans+1"],"picked":"Bouncing Flask","floor":39.0},{"not_picked":["Underhanded Strike","Blade Dance+1","Flying Knee+1"],"picked":"SKIP","floor":41.0},{"not_picked":["Acrobatics+1","Slice"],"picked":"Deadly Poison+1","floor":42},{"not_picked":["Distraction","Acrobatics","Phantasmal Killer"],"picked":"SKIP","floor":44},{"not_picked":["Underhanded Strike+1","Tactician+1"],"picked":"Backflip","floor":45},{"not_picked":["Dagger Throw+1","Acrobatics"],"picked":"Blade Dance+1","floor":46},{"not_picked":["Blur+1","Slice+1"],"picked":"Caltrops+1","floor":47}],"player_experience":1415366,"relics_obtained":[{"floor":6.0,"key":"Paper Crane"},{"floor":9.0,"key":"Smiling Mask"},{"floor":10.0,"key":"Old Coin"},{"floor":20.0,"key":"Letter Opener"},{"floor":22.0,"key":"Red Mask"},{"floor":26.0,"key":"Regal Pillow"},{"floor":31.0,"key":"Happy Flower"},{"floor":43,"key":"Gambling Chip"},{"floor":46,"key":"Centennial Puzzle"}],"event_choices":[{"cards_removed":["Deadly Poison"],"damage_healed":0.0,"max_hp_gain":0.0,"max_hp_loss":0.0,"gold_gain":0.0,"event_name":"WeMeetAgain","player_choice":"Gave Card","floor":5.0,"gold_loss":0.0,"damage_taken":0.0,"relics_obtained":["Tiny Chest"]},{"damage_healed":0.0,"max_hp_gain":0.0,"max_hp_loss":0.0,"gold_gain":0.0,"event_name":"Match and Keep!","player_choice":"2 cards matched","floor":13.0,"gold_loss":0.0,"damage_taken":0.0,"cards_obtained":["Neutralize","Calculated Gamble"]},{"cards_removed":["Strike_G"],"damage_healed":0.0,"max_hp_gain":0.0,"max_hp_loss":0.0,"gold_gain":0.0,"event_name":"Beggar","player_choice":"Gave Gold","floor":21.0,"gold_loss":75.0,"damage_taken":0.0},{"damage_healed":0.0,"max_hp_gain":0.0,"max_hp_loss":0.0,"gold_gain":0.0,"event_name":"Masked Bandits","player_choice":"Fought Bandits","floor":22.0,"gold_loss":0.0,"damage_taken":0.0},{"damage_healed":0.0,"max_hp_gain":0.0,"max_hp_loss":0.0,"gold_gain":222.0,"event_name":"Tomb of Lord Red Mask","player_choice":"Wore Mask","floor":36.0,"gold_loss":0.0,"damage_taken":0.0},{"damage_healed":0.0,"max_hp_gain":0.0,"max_hp_loss":0.0,"gold_gain":999.0,"event_name":"MindBloom","player_choice":"Gold","floor":37.0,"gold_loss":0.0,"damage_taken":0.0,"cards_obtained":["Normality","Normality"]}],"is_beta":false,"boss_relics":[{"not_picked":["Tiny House","Pandora\u0027s Box"],"picked":"Philosopher\u0027s Stone"},{"not_picked":["Orrery","Coffee Dripper"],"picked":"Sozu"}],"items_purged_floors":[2,11,29,38,48],"is_endless":false,"potions_floor_spawned":[6,10,14,16,18,28,39,41,44,46],"ascension_level":0}