{"gold_per_floor":[110,110,122,141,158,158,190,190,190,219,219,90,116,96,96,170,170,182,217,267,192,292,292,307,307,307,327,379,414,424,134,134,207,207,218,218,230,230,16,50,50,84,84,84,96,40,52,69,69,69],"floor_reached":51,"playtime":6183,"items_purged":["Strike_G","Strike_G","Defend_G"],"score":1364,"play_id":"c889391c-0df4-4114-b884-9ae7fd813a43","local_time":"20190625173255","is_ascension_mode":true,"campfire_choices":[{"data":"Neutralize","floor":6,"key":"SMITH"},{"floor":8,"key":"REST"},{"floor":15,"key":"REST"},{"floor":23,"key":"REST"},{"data":"Adrenaline","floor":25,"key":"SMITH"},{"floor":32,"key":"REST"},{"floor":41,"key":"REST"},{"data":"Malaise","floor":49,"key":"SMITH"}],"neow_cost":"PERCENT_DAMAGE","seed_source_timestamp":324073995624420,"circlet_count":0,"master_deck":["AscendersBane","Defend_G","Defend_G","Defend_G","Defend_G","Survivor","Neutralize+1","Backflip","Footwork+1","Deadly Poison","PiercingWail+1","Backstab","Escape Plan","Backflip","Adrenaline+1","Bouncing Flask+1","Bane","Dash","PiercingWail+1","Escape Plan","Deadly Poison","Prepared","Backflip","Malaise+1","Glass Knife","Malaise+1","Backstab","Masterful Stab","Escape Plan+1","Blind","Good Instincts","Terror+1","PiercingWail","PiercingWail","Flying Knee+1"],"relics":["Ring of the Snake","Gambling Chip","Snake Skull","Bronze Scales","Question Card","Centennial Puzzle","Black Star","Red Mask","Bird Faced Urn","Ornamental Fan","War Paint","Bag of Preparation","Blood Vial","Omamori","Oddly Smooth Stone","Runic Dome","Dream Catcher","Orichalcum","Dodecahedron","Juzu Bracelet","Boot"],"potions_floor_usage":[5,7,13,13,19,19,33,33,40,40,42],"damage_taken":[{"damage":12,"enemies":"Jaw Worm","floor":1,"turns":8},{"damage":1,"enemies":"Cultist","floor":3,"turns":4},{"damage":0,"enemies":"Small Slimes","floor":4,"turns":4},{"damage":1,"enemies":"Exordium Thugs","floor":5,"turns":6},{"damage":16,"enemies":"Gremlin Nob","floor":7,"turns":6},{"damage":8,"enemies":"Lagavulin","floor":10,"turns":8},{"damage":20,"enemies":"Gremlin Nob","floor":13,"turns":4},{"damage":3,"enemies":"The Guardian","floor":16,"turns":12},{"damage":3,"enemies":"Shell Parasite","floor":18,"turns":6},{"damage":21,"enemies":"Masked Bandits","floor":19,"turns":3},{"damage":0,"enemies":"Colosseum Slavers","floor":22,"turns":6},{"damage":21,"enemies":"Colosseum Nobs","floor":22,"turns":8},{"damage":0,"enemies":"2 Thieves","floor":24,"turns":4},{"damage":2,"enemies":"Shelled Parasite and Fungi","floor":27,"turns":5},{"damage":0,"enemies":"Book of Stabbing","floor":29,"turns":5},{"damage":2,"enemies":"3 Cultists","floor":30,"turns":5},{"damage":45,"enemies":"Champ","floor":33,"turns":12},{"damage":0,"enemies":"Orb Walker","floor":35,"turns":3},{"damage":20,"enemies":"3 Darklings","floor":37,"turns":6},{"damage":18,"enemies":"Reptomancer","floor":40,"turns":13},{"damage":3,"enemies":"Giant Head","floor":42,"turns":9},{"damage":0,"enemies":"Transient","floor":45,"turns":5},{"damage":0,"enemies":"Jaw Worm Horde","floor":47,"turns":5},{"damage":0,"enemies":"Sphere and 2 Shapes","floor":48,"turns":4},{"damage":15,"enemies":"Awakened One","floor":50,"turns":22}],"seed_played":"-5987385823536710332","potions_obtained":[{"floor":1,"key":"Fire Potion"},{"floor":5,"key":"Dexterity Potion"},{"floor":10,"key":"Weak Potion"},{"floor":13,"key":"SteroidPotion"},{"floor":14,"key":"SneckoOil"},{"floor":16,"key":"SkillPotion"},{"floor":22,"key":"SneckoOil"},{"floor":27,"key":"PowerPotion"},{"floor":30,"key":"Fruit Juice"},{"floor":33,"key":"Fire Potion"},{"floor":35,"key":"Energy Potion"},{"floor":37,"key":"Strength Potion"},{"floor":40,"key":"Dexterity Potion"}],"is_trial":false,"path_per_floor":["M","?","M","M","M","R","E","R","T","E","?","$","E","?","R","B",null,"M","?","?","?","?","R","M","R","T","M","T","E","M","$","R","B",null,"M","?","M","?","$","E","R","E","T","?","M","$","M","M","R","B",null],"character_chosen":"THE_SILENT","items_purchased":["PowerPotion","Oddly Smooth Stone","Backflip","Malaise","PiercingWail"],"campfire_rested":5,"item_purchase_floors":[12,31,31,39,46],"current_hp_per_floor":[32,32,31,31,30,30,14,33,33,25,25,25,5,5,24,21,55,52,31,31,31,10,29,31,31,31,31,31,33,35,35,54,18,58,62,62,46,46,46,32,53,54,54,49,53,53,57,61,61,50],"gold":69,"neow_bonus":"ONE_RARE_RELIC","is_prod":false,"is_daily":false,"chose_seed":false,"campfire_upgraded":3,"win_rate":0,"timestamp":1561498375,"path_taken":["M","?","M","?","M","R","E","R","T","E","?","?","E","?","R","BOSS","M","?","?","?","?","R","M","R","T","M","?","E","M","$","R","BOSS","M","?","?","?","?","E","R","E","T","?","M","$","M","M","R","BOSS"],"build_version":"2019-01-23","purchased_purges":3,"victory":true,"max_hp_per_floor":[66,66,66,66,66,66,66,66,66,66,66,66,66,66,66,66,66,66,66,66,66,66,66,66,66,66,66,66,66,66,66,66,71,71,71,71,71,71,71,71,71,71,71,71,71,71,71,71,71,71],"card_choices":[{"not_picked":["Catalyst","Prepared"],"picked":"Backflip","floor":1},{"not_picked":["Underhanded Strike","Riddle With Holes"],"picked":"Footwork","floor":3},{"not_picked":["Backflip","Escape Plan"],"picked":"Deadly Poison","floor":4},{"not_picked":["Sucker Punch","Backflip"],"picked":"PiercingWail","floor":5},{"not_picked":["Blade Dance","Dodge and Roll"],"picked":"Backstab","floor":7},{"not_picked":["Dodge and Roll","Finisher"],"picked":"Escape Plan","floor":10},{"not_picked":["Dodge and Roll","Acrobatics","Doppelganger"],"picked":"Backflip","floor":13},{"not_picked":["Storm of Steel","Unload","A Thousand Cuts"],"picked":"Adrenaline","floor":16},{"not_picked":["PiercingWail","Concentrate","Bane"],"picked":"Bouncing Flask+1","floor":18},{"not_picked":["Outmaneuver","Flying Knee","Blade Dance"],"picked":"Bane","floor":19},{"not_picked":["Deadly Poison","Flying Knee","Dagger Spray"],"picked":"Dash","floor":22},{"not_picked":["Deflect","Prepared","Slice+1"],"picked":"PiercingWail","floor":24},{"not_picked":["Sucker Punch","Footwork","Slice"],"picked":"Escape Plan","floor":27},{"not_picked":["Accuracy","Quick Slash","Bane"],"picked":"Deadly Poison","floor":29},{"not_picked":["Setup","Unload","Underhanded Strike"],"picked":"Prepared","floor":30},{"not_picked":["Envenom","Phantasmal Killer","Glass Knife"],"picked":"Malaise","floor":33},{"not_picked":["Distraction","Accuracy+1","Dagger Spray","Bane"],"picked":"SKIP","floor":35},{"not_picked":["Blade Dance","Dagger Throw+1","Terror","Acrobatics"],"picked":"SKIP","floor":37},{"not_picked":["Choke","Eviscerate+1","Accuracy+1"],"picked":"Backstab","floor":40},{"not_picked":["Dagger Throw","Blade Dance","Flying Knee"],"picked":"Masterful Stab","floor":41},{"not_picked":["Blade Dance","Sucker Punch","Outmaneuver+1"],"picked":"Escape Plan+1","floor":42},{"not_picked":["Madness","Purity","PanicButton"],"picked":"Blind","floor":44},{"not_picked":["Trip","Dramatic Entrance","Violence"],"picked":"Good Instincts","floor":44},{"not_picked":["Tactician","Quick Slash","Accuracy"],"picked":"Terror+1","floor":45},{"not_picked":["Poisoned Stab+1","Underhanded Strike+1","Blade Dance"],"picked":"PiercingWail","floor":47},{"not_picked":["Deadly Poison","Blade Dance","After Image"],"picked":"Flying Knee+1","floor":48}],"player_experience":686942,"relics_obtained":[{"floor":7,"key":"Snake Skull"},{"floor":9,"key":"Bronze Scales"},{"floor":10,"key":"Question Card"},{"floor":13,"key":"Centennial Puzzle"},{"floor":19,"key":"Red Mask"},{"floor":22,"key":"Bird Faced Urn"},{"floor":22,"key":"Ornamental Fan"},{"floor":26,"key":"War Paint"},{"floor":28,"key":"Bag of Preparation"},{"floor":29,"key":"Blood Vial"},{"floor":29,"key":"Omamori"},{"floor":40,"key":"Dream Catcher"},{"floor":40,"key":"Orichalcum"},{"floor":42,"key":"Dodecahedron"},{"floor":42,"key":"Juzu Bracelet"},{"floor":43,"key":"Boot"}],"event_choices":[{"cards_removed":["Strike_G"],"damage_healed":0,"gold_gain":0,"player_choice":"Purged","damage_taken":0,"max_hp_gain":0,"max_hp_loss":0,"event_name":"Purifier","floor":2,"gold_loss":0},{"damage_healed":0,"gold_gain":0,"player_choice":"Grow","damage_taken":0,"max_hp_gain":0,"max_hp_loss":0,"event_name":"Living Wall","floor":11,"gold_loss":0,"cards_upgraded":["Footwork"]},{"damage_healed":0,"gold_gain":0,"player_choice":"Bought 1 Potion","damage_taken":0,"max_hp_gain":0,"max_hp_loss":0,"event_name":"The Woman in Blue","floor":14,"gold_loss":0},{"damage_healed":0,"gold_gain":0,"player_choice":"Fought Bandits","damage_taken":0,"max_hp_gain":0,"max_hp_loss":0,"event_name":"Masked Bandits","floor":19,"gold_loss":0},{"damage_healed":0,"gold_gain":50,"player_choice":"Stole From Cult","damage_taken":0,"max_hp_gain":0,"max_hp_loss":0,"event_name":"Nest","floor":20,"gold_loss":0},{"cards_removed":["Strike_G"],"damage_healed":0,"gold_gain":0,"player_choice":"Gave Gold","damage_taken":0,"max_hp_gain":0,"max_hp_loss":0,"event_name":"Beggar","floor":21,"gold_loss":75},{"damage_healed":0,"gold_gain":0,"player_choice":"Fight","damage_taken":0,"max_hp_gain":0,"max_hp_loss":0,"event_name":"Colosseum","floor":22,"gold_loss":0},{"damage_healed":0,"gold_gain":0,"player_choice":"Fought Nobs","damage_taken":0,"max_hp_gain":0,"max_hp_loss":0,"event_name":"Colosseum","floor":22,"gold_loss":0},{"damage_healed":0,"gold_gain":0,"cards_transformed":["Strike_G"],"player_choice":"Transformed","damage_taken":0,"max_hp_gain":0,"max_hp_loss":0,"event_name":"Transmorgrifier","floor":36,"gold_loss":0,"cards_obtained":["Glass Knife"]},{"damage_healed":0,"gold_gain":0,"player_choice":"Upgraded","damage_taken":0,"max_hp_gain":0,"max_hp_loss":0,"event_name":"Upgrade Shrine","floor":38,"gold_loss":0,"cards_upgraded":["Malaise"]},{"damage_healed":0,"gold_gain":0,"player_choice":"Memory 2","damage_taken":5,"max_hp_gain":0,"max_hp_loss":0,"event_name":"SensoryStone","floor":44,"gold_loss":0}],"is_beta":false,"boss_relics":[{"not_picked":["White Beast Statue","Runic Pyramid"],"picked":"Black Star"},{"not_picked":["Pandora\u0027s Box","Ring of the Serpent"],"picked":"Runic Dome"}],"items_purged_floors":[12,31,39],"is_endless":false,"potions_floor_spawned":[1,5,10,13,16,22,27,30,33,35,37,40],"ascension_level":16}