{"gold_per_floor":[117,70,70,80,2,2,13,27,27,27,27,39,56,56,56,151,151,171,20,20,20,33,68,79,104,129,152,168,93,93,104,104,202,202,216,216,233,243,296,331,331,83,155,189,189,189,223,240,240,240,240,240,18,51,51],"floor_reached":55,"playtime":5347,"items_purged":["Strike_B","Defend_B"],"score":798,"play_id":"ebce5a4a-0aad-4360-9a5f-8ac12063f4b6","local_time":"20190601154631","is_ascension_mode":true,"campfire_choices":[{"data":"Zap","floor":6,"key":"SMITH"},{"data":"Dualcast","floor":10,"key":"SMITH"},{"data":"Redo","floor":15,"key":"SMITH"},{"floor":30,"key":"REST"},{"floor":32,"key":"REST"},{"floor":41,"key":"RECALL"},{"data":"Capacitor","floor":45,"key":"SMITH"},{"floor":49,"key":"REST"},{"data":"Coolheaded","floor":52,"key":"SMITH"}],"neow_cost":"PERCENT_DAMAGE","seed_source_timestamp":50863157774485,"circlet_count":0,"master_deck":["Strike_B+1","Strike_B+1","Strike_B","Defend_B","Defend_B+1","Defend_B+1","Zap+1","Dualcast+1","Glacier+1","Coolheaded+1","FTL","Capacitor+1","Redo+1","Electrodynamics","White Noise","Seek","Go for the Eyes","Turbo+1","Storm+1","Madness","Madness","Blizzard+1","Force Field+1","Loop+1","Conserve Battery","Aggregate+1"],"relics":["FrozenCore","Gremlin Horn","Happy Flower","Runic Pyramid","PreservedInsect","Symbiotic Virus","War Paint","Bag of Preparation","Anchor","Ice Cream","Frozen Egg 2","Pantograph","Shuriken","Molten Egg 2","Darkstone Periapt","Whetstone"],"potions_floor_usage":[18,22,33,33,33,40,55,55],"damage_taken":[{"damage":0,"enemies":"2 Louse","floor":1,"turns":1},{"damage":0,"enemies":"Jaw Worm","floor":4,"turns":5},{"damage":0,"enemies":"Cultist","floor":7,"turns":3},{"damage":3,"enemies":"Exordium Thugs","floor":8,"turns":5},{"damage":2,"enemies":"2 Fungi Beasts","floor":12,"turns":3},{"damage":0,"enemies":"Gremlin Gang","floor":13,"turns":5},{"damage":41,"enemies":"Hexaghost","floor":16,"turns":17},{"damage":0,"enemies":"3 Byrds","floor":18,"turns":2},{"damage":5,"enemies":"Shell Parasite","floor":22,"turns":3},{"damage":34,"enemies":"Slavers","floor":23,"turns":4},{"damage":30,"enemies":"Shelled Parasite and Fungi","floor":24,"turns":8},{"damage":3,"enemies":"Book of Stabbing","floor":25,"turns":5},{"damage":0,"enemies":"Chosen and Byrds","floor":28,"turns":6},{"damage":5,"enemies":"Snake Plant","floor":31,"turns":3},{"damage":19,"enemies":"Champ","floor":33,"turns":10},{"damage":0,"enemies":"3 Shapes","floor":35,"turns":3},{"damage":2,"enemies":"Orb Walker","floor":37,"turns":4},{"damage":0,"enemies":"Jaw Worm Horde","floor":38,"turns":3},{"damage":13,"enemies":"2 Orb Walkers","floor":39,"turns":4},{"damage":15,"enemies":"Nemesis","floor":40,"turns":7},{"damage":0,"enemies":"Reptomancer","floor":44,"turns":7},{"damage":8,"enemies":"Nemesis","floor":47,"turns":13},{"damage":19,"enemies":"Spire Growth","floor":48,"turns":5},{"damage":56,"enemies":"Donu and Deca","floor":50,"turns":12},{"damage":75,"enemies":"Shield and Spear","floor":54,"turns":9},{"damage":61,"enemies":"The Heart","floor":55,"turns":3}],"seed_played":"7997102130698323120","potions_obtained":[{"floor":7,"key":"Weak Potion"},{"floor":8,"key":"LiquidBronze"},{"floor":16,"key":"SkillPotion"},{"floor":24,"key":"Block Potion"},{"floor":25,"key":"Energy Potion"},{"floor":39,"key":"PowerPotion"},{"floor":44,"key":"SpeedPotion"},{"floor":47,"key":"Strength Potion"},{"floor":54,"key":"GamblersBrew"}],"is_trial":false,"path_per_floor":["M","$","?","M","$","R","M","M","T","R","?","M","M","$","R","B",null,"M","$","?","?","M","E","M","E","T","T","M","$","R","M","R","B",null,"M","?","M","M","?","E","R","$","T","E","R","?","E","M","R","B",null,"R","$","E","B"],"character_chosen":"DEFECT","items_purchased":["Coolheaded","FTL","PreservedInsect","Pantograph","Loop+1","Conserve Battery"],"campfire_rested":3,"item_purchase_floors":[2,5,19,42,53,53],"current_hp_per_floor":[68,68,65,65,65,65,65,62,62,62,62,60,60,60,60,19,89,89,89,89,89,84,50,20,17,17,17,17,17,43,38,64,45,89,89,78,76,76,63,48,48,48,48,48,48,48,40,21,47,16,89,89,89,14,0],"gold":51,"neow_bonus":"TWENTY_PERCENT_HP_BONUS","is_prod":false,"is_daily":false,"chose_seed":false,"campfire_upgraded":5,"win_rate":0,"timestamp":1559421991,"path_taken":["M","$","?","M","$","R","M","M","T","R","?","M","?","$","R","BOSS","M","$","?","?","?","E","M","E","T","?","M","$","R","M","R","BOSS","M","?","M","M","?","E","R","$","T","E","R","?","E","M","R","BOSS","R","$","E","BOSS"],"build_version":"2019-01-23","purchased_purges":2,"victory":false,"max_hp_per_floor":[89,89,89,89,89,89,89,89,89,89,89,89,89,89,89,89,89,89,89,89,89,89,89,89,89,89,89,89,89,89,89,89,89,89,89,89,89,89,89,89,89,89,89,89,89,89,89,89,89,89,89,89,89,89,89],"card_choices":[{"not_picked":["Beam Cell","Self Repair"],"picked":"Glacier","floor":1},{"not_picked":["Barrage","Coolheaded","Turbo"],"picked":"SKIP","floor":4},{"not_picked":["Coolheaded","Undo"],"picked":"Capacitor","floor":7},{"not_picked":["Go for the Eyes","Stack"],"picked":"Redo","floor":8},{"not_picked":["Fusion","Steam","Redo"],"picked":"SKIP","floor":12},{"not_picked":["All For One","Gash","Ball Lightning"],"picked":"SKIP","floor":13},{"not_picked":["Meteor Strike","Creative AI"],"picked":"Electrodynamics","floor":16},{"not_picked":["Skim+1","Leap"],"picked":"White Noise","floor":18},{"not_picked":["Barrage","Turbo","Ball Lightning"],"picked":"SKIP","floor":22},{"not_picked":["Beam Cell","Multi-Cast"],"picked":"Seek","floor":23},{"not_picked":["Leap","Redo","Ball Lightning"],"picked":"SKIP","floor":24},{"not_picked":["Ball Lightning","Beam Cell"],"picked":"Go for the Eyes","floor":25},{"not_picked":["Consume","Sunder"],"picked":"Turbo+1","floor":28},{"not_picked":["Streamline","Aggregate"],"picked":"Storm+1","floor":31},{"not_picked":["Sunder","Redo+1","Hologram+1"],"picked":"SKIP","floor":35},{"not_picked":["Gash","Cold Snap+1"],"picked":"Blizzard+1","floor":37},{"not_picked":["Streamline","Fission","Undo+1"],"picked":"SKIP","floor":38},{"not_picked":["Rebound","Darkness"],"picked":"Force Field+1","floor":39},{"not_picked":["Compile Driver","Sweeping Beam","Streamline+1"],"picked":"SKIP","floor":40},{"not_picked":["Streamline+1","Rip and Tear","Buffer+1"],"picked":"SKIP","floor":44},{"not_picked":["Melter+1","Sunder+1","Sweeping Beam+1"],"picked":"SKIP","floor":47},{"not_picked":["Blizzard+1","Compile Driver+1","Force Field+1"],"picked":"SKIP","floor":48},{"not_picked":["Beam Cell+1","Compile Driver+1"],"picked":"Aggregate+1","floor":54}],"player_experience":49255,"relics_obtained":[{"floor":9,"key":"Happy Flower"},{"floor":21,"key":"Symbiotic Virus"},{"floor":23,"key":"War Paint"},{"floor":25,"key":"Bag of Preparation"},{"floor":27,"key":"Anchor"},{"floor":39,"key":"Ice Cream"},{"floor":40,"key":"Frozen Egg 2"},{"floor":43,"key":"Shuriken"},{"floor":44,"key":"Molten Egg 2"},{"floor":47,"key":"Darkstone Periapt"},{"floor":54,"key":"Whetstone"}],"event_choices":[{"damage_healed":0,"gold_gain":0,"player_choice":"Success","damage_taken":3,"relics_obtained":["Gremlin Horn"],"max_hp_gain":0,"max_hp_loss":0,"event_name":"Scrap Ooze","floor":3,"gold_loss":0},{"damage_healed":0,"gold_gain":0,"player_choice":"Upgraded","damage_taken":0,"max_hp_gain":0,"max_hp_loss":0,"event_name":"Upgrade Shrine","floor":11,"gold_loss":0,"cards_upgraded":["Glacier"]},{"damage_healed":0,"gold_gain":0,"player_choice":"Ignored","damage_taken":0,"max_hp_gain":0,"max_hp_loss":0,"event_name":"Vampires","floor":20,"gold_loss":0},{"damage_healed":0,"gold_gain":0,"player_choice":"Relic","damage_taken":0,"max_hp_gain":0,"max_hp_loss":0,"event_name":"Wheel of Change","floor":21,"gold_loss":0},{"damage_healed":0,"gold_gain":0,"player_choice":"Embrace Madness","damage_taken":11,"max_hp_gain":0,"max_hp_loss":0,"event_name":"Winding Halls","floor":36,"gold_loss":0,"cards_obtained":["Madness","Madness"]},{"damage_healed":0,"gold_gain":0,"player_choice":"Fight","damage_taken":0,"max_hp_gain":0,"max_hp_loss":0,"event_name":"Mysterious Sphere","floor":39,"gold_loss":0},{"damage_healed":0,"gold_gain":0,"player_choice":"Ignored","damage_taken":0,"max_hp_gain":0,"max_hp_loss":0,"event_name":"Tomb of Lord Red Mask","floor":46,"gold_loss":0}],"is_beta":false,"boss_relics":[{"not_picked":["Eternal Feather","Fusion Hammer"],"picked":"Runic Pyramid"},{"not_picked":["Cursed Key","Empty Cage"],"picked":"FrozenCore"}],"items_purged_floors":[29,53],"is_endless":false,"potions_floor_spawned":[7,8,16,24,25,28,39,44,47,54],"killed_by":"The Heart","ascension_level":1}