{"gold_per_floor":[114,114,127,147,165,165,175,175,230,230,241,296,221,12,12,83,83,95,107,107,107],"floor_reached":21,"playtime":748,"items_purged":["Strike_G"],"score":299,"play_id":"5a7040ff-84fe-4154-8e2a-4bcde852dfaf","local_time":"20190624171318","is_ascension_mode":true,"campfire_choices":[{"data":"Noxious Fumes","floor":6,"key":"SMITH"},{"data":"Neutralize","floor":8,"key":"SMITH"},{"data":"Blade Dance","floor":10,"key":"SMITH"},{"data":"Calculated Gamble","floor":15,"key":"SMITH"}],"neow_cost":"NONE","seed_source_timestamp":280136027444500,"circlet_count":0,"master_deck":["AscendersBane","Defend_G","Defend_G","Defend_G","Defend_G","Defend_G","Strike_G+1","Strike_G","Strike_G","Survivor","Neutralize+1","Dagger Throw+1","Dagger Throw+1","Calculated Gamble+1","Noxious Fumes+1","Blade Dance+1","Dagger Spray","Flying Knee","Leg Sweep","Dagger Throw","Storm of Steel","Masterful Stab+1"],"relics":["Ring of the Snake","NeowsBlessing","Whetstone","Ninja Scroll","Black Star"],"potions_floor_usage":[18,21],"damage_taken":[{"damage":0,"enemies":"Small Slimes","floor":1,"turns":1},{"damage":0,"enemies":"Cultist","floor":3,"turns":1},{"damage":0,"enemies":"2 Louse","floor":4,"turns":1},{"damage":9,"enemies":"Blue Slaver","floor":5,"turns":3},{"damage":5,"enemies":"Red Slaver","floor":7,"turns":4},{"damage":0,"enemies":"2 Fungi Beasts","floor":11,"turns":2},{"damage":20,"enemies":"Gremlin Nob","floor":12,"turns":4},{"damage":19,"enemies":"The Guardian","floor":16,"turns":11},{"damage":11,"enemies":"2 Thieves","floor":18,"turns":4},{"damage":13,"enemies":"Shell Parasite","floor":19,"turns":6},{"damage":13,"enemies":"Snecko","floor":21,"turns":2}],"seed_played":"4151052739081215756","potions_obtained":[{"floor":1,"key":"Explosive Potion"},{"floor":3,"key":"Energy Potion"},{"floor":19,"key":"Energy Potion"}],"is_trial":false,"path_per_floor":["M","?","M","M","M","R","M","R","T","R","M","?","?","$","R","B",null,"M","M","?","M"],"character_chosen":"THE_SILENT","items_purchased":["Leg Sweep","Dagger Throw"],"campfire_rested":0,"item_purchase_floors":[14,14],"current_hp_per_floor":[59,59,59,59,50,50,45,45,45,45,45,25,25,25,25,6,51,40,27,9,0],"gold":107,"neow_bonus":"THREE_ENEMY_KILL","is_prod":false,"is_daily":false,"chose_seed":false,"campfire_upgraded":4,"win_rate":0,"timestamp":1561410798,"path_taken":["M","?","?","?","M","R","M","R","T","R","M","?","?","?","R","BOSS","M","M","?","M"],"build_version":"2019-01-23","purchased_purges":1,"victory":false,"max_hp_per_floor":[66,66,66,66,66,66,66,66,66,66,66,66,66,66,66,66,66,66,66,71,71],"card_choices":[{"not_picked":["Tactician","Underhanded Strike"],"picked":"Dagger Throw","floor":1},{"not_picked":["Bouncing Flask","Dagger Spray"],"picked":"Dagger Throw","floor":3},{"not_picked":["Tactician","Quick Slash"],"picked":"Calculated Gamble","floor":4},{"not_picked":["Acrobatics","Dodge and Roll"],"picked":"Noxious Fumes","floor":5},{"not_picked":["Dodge and Roll","Underhanded Strike"],"picked":"Blade Dance","floor":7},{"not_picked":["Choke","Slice"],"picked":"Dagger Spray","floor":11},{"not_picked":["Outmaneuver","Skewer"],"picked":"Flying Knee","floor":12},{"not_picked":["After Image","Venomology"],"picked":"Storm of Steel","floor":16},{"not_picked":["Sucker Punch","Riddle With Holes","Flechettes"],"picked":"SKIP","floor":18},{"not_picked":["Blade Dance","Sucker Punch"],"picked":"Masterful Stab+1","floor":19}],"player_experience":1353836,"relics_obtained":[{"floor":9,"key":"Whetstone"},{"floor":12,"key":"Ninja Scroll"}],"event_choices":[{"damage_healed":0,"gold_gain":0,"player_choice":"Upgraded","damage_taken":0,"max_hp_gain":0,"max_hp_loss":0,"event_name":"Upgrade Shrine","floor":2,"gold_loss":0,"cards_upgraded":["Dagger Throw"]},{"damage_healed":0,"gold_gain":30,"player_choice":"Searched \u00272\u0027 times","damage_taken":0,"max_hp_gain":0,"max_hp_loss":0,"event_name":"Dead Adventurer","floor":12,"gold_loss":0},{"cards_removed":["Strike_G"],"damage_healed":0,"gold_gain":0,"player_choice":"Card Removal","damage_taken":0,"max_hp_gain":0,"max_hp_loss":0,"event_name":"The Cleric","floor":13,"gold_loss":75},{"damage_healed":0,"gold_gain":0,"player_choice":"Shed Blood","damage_taken":23,"max_hp_gain":5,"max_hp_loss":0,"event_name":"Forgotten Altar","floor":20,"gold_loss":0}],"is_beta":false,"boss_relics":[{"not_picked":["Runic Pyramid","Cursed Key"],"picked":"Black Star"}],"items_purged_floors":[14],"is_endless":false,"potions_floor_spawned":[1,3,4,11,19],"killed_by":"Snecko","ascension_level":15}