{"gold_per_floor":[111,126,138,138,158,158,189,189,189,189,189,223,298,157,157,280,280,295,314,329,128,144,144,185,185,185,200,243,263,263,281,281,405,405,418,79,79,79,104,104,104],"floor_reached":41,"playtime":1921,"items_purged":["Strike_R","Shame"],"score":542,"play_id":"e6ae092e-6964-4c1b-ac6f-79250be78d2d","local_time":"20190418012008","is_ascension_mode":true,"campfire_choices":[{"data":"Whirlwind","floor":6,"key":"SMITH"},{"data":"Bash","floor":8,"key":"SMITH"},{"data":"Inflame","floor":11,"key":"SMITH"},{"data":"Limit Break","floor":15,"key":"SMITH"},{"data":"Armaments","floor":23,"key":"SMITH"},{"floor":30,"key":"REST"},{"data":"Inflame","floor":32,"key":"SMITH"},{"data":"Demon Form","floor":40,"key":"SMITH"}],"neow_cost":"NONE","seed_source_timestamp":362975592527856,"circlet_count":0,"master_deck":["Bash+1","Whirlwind+1","Perfected Strike","Twin Strike","Sword Boomerang","Inflame+1","Headbutt","Limit Break+1","Shrug It Off+1","Inflame+1","Armaments+1","Fiend Fire","Corruption","Pommel Strike","Shrug It Off+1","Metallicize","Thunderclap","Burning Pact+1","Offering","Infernal Blade+1","True Grit+1","Dark Embrace","Demon Form+1","Sword Boomerang","Bludgeon","Perfected Strike","Berserk","Burning Pact","Carnage","Power Through+1"],"relics":["Burning Blood","Golden Idol","Lantern","Meat on the Bone","Gremlin Horn","Sozu","Centennial Puzzle","Question Card","Potion Belt","War Paint","Pandora\u0027s Box","Bottled Tornado"],"potions_floor_usage":[16,28,41],"damage_taken":[{"damage":1,"enemies":"Jaw Worm","floor":1,"turns":3},{"damage":16,"enemies":"2 Louse","floor":2,"turns":3},{"damage":1,"enemies":"Cultist","floor":3,"turns":3},{"damage":13,"enemies":"2 Fungi Beasts","floor":5,"turns":3},{"damage":26,"enemies":"Lagavulin","floor":7,"turns":6},{"damage":9,"enemies":"3 Sentries","floor":12,"turns":3},{"damage":23,"enemies":"Hexaghost","floor":16,"turns":8},{"damage":0,"enemies":"3 Byrds","floor":18,"turns":2},{"damage":25,"enemies":"2 Thieves","floor":19,"turns":3},{"damage":33,"enemies":"Snake Plant","floor":20,"turns":4},{"damage":18,"enemies":"Chosen and Byrds","floor":22,"turns":6},{"damage":0,"enemies":"Gremlin Leader","floor":24,"turns":5},{"damage":12,"enemies":"Centurion and Healer","floor":27,"turns":5},{"damage":40,"enemies":"Slavers","floor":28,"turns":4},{"damage":33,"enemies":"Sentry and Sphere","floor":29,"turns":8},{"damage":8,"enemies":"Chosen and Byrds","floor":31,"turns":3},{"damage":0,"enemies":"Collector","floor":33,"turns":6},{"damage":30,"enemies":"3 Darklings","floor":35,"turns":2},{"damage":31,"enemies":"3 Shapes","floor":39,"turns":4},{"damage":40,"enemies":"Nemesis","floor":41,"turns":3}],"seed_played":"2066898105186306750","potions_obtained":[{"floor":3,"key":"SpeedPotion"},{"floor":5,"key":"BloodPotion"},{"floor":7,"key":"AttackPotion"}],"is_trial":false,"path_per_floor":["M","M","M","?","M","R","E","R","T","?","R","E","?","$","R","B",null,"M","M","M","$","M","R","E","?","T","M","E","M","R","M","R","B",null,"M","$","?","?","M","R","E"],"character_chosen":"IRONCLAD","items_purchased":["Shrug It Off","Inflame","Armaments","Shrug It Off","Metallicize","Bottled Tornado"],"campfire_rested":1,"item_purchase_floors":[14,14,14,21,21,36],"current_hp_per_floor":[80,70,75,74,67,67,47,47,47,40,40,49,38,38,38,33,74,74,55,40,40,40,40,46,46,46,52,37,22,44,54,54,60,74,50,50,50,50,37,37,0],"gold":104,"neow_bonus":"THREE_CARDS","is_prod":false,"is_daily":false,"chose_seed":false,"campfire_upgraded":7,"win_rate":0,"timestamp":1555564808,"path_taken":["M","M","M","?","M","R","E","R","T","?","R","E","?","?","R","BOSS","M","M","?","$","M","R","E","?","T","M","E","M","R","M","R","BOSS","M","$","?","?","M","R","E"],"build_version":"2019-01-23","purchased_purges":2,"victory":false,"max_hp_per_floor":[80,80,80,74,74,74,74,74,74,74,74,74,74,74,74,74,74,74,74,74,74,74,74,74,74,74,74,74,74,74,74,74,74,74,74,74,74,70,70,70,70],"card_choices":[{"not_picked":["Havoc","Headbutt"],"picked":"Whirlwind","floor":0},{"not_picked":["Cleave","Shockwave"],"picked":"Perfected Strike","floor":1},{"not_picked":["Wild Strike","Anger"],"picked":"Twin Strike","floor":2},{"not_picked":["Bloodletting","Warcry"],"picked":"Sword Boomerang","floor":3},{"not_picked":["Iron Wave","Impervious"],"picked":"Inflame","floor":5},{"not_picked":["Rupture","Uppercut"],"picked":"Headbutt","floor":7},{"not_picked":["Twin Strike","Perfected Strike"],"picked":"Limit Break","floor":12},{"not_picked":["Juggernaut","Exhume"],"picked":"Fiend Fire","floor":16},{"not_picked":["Pummel","Warcry","Clash"],"picked":"SKIP","floor":18},{"not_picked":["Sword Boomerang","Cleave"],"picked":"Corruption","floor":19},{"not_picked":["Havoc","Headbutt"],"picked":"Pommel Strike","floor":20},{"not_picked":["Twin Strike","Perfected Strike"],"picked":"Thunderclap","floor":22},{"not_picked":["Rupture","Clothesline"],"picked":"Burning Pact+1","floor":24},{"not_picked":["Combust","Blood for Blood","Cleave"],"picked":"Offering","floor":27},{"not_picked":["Warcry","Body Slam+1","Anger","Sword Boomerang"],"picked":"SKIP","floor":28},{"not_picked":["Sword Boomerang","Iron Wave","Rupture"],"picked":"Infernal Blade+1","floor":29},{"not_picked":["Cleave","Twin Strike","Dual Wield"],"picked":"True Grit+1","floor":31},{"not_picked":["Barricade","Double Tap","Exhume"],"picked":"Dark Embrace","floor":33},{"not_picked":["Pommel Strike+1","Clash","Infernal Blade","Headbutt"],"picked":"SKIP","floor":35},{"not_picked":["Pommel Strike+1","Thunderclap+1","Blood for Blood"],"picked":"Power Through+1","floor":39}],"player_experience":77317,"relics_obtained":[{"floor":7,"key":"Lantern"},{"floor":12,"key":"Gremlin Horn"},{"floor":24,"key":"Centennial Puzzle"},{"floor":26,"key":"Potion Belt"},{"floor":28,"key":"War Paint"}],"event_choices":[{"damage_healed":0,"gold_gain":0,"player_choice":"Lose Max HP","damage_taken":0,"relics_obtained":["Golden Idol"],"max_hp_gain":0,"max_hp_loss":6,"event_name":"Golden Idol","floor":4,"gold_loss":0},{"damage_healed":0,"gold_gain":0,"player_choice":"Success","damage_taken":7,"relics_obtained":["Meat on the Bone"],"max_hp_gain":0,"max_hp_loss":0,"event_name":"Scrap Ooze","floor":10,"gold_loss":0},{"damage_healed":0,"gold_gain":75,"player_choice":"Gather Gold","damage_taken":11,"max_hp_gain":0,"max_hp_loss":0,"event_name":"World of Goop","floor":13,"gold_loss":0},{"damage_healed":0,"gold_gain":0,"player_choice":"Stole Relic","damage_taken":0,"relics_obtained":["Question Card"],"max_hp_gain":0,"max_hp_loss":0,"event_name":"Addict","floor":25,"gold_loss":0,"cards_obtained":["Shame"]},{"cards_removed":["Anger"],"damage_healed":0,"gold_gain":0,"player_choice":"Removed Attack","damage_taken":0,"max_hp_gain":0,"max_hp_loss":0,"event_name":"Falling","floor":37,"gold_loss":0},{"damage_healed":0,"gold_gain":0,"player_choice":"Max HP","damage_taken":0,"max_hp_gain":0,"max_hp_loss":4,"event_name":"Winding Halls","floor":38,"gold_loss":0}],"is_beta":false,"boss_relics":[{"not_picked":["Velvet Choker","Runic Pyramid"],"picked":"Sozu"},{"not_picked":["Runic Cube","Mark of Pain"],"picked":"Pandora\u0027s Box"}],"items_purged_floors":[21,36],"is_endless":false,"potions_floor_spawned":[3,5,7,20,22,24,27],"killed_by":"Nemesis","ascension_level":1}