{"gold_per_floor":[113,132,14,14,28,58,10,44,44,44,58,84,84,74,74,178,178,197,48,48,65,15,15,40,54,54,54,67,67,67,67,67,162,162,179,179,196,207,218,253,253,270,270,270,270,299,311,17,17,17],"floor_reached":51,"playtime":5103,"items_purged":["Strike_G","Regret"],"score":1115,"play_id":"8da4d750-0211-46b2-8e98-2092e94ad27c","local_time":"20190623140621","is_ascension_mode":true,"campfire_choices":[{"data":"Blur","floor":10,"key":"SMITH"},{"floor":15,"key":"REST"},{"data":"Noxious Fumes","floor":23,"key":"SMITH"},{"data":"Catalyst","floor":27,"key":"SMITH"},{"data":"Deadly Poison","floor":29,"key":"SMITH"},{"data":"Dash","floor":32,"key":"SMITH"},{"data":"PiercingWail","floor":41,"key":"SMITH"},{"data":"PiercingWail","floor":44,"key":"SMITH"},{"data":"PiercingWail","floor":47,"key":"SMITH"},{"data":"PiercingWail","floor":49,"key":"SMITH"}],"neow_cost":"NONE","seed_source_timestamp":139959928779619,"circlet_count":0,"master_deck":["Defend_G+1","Defend_G+1","Defend_G+1","Defend_G+1","Defend_G+1","Strike_G+1","Strike_G+1","Strike_G+1","Strike_G+1","Survivor","Neutralize","All Out Attack+1","Noxious Fumes+1","PiercingWail+1","PiercingWail+1","Dash+1","Blur+1","PiercingWail+1","Leg Sweep","Blur","Wraith Form v2+1","Deadly Poison+1","Catalyst+1","Heel Hook+1","Deadly Poison+1","Dagger Throw+1","Distraction","Bullet Time","Backflip+1","Decay","Dodge and Roll+1","Leg Sweep+1","Crippling Poison","Poisoned Stab+1","Regret","Prepared+1","PiercingWail+1"],"relics":["Ring of the Snake","NeowsBlessing","Letter Opener","Pear","Question Card","Ornamental Fan","Snake Skull","Snecko Eye","Anchor","Molten Egg 2","Cursed Key","Strawberry","Orichalcum","Darkstone Periapt","MawBank","Bronze Scales"],"potions_floor_usage":[8,12,16,16,24,24,33,50,50],"damage_taken":[{"damage":0,"enemies":"2 Louse","floor":1,"turns":1},{"damage":0,"enemies":"Cultist","floor":2,"turns":1},{"damage":0,"enemies":"Jaw Worm","floor":5,"turns":1},{"damage":26,"enemies":"Lagavulin","floor":6,"turns":8},{"damage":14,"enemies":"Gremlin Nob","floor":8,"turns":4},{"damage":0,"enemies":"Blue Slaver","floor":11,"turns":4},{"damage":8,"enemies":"Lagavulin","floor":12,"turns":9},{"damage":0,"enemies":"Exordium Thugs","floor":14,"turns":4},{"damage":30,"enemies":"Slime Boss","floor":16,"turns":10},{"damage":0,"enemies":"Chosen","floor":18,"turns":4},{"damage":2,"enemies":"Shell Parasite","floor":21,"turns":4},{"damage":12,"enemies":"Slavers","floor":24,"turns":9},{"damage":0,"enemies":"3 Cultists","floor":25,"turns":5},{"damage":0,"enemies":"Shelled Parasite and Fungi","floor":28,"turns":5},{"damage":5,"enemies":"Collector","floor":33,"turns":6},{"damage":0,"enemies":"3 Darklings","floor":35,"turns":5},{"damage":0,"enemies":"Orb Walker","floor":37,"turns":3},{"damage":0,"enemies":"Transient","floor":38,"turns":5},{"damage":1,"enemies":"Writhing Mass","floor":39,"turns":5},{"damage":9,"enemies":"Nemesis","floor":40,"turns":7},{"damage":0,"enemies":"Jaw Worm Horde","floor":42,"turns":3},{"damage":2,"enemies":"Reptomancer","floor":46,"turns":4},{"damage":35,"enemies":"Awakened One","floor":50,"turns":17}],"seed_played":"-3358479921036226595","potions_obtained":[{"floor":1,"key":"Fire Potion"},{"floor":8,"key":"Block Potion"},{"floor":14,"key":"Regen Potion"},{"floor":18,"key":"Dexterity Potion"},{"floor":25,"key":"EssenceOfSteel"},{"floor":33,"key":"EssenceOfSteel"},{"floor":37,"key":"Fire Potion"},{"floor":40,"key":"Regen Potion"},{"floor":46,"key":"Weak Potion"}],"is_trial":false,"path_per_floor":["M","M","$","?","M","E","$","E","T","R","M","E","?","M","R","B",null,"M","$","?","M","$","R","E","M","T","R","M","R","?","?","R","B",null,"M","?","M","M","M","E","R","M","T","R","T","E","R","$","R","B",null],"character_chosen":"THE_SILENT","items_purchased":["Noxious Fumes","PiercingWail","Explosive Potion","Catalyst","Fire Potion","Bronze Scales","PiercingWail"],"campfire_rested":1,"item_purchase_floors":[3,3,7,19,22,48,48],"current_hp_per_floor":[63,63,63,63,63,37,37,33,33,33,33,25,18,18,42,27,67,67,67,67,65,65,65,53,53,53,53,53,53,79,79,79,74,79,79,79,79,79,78,76,76,76,76,76,76,74,74,74,74,39],"gold":17,"neow_bonus":"THREE_ENEMY_KILL","is_prod":false,"is_daily":false,"chose_seed":false,"campfire_upgraded":9,"win_rate":0,"timestamp":1561313181,"path_taken":["M","M","$","?","?","E","$","E","T","R","M","E","?","M","R","BOSS","M","$","?","M","?","R","E","M","T","R","M","R","?","?","R","BOSS","M","?","?","M","M","E","R","M","T","R","?","E","R","$","R","BOSS"],"build_version":"2019-01-23","purchased_purges":2,"victory":true,"max_hp_per_floor":[70,70,70,70,70,70,70,80,80,80,80,80,80,80,80,80,80,80,80,80,80,80,80,80,80,80,80,80,80,80,80,80,80,80,80,80,80,80,80,87,87,87,87,87,87,87,87,87,87,87],"card_choices":[{"not_picked":["Prepared","Choke"],"picked":"All Out Attack","floor":1},{"not_picked":["Reflex","Bane","Quick Slash"],"picked":"SKIP","floor":2},{"not_picked":["Terror","Acrobatics"],"picked":"PiercingWail","floor":5},{"not_picked":["Deflect","Sucker Punch"],"picked":"Dash","floor":6},{"not_picked":["Quick Slash","Burst"],"picked":"Blur","floor":8},{"not_picked":["Infinite Blades","Poisoned Stab","Acrobatics"],"picked":"PiercingWail","floor":11},{"not_picked":["Phantasmal Killer","Backflip","Accuracy"],"picked":"Leg Sweep","floor":12},{"not_picked":["Blade Dance","Skewer","Flying Knee"],"picked":"Blur","floor":14},{"not_picked":["Adrenaline","Envenom","Night Terror"],"picked":"Wraith Form v2","floor":16},{"not_picked":["Sucker Punch","Blade Dance","Envenom"],"picked":"Deadly Poison+1","floor":18},{"not_picked":["Endless Agony","Outmaneuver","Acrobatics+1"],"picked":"Heel Hook+1","floor":21},{"not_picked":["Dash","Tactician","Deflect+1"],"picked":"Deadly Poison","floor":24},{"not_picked":["Dagger Spray+1","Sucker Punch","Quick Slash"],"picked":"Dagger Throw+1","floor":25},{"not_picked":["After Image","Slice+1","Acrobatics"],"picked":"Distraction","floor":28},{"not_picked":["Burst","Glass Knife+1","Doppelganger"],"picked":"Bullet Time","floor":33},{"not_picked":["Slice+1","Cloak And Dagger+1","Prepared"],"picked":"Backflip+1","floor":35},{"not_picked":["Underhanded Strike+1","Dagger Spray+1","Infinite Blades+1"],"picked":"Dodge and Roll+1","floor":37},{"not_picked":["Riddle With Holes+1","Underhanded Strike+1","Deadly Poison"],"picked":"Leg Sweep+1","floor":38},{"not_picked":["Poisoned Stab+1","Skewer+1","Blade Dance"],"picked":"Crippling Poison","floor":39},{"not_picked":["Eviscerate+1","Underhanded Strike+1","After Image","Infinite Blades+1"],"picked":"SKIP","floor":40},{"not_picked":["Dodge and Roll","Deflect","Acrobatics"],"picked":"Poisoned Stab+1","floor":42},{"not_picked":["Backstab+1","Terror","Eviscerate+1"],"picked":"Prepared+1","floor":46}],"player_experience":617399,"relics_obtained":[{"floor":6,"key":"Letter Opener"},{"floor":8,"key":"Pear"},{"floor":9,"key":"Question Card"},{"floor":12,"key":"Ornamental Fan"},{"floor":24,"key":"Anchor"},{"floor":26,"key":"Molten Egg 2"},{"floor":40,"key":"Strawberry"},{"floor":43,"key":"Orichalcum"},{"floor":45,"key":"Darkstone Periapt"},{"floor":46,"key":"MawBank"}],"event_choices":[{"damage_healed":0,"gold_gain":0,"player_choice":"Upgraded","damage_taken":0,"max_hp_gain":0,"max_hp_loss":0,"event_name":"Upgrade Shrine","floor":4,"gold_loss":0,"cards_upgraded":["All Out Attack"]},{"damage_healed":0,"gold_gain":0,"player_choice":"Success","damage_taken":7,"relics_obtained":["Snake Skull"],"max_hp_gain":0,"max_hp_loss":0,"event_name":"Scrap Ooze","floor":13,"gold_loss":0},{"damage_healed":0,"gold_gain":0,"player_choice":"Forge","damage_taken":0,"max_hp_gain":0,"max_hp_loss":0,"event_name":"Accursed Blacksmith","floor":20,"gold_loss":0,"cards_upgraded":["Wraith Form v2"]},{"damage_healed":26,"gold_gain":0,"player_choice":"Heal","damage_taken":0,"max_hp_gain":0,"max_hp_loss":0,"event_name":"The Library","floor":30,"gold_loss":0},{"damage_healed":0,"gold_gain":0,"player_choice":"Simplicity","damage_taken":0,"max_hp_gain":0,"max_hp_loss":0,"event_name":"Back to Basics","floor":31,"gold_loss":0,"cards_upgraded":["Defend_G","Defend_G","Defend_G","Defend_G","Defend_G","Strike_G","Strike_G","Strike_G","Strike_G"]},{"damage_healed":0,"gold_gain":0,"player_choice":"Cursed","damage_taken":0,"max_hp_gain":0,"max_hp_loss":0,"event_name":"Wheel of Change","floor":36,"gold_loss":0,"cards_obtained":["Decay"]}],"is_beta":false,"boss_relics":[{"not_picked":["Runic Pyramid","Fusion Hammer"],"picked":"Snecko Eye"},{"not_picked":["Sozu","Coffee Dripper"],"picked":"Cursed Key"}],"items_purged_floors":[19,48],"is_endless":false,"potions_floor_spawned":[1,8,14,18,25,33,37,40,46],"ascension_level":8}