{"gold_per_floor":[112,122,139,156,156,156,187,210,210,210,210,46,59,76,76,150,150,161,177,187,187,206,206,240,240,267,293,304,229,256,256,256,334,334,349,360,377,48,0,0,17,17,17,27,27,61,71,85,85,85],"floor_reached":51,"playtime":3375,"items_purged":[],"score":1382,"play_id":"78e6ca1b-8b56-412c-af21-112a799eaf18","local_time":"20190623130432","is_ascension_mode":true,"campfire_choices":[{"data":"Armaments","floor":6,"key":"SMITH"},{"data":"1","floor":10,"key":"LIFT"},{"data":"2","floor":15,"key":"LIFT"},{"data":"3","floor":23,"key":"LIFT"},{"floor":25,"key":"REST"},{"data":"Barricade","floor":32,"key":"SMITH"},{"floor":40,"key":"RECALL"},{"floor":49,"key":"REST"}],"neow_cost":"NONE","seed_source_timestamp":508782219480391,"circlet_count":0,"master_deck":["AscendersBane","Strike_R","Strike_R","Defend_R","Defend_R","Defend_R","Bash","Headbutt","Shrug It Off","Shockwave","Armaments+1","Demon Form","Clothesline","Uppercut","Juggernaut","Heavy Blade","Dual Wield","Exhume","Disarm","Armaments+1","Barricade+1","Offering","Body Slam","Disarm","Whirlwind+1","Infernal Blade","True Grit+1"],"relics":["Burning Blood","Pocketwatch","Odd Mushroom","Girya","Potion Belt","Snecko Eye","Torii","Red Skull","Anchor","Blood Vial","NlothsMask","Fusion Hammer","Charon\u0027s Ashes","Red Mask","Bag of Preparation"],"potions_floor_usage":[7,8,20,20,20,20,33,41,41,41,50,50],"damage_taken":[{"damage":2,"enemies":"Cultist","floor":1,"turns":4},{"damage":11,"enemies":"Jaw Worm","floor":2,"turns":4},{"damage":7,"enemies":"Small Slimes","floor":3,"turns":3},{"damage":0,"enemies":"Looter","floor":4,"turns":4},{"damage":39,"enemies":"Lagavulin","floor":7,"turns":9},{"damage":29,"enemies":"The Mushroom Lair","floor":8,"turns":5},{"damage":12,"enemies":"Exordium Thugs","floor":13,"turns":8},{"damage":0,"enemies":"Blue Slaver","floor":14,"turns":5},{"damage":33,"enemies":"Hexaghost","floor":16,"turns":12},{"damage":0,"enemies":"Chosen","floor":18,"turns":2},{"damage":0,"enemies":"Shell Parasite","floor":19,"turns":2},{"damage":9,"enemies":"3 Cultists","floor":20,"turns":5},{"damage":0,"enemies":"Centurion and Healer","floor":22,"turns":5},{"damage":35,"enemies":"Slavers","floor":24,"turns":5},{"damage":7,"enemies":"Snecko","floor":28,"turns":5},{"damage":2,"enemies":"Book of Stabbing","floor":30,"turns":4},{"damage":34,"enemies":"Collector","floor":33,"turns":6},{"damage":0,"enemies":"Orb Walker","floor":35,"turns":3},{"damage":0,"enemies":"3 Shapes","floor":36,"turns":5},{"damage":18,"enemies":"3 Darklings","floor":37,"turns":7},{"damage":31,"enemies":"Maw","floor":41,"turns":6},{"damage":0,"enemies":"Transient","floor":44,"turns":6},{"damage":52,"enemies":"Reptomancer","floor":46,"turns":4},{"damage":6,"enemies":"Jaw Worm Horde","floor":47,"turns":3},{"damage":0,"enemies":"Spire Growth","floor":48,"turns":2},{"damage":38,"enemies":"Donu and Deca","floor":50,"turns":6}],"seed_played":"2515628634171582801","potions_obtained":[{"floor":1,"key":"BloodPotion"},{"floor":4,"key":"Swift Potion"},{"floor":7,"key":"SteroidPotion"},{"floor":13,"key":"SteroidPotion"},{"floor":14,"key":"PowerPotion"},{"floor":18,"key":"FearPotion"},{"floor":22,"key":"Weak Potion"},{"floor":24,"key":"LiquidBronze"},{"floor":30,"key":"Energy Potion"},{"floor":33,"key":"BloodPotion"},{"floor":35,"key":"Strength Potion"},{"floor":47,"key":"Energy Potion"}],"is_trial":false,"path_per_floor":["M","M","M","M","?","R","E","?","T","R","?","$","M","M","R","B",null,"M","M","M","?","M","R","E","R","T","T","M","?","E","?","R","B",null,"M","M","M","$","?","R","M","$","T","M","$","E","M","M","R","B",null],"character_chosen":"IRONCLAD","items_purchased":["Potion Belt","Charon\u0027s Ashes"],"campfire_rested":2,"item_purchase_floors":[12,38],"current_hp_per_floor":[79,74,73,79,84,84,51,36,36,36,36,36,30,36,36,9,68,74,80,77,77,83,83,54,80,80,80,79,79,83,83,83,57,80,87,87,75,75,75,75,60,60,60,68,68,24,26,34,60,30],"gold":85,"neow_bonus":"TEN_PERCENT_HP_BONUS","is_prod":false,"is_daily":false,"chose_seed":false,"campfire_upgraded":2,"win_rate":0,"timestamp":1561305872,"path_taken":["M","M","?","M","?","R","E","?","T","R","?","$","M","?","R","BOSS","M","M","M","?","M","R","E","R","T","?","M","?","E","?","R","BOSS","M","?","M","$","?","R","M","?","T","M","?","E","M","M","R","BOSS"],"build_version":"2019-01-23","purchased_purges":0,"victory":true,"max_hp_per_floor":[82,82,82,82,87,87,87,87,87,87,87,87,87,87,87,87,87,87,87,87,87,87,87,87,87,87,87,87,87,87,87,87,87,87,87,87,87,87,87,87,87,87,87,87,87,87,87,87,87,87],"card_choices":[{"not_picked":["Thunderclap","Heavy Blade"],"picked":"Headbutt","floor":1},{"not_picked":["Flame Barrier","Perfected Strike"],"picked":"Shrug It Off","floor":2},{"not_picked":["Iron Wave","Ghostly Armor"],"picked":"Shockwave","floor":3},{"not_picked":["Body Slam","True Grit"],"picked":"Armaments","floor":4},{"not_picked":["Searing Blow","Armaments"],"picked":"Demon Form","floor":7},{"not_picked":["Power Through","Carnage"],"picked":"Clothesline","floor":8},{"not_picked":["Body Slam","Flex"],"picked":"Uppercut","floor":13},{"not_picked":["Sword Boomerang","Warcry","Perfected Strike"],"picked":"SKIP","floor":14},{"not_picked":["Berserk","Brutality"],"picked":"Juggernaut","floor":16},{"not_picked":["Thunderclap","Headbutt"],"picked":"Heavy Blade","floor":18},{"not_picked":["True Grit","Iron Wave"],"picked":"Dual Wield","floor":19},{"not_picked":["Flex","Seeing Red","Reckless Charge"],"picked":"SKIP","floor":20},{"not_picked":["Feel No Pain","Corruption","Carnage"],"picked":"SKIP","floor":22},{"not_picked":["Iron Wave+1","Burning Pact"],"picked":"Armaments+1","floor":24},{"not_picked":["Clash","Body Slam","Pommel Strike"],"picked":"SKIP","floor":28},{"not_picked":["Perfected Strike","Havoc+1"],"picked":"Barricade","floor":30},{"not_picked":["Demon Form","Feed"],"picked":"Offering","floor":33},{"not_picked":["Second Wind","Body Slam","Clothesline+1"],"picked":"SKIP","floor":35},{"not_picked":["Second Wind","Clothesline+1"],"picked":"Body Slam","floor":35},{"not_picked":["Pommel Strike+1","Rage+1","Corruption"],"picked":"SKIP","floor":36},{"not_picked":["Perfected Strike","Clothesline+1"],"picked":"Disarm","floor":37},{"not_picked":["Blood for Blood","Clothesline","Dropkick"],"picked":"SKIP","floor":41},{"not_picked":["Twin Strike","Body Slam","Hemokinesis"],"picked":"SKIP","floor":44},{"not_picked":["Cleave","Clash+1"],"picked":"Whirlwind+1","floor":46},{"not_picked":["Clothesline","Flex"],"picked":"Infernal Blade","floor":47},{"not_picked":["Sentinel","Infernal Blade"],"picked":"True Grit+1","floor":48}],"player_experience":1155611,"relics_obtained":[{"floor":7,"key":"Pocketwatch"},{"floor":8,"key":"Odd Mushroom"},{"floor":9,"key":"Girya"},{"floor":24,"key":"Torii"},{"floor":26,"key":"Red Skull"},{"floor":27,"key":"Anchor"},{"floor":30,"key":"Blood Vial"},{"floor":46,"key":"Bag of Preparation"}],"event_choices":[{"damage_healed":0,"gold_gain":0,"player_choice":"Donut","damage_taken":0,"max_hp_gain":5,"max_hp_loss":0,"event_name":"Big Fish","floor":5,"gold_loss":0},{"damage_healed":0,"gold_gain":0,"player_choice":"Fought Mushrooms","damage_taken":0,"max_hp_gain":0,"max_hp_loss":0,"event_name":"Mushrooms","floor":8,"gold_loss":0},{"cards_removed":["Strike_R"],"damage_healed":0,"gold_gain":0,"player_choice":"Offered Basic","damage_taken":0,"max_hp_gain":0,"max_hp_loss":0,"event_name":"Bonfire Elementals","floor":11,"gold_loss":0},{"damage_healed":0,"gold_gain":0,"cards_transformed":["Strike_R","Strike_R"],"player_choice":"Became Test Subject","damage_taken":0,"max_hp_gain":0,"max_hp_loss":0,"event_name":"Drug Dealer","floor":21,"gold_loss":0,"cards_obtained":["Exhume","Disarm"]},{"cards_removed":["Defend_R"],"damage_healed":0,"gold_gain":0,"player_choice":"Gave Gold","damage_taken":0,"max_hp_gain":0,"max_hp_loss":0,"event_name":"Beggar","floor":29,"gold_loss":75},{"damage_healed":0,"gold_gain":0,"player_choice":"Trade","damage_taken":0,"relics_obtained":["NlothsMask"],"max_hp_gain":0,"max_hp_loss":0,"event_name":"FaceTrader","floor":31,"gold_loss":0},{"damage_healed":0,"gold_gain":0,"player_choice":"Paid","damage_taken":0,"relics_obtained":["Red Mask"],"max_hp_gain":0,"max_hp_loss":0,"event_name":"Tomb of Lord Red Mask","floor":39,"gold_loss":48}],"is_beta":false,"boss_relics":[{"not_picked":["Sozu","Cursed Key"],"picked":"Snecko Eye"},{"not_picked":["White Beast Statue","Lizard Tail"],"picked":"Fusion Hammer"}],"items_purged_floors":[],"is_endless":false,"potions_floor_spawned":[1,4,7,13,14,18,22,24,30,33,35,47],"ascension_level":19}