{"gold_per_floor":[116,35,35,49,1,32,32,50,73,73,73,85,85,103,103,199,199,219,232,232,331,66,93,93,70,70,103,123,141,153,167,167,272,272,288,300,300,315,332,332,362,35,35,35,35,50,76,96,96,96],"floor_reached":50,"playtime":7413,"items_purged":["Strike_R","Regret"],"score":671,"play_id":"a0564a44-be17-4e60-b79a-bd5b978ba920","local_time":"20190517123854","is_ascension_mode":true,"campfire_choices":[{"data":"Feed","floor":7.0,"key":"SMITH"},{"data":"Body Slam","floor":10.0,"key":"SMITH"},{"data":"Metallicize","floor":13.0,"key":"SMITH"},{"data":"Flame Barrier","floor":15.0,"key":"SMITH"},{"floor":24.0,"key":"REST"},{"floor":32.0,"key":"REST"},{"floor":40,"key":"REST"},{"floor":45,"key":"REST"},{"floor":49,"key":"REST"}],"neow_cost":"PERCENT_DAMAGE","seed_source_timestamp":0,"circlet_count":0,"master_deck":["Strike_R","Strike_R","Strike_R","Strike_R","Defend_R","Defend_R","Defend_R","Defend_R","Bash","Feed+1","Pommel Strike","Metallicize+1","Body Slam+1","Shrug It Off","Body Slam+1","Ghostly Armor","Iron Wave","Flame Barrier+1","Barricade","Headbutt+1","Flame Barrier","Disarm","Body Slam","Shrug It Off","Iron Wave+1","True Grit+1","Body Slam","Ghostly Armor","Reaper","Decay","Parasite","Shrug It Off+1","Flame Barrier","Armaments","Warcry","Battle Trance","Disarm","Feed","Armaments"],"special_seed":0,"relics":["Burning Blood","Bag of Marbles","Bag of Preparation","Fusion Hammer","Strawberry","Blood Vial","Sundial","Calipers","Calling Bell","Boot","Letter Opener","Ice Cream","Potion Belt","Charon\u0027s Ashes","Oddly Smooth Stone","Kunai","Centennial Puzzle"],"potions_floor_usage":[46,50,50],"damage_taken":[{"damage":5.0,"enemies":"Jaw Worm","floor":1.0,"turns":4.0},{"damage":5.0,"enemies":"Cultist","floor":4.0,"turns":5.0},{"damage":19.0,"enemies":"3 Sentries","floor":6.0,"turns":12.0},{"damage":0.0,"enemies":"2 Louse","floor":8.0,"turns":1.0},{"damage":9.0,"enemies":"2 Fungi Beasts","floor":12.0,"turns":3.0},{"damage":0.0,"enemies":"Exordium Wildlife","floor":14.0,"turns":2.0},{"damage":33.0,"enemies":"Hexaghost","floor":16.0,"turns":14.0},{"damage":14.0,"enemies":"Spheric Guardian","floor":18.0,"turns":5.0},{"damage":0.0,"enemies":"3 Byrds","floor":19.0,"turns":3.0},{"damage":59.0,"enemies":"Slavers","floor":23.0,"turns":8.0},{"damage":5.0,"enemies":"Book of Stabbing","floor":27.0,"turns":7.0},{"damage":10.0,"enemies":"Cultist and Chosen","floor":28.0,"turns":6.0},{"damage":0.0,"enemies":"Chosen and Byrds","floor":29.0,"turns":6.0},{"damage":0.0,"enemies":"Snecko","floor":30.0,"turns":7.0},{"damage":34.0,"enemies":"Sentry and Sphere","floor":31.0,"turns":8.0},{"damage":6.0,"enemies":"Automaton","floor":33.0,"turns":9.0},{"damage":6.0,"enemies":"3 Shapes","floor":35.0,"turns":5.0},{"damage":32.0,"enemies":"3 Darklings","floor":36.0,"turns":9.0},{"damage":47,"enemies":"4 Shapes","floor":38,"turns":7},{"damage":50,"enemies":"Jaw Worm Horde","floor":39,"turns":8},{"damage":35,"enemies":"Nemesis","floor":41,"turns":10},{"damage":31,"enemies":"Sphere and 2 Shapes","floor":46,"turns":6},{"damage":76,"enemies":"Reptomancer","floor":47,"turns":7},{"damage":2,"enemies":"Maw","floor":48,"turns":9},{"damage":101,"enemies":"Donu and Deca","floor":50,"turns":11}],"seed_played":"4967463070274192976","potions_obtained":[{"floor":4.0,"key":"EssenceOfSteel"},{"floor":14.0,"key":"Regen Potion"},{"floor":18.0,"key":"Energy Potion"},{"floor":27.0,"key":"GamblersBrew"},{"floor":28.0,"key":"Dexterity Potion"},{"floor":29.0,"key":"LiquidBronze"},{"floor":30.0,"key":"Swift Potion"},{"floor":38,"key":"Explosive Potion"},{"floor":39,"key":"SpeedPotion"},{"floor":46,"key":"Fruit Juice"},{"floor":47,"key":"Block Potion"}],"is_trial":false,"path_per_floor":["M","$","?","M","$","E","R","M","T","R","?","M","R","M","R","B",null,"M","M","?","?","$","E","R","$","T","E","M","M","M","M","R","B",null,"M","M","?","M","M","R","E","$","T","?","R","M","E","M","R","B"],"character_chosen":"IRONCLAD","items_purchased":["Metallicize","Shrug It Off","Disarm","Strawberry","Shrug It Off","Battle Trance","Oddly Smooth Stone"],"campfire_rested":5,"item_purchase_floors":[2,5,22,22,25,42,42],"current_hp_per_floor":[60,60,60,64,64,54,54,64,64,64,64,65,65,71,71,59,97,93,99,99,99,106,57,90,90,90,93,95,103,115,93,124,124,124,128,102,102,73,35,74,56,56,56,56,96,94,26,32,75,0],"gold":96,"neow_bonus":"THREE_RARE_CARDS","is_prod":false,"is_daily":false,"chose_seed":false,"campfire_upgraded":4,"win_rate":0,"timestamp":1558111134,"path_taken":["M","$","?","M","$","E","R","M","T","R","?","M","R","?","R","BOSS","M","M","?","?","$","E","R","?","T","E","M","M","M","M","R","BOSS","M","?","?","?","M","R","E","$","T","?","R","M","E","M","R","BOSS"],"build_version":"2019-01-23","purchased_purges":2,"victory":false,"max_hp_per_floor":[83,83,83,86,86,89,89,93,93,93,93,97,97,97,97,97,97,101,101,101,101,108,112,112,112,112,112,116,116,120,124,124,124,124,128,128,128,128,132,132,136,136,136,136,136,145,145,145,145,145],"card_choices":[{"not_picked":["Barricade","Berserk"],"picked":"Feed","floor":0.0},{"not_picked":["Clothesline","Rupture"],"picked":"Pommel Strike","floor":1.0},{"not_picked":["Armaments","Cleave"],"picked":"Body Slam","floor":4.0},{"not_picked":["Cleave","Reckless Charge"],"picked":"Body Slam","floor":6.0},{"not_picked":["Anger","Rupture"],"picked":"Ghostly Armor","floor":8.0},{"not_picked":["Pummel","Sword Boomerang"],"picked":"Iron Wave","floor":12.0},{"not_picked":["Whirlwind","Hemokinesis"],"picked":"Flame Barrier","floor":14.0},{"not_picked":["Bludgeon","Impervious"],"picked":"Barricade","floor":16.0},{"not_picked":["Clothesline+1","Feel No Pain"],"picked":"Headbutt+1","floor":18.0},{"not_picked":["Anger+1","Blood for Blood","Sword Boomerang"],"picked":"SKIP","floor":19.0},{"not_picked":["Blood for Blood+1","Rage+1"],"picked":"Body Slam","floor":23.0},{"not_picked":["Second Wind","Infernal Blade"],"picked":"Iron Wave+1","floor":27.0},{"not_picked":["Spot Weakness","Disarm"],"picked":"True Grit+1","floor":28.0},{"not_picked":["Intimidate+1","Entrench+1"],"picked":"Body Slam","floor":29.0},{"not_picked":["Anger+1","Wild Strike","Limit Break"],"picked":"SKIP","floor":30.0},{"not_picked":["Clash","Heavy Blade"],"picked":"Ghostly Armor","floor":31.0},{"not_picked":["Barricade","Fiend Fire"],"picked":"Reaper","floor":33.0},{"not_picked":["Anger","Blood for Blood+1"],"picked":"Shrug It Off+1","floor":35.0},{"not_picked":["Heavy Blade","Thunderclap+1"],"picked":"Flame Barrier","floor":36.0},{"not_picked":["Clash","Headbutt"],"picked":"Armaments","floor":38},{"not_picked":["Rupture+1","Perfected Strike+1"],"picked":"Warcry","floor":39},{"not_picked":["Thunderclap","Perfected Strike+1","Sever Soul"],"picked":"SKIP","floor":41},{"not_picked":["Whirlwind","Inflame"],"picked":"Disarm","floor":46},{"not_picked":["Infernal Blade","Rampage"],"picked":"Feed","floor":47},{"not_picked":["Havoc","Infernal Blade"],"picked":"Armaments","floor":48}],"player_experience":24154,"relics_obtained":[{"floor":6.0,"key":"Bag of Marbles"},{"floor":9.0,"key":"Bag of Preparation"},{"floor":23.0,"key":"Blood Vial"},{"floor":26.0,"key":"Sundial"},{"floor":27.0,"key":"Calipers"},{"floor":34.0,"key":"Boot"},{"floor":34.0,"key":"Letter Opener"},{"floor":34.0,"key":"Ice Cream"},{"floor":41,"key":"Charon\u0027s Ashes"},{"floor":43,"key":"Kunai"},{"floor":47,"key":"Centennial Puzzle"}],"event_choices":[{"damage_healed":0.0,"max_hp_gain":0.0,"max_hp_loss":0.0,"gold_gain":0.0,"event_name":"The Cleric","player_choice":"Leave","floor":3.0,"gold_loss":0.0,"damage_taken":0.0},{"damage_healed":0.0,"max_hp_gain":0.0,"max_hp_loss":0.0,"gold_gain":0.0,"event_name":"Accursed Blacksmith","player_choice":"Forge","floor":11.0,"gold_loss":0.0,"damage_taken":0.0,"cards_upgraded":["Body Slam"]},{"damage_healed":0.0,"max_hp_gain":0.0,"max_hp_loss":0.0,"gold_gain":0.0,"event_name":"The Library","player_choice":"Read","floor":20.0,"gold_loss":0.0,"damage_taken":0.0,"cards_obtained":["Flame Barrier"]},{"damage_healed":0.0,"max_hp_gain":0.0,"max_hp_loss":0.0,"gold_gain":99.0,"event_name":"Nest","player_choice":"Stole From Cult","floor":21.0,"gold_loss":0.0,"damage_taken":0.0},{"damage_healed":0,"gold_gain":0,"player_choice":"Gave Potion","damage_taken":0,"relics_obtained":["Potion Belt"],"max_hp_gain":0,"max_hp_loss":0,"event_name":"WeMeetAgain","floor":37,"gold_loss":0},{"damage_healed":0,"gold_gain":0,"player_choice":"Ignored","damage_taken":0,"max_hp_gain":0,"max_hp_loss":0,"event_name":"The Moai Head","floor":44,"gold_loss":0}],"is_beta":false,"boss_relics":[{"not_picked":["Cursed Key","Runic Dome"],"picked":"Fusion Hammer"},{"not_picked":["Black Blood","Sozu"],"picked":"Calling Bell"}],"items_purged_floors":[22,42],"is_endless":false,"potions_floor_spawned":[4,14,18,27,28,29,30,38,39,46,47],"killed_by":"Donu and Deca","ascension_level":1}