{"gold_per_floor":[116,116,134,144,144,177,187,217,243,258,258,45,58,8,8,107,107,124,142,142,22,36,36],"floor_reached":23,"playtime":812,"items_purged":["Strike_B","Strike_B","Strike_B"],"score":274,"play_id":"0e30ea85-b616-4290-9ccd-02c0dd909fff","local_time":"20190627151349","is_ascension_mode":true,"campfire_choices":[{"floor":11,"key":"REST"},{"floor":15,"key":"REST"}],"neow_cost":"NONE","seed_source_timestamp":308861802248712,"circlet_count":0,"master_deck":["Defend_B","Defend_B","Defend_B","Defend_B","Zap","Dualcast","Chaos","Decay","Streamline","Fusion","Rip and Tear","Ball Lightning","Darkness","Compile Driver","Core Surge","Conserve Battery","Electrodynamics","Steam+1","Rainbow","Self Repair"],"relics":["Cracked Core","NeowsBlessing","Pocketwatch","Smiling Mask","Bag of Marbles","Happy Flower","Runic Pyramid"],"potions_floor_usage":[7,10,10,10,22,22],"damage_taken":[{"damage":0,"enemies":"Small Slimes","floor":1,"turns":1},{"damage":0,"enemies":"Cultist","floor":3,"turns":1},{"damage":0,"enemies":"Jaw Worm","floor":4,"turns":1},{"damage":40,"enemies":"Lagavulin","floor":6,"turns":7},{"damage":7,"enemies":"Gremlin Gang","floor":7,"turns":3},{"damage":10,"enemies":"Gremlin Nob","floor":8,"turns":3},{"damage":43,"enemies":"Exordium Wildlife","floor":10,"turns":7},{"damage":1,"enemies":"3 Louse","floor":13,"turns":3},{"damage":21,"enemies":"The Guardian","floor":16,"turns":8},{"damage":1,"enemies":"Spheric Guardian","floor":18,"turns":3},{"damage":36,"enemies":"2 Thieves","floor":19,"turns":3},{"damage":13,"enemies":"Shelled Parasite and Fungi","floor":22,"turns":3},{"damage":15,"enemies":"Gremlin Leader","floor":23,"turns":2}],"seed_played":"-348413619442270824","potions_obtained":[{"floor":1,"key":"Poison Potion"},{"floor":3,"key":"Regen Potion"},{"floor":6,"key":"Regen Potion"},{"floor":8,"key":"EssenceOfSteel"},{"floor":18,"key":"Explosive Potion"},{"floor":19,"key":"FearPotion"}],"is_trial":false,"path_per_floor":["M","?","M","M","T","E","M","E","T","M","R","$","M","$","R","B",null,"M","M","?","$","M","E"],"character_chosen":"DEFECT","items_purchased":["Core Surge","Conserve Battery","Fire Potion","Self Repair"],"campfire_rested":2,"item_purchase_floors":[12,12,12,21],"current_hp_per_floor":[68,68,68,68,68,28,21,11,11,13,35,35,34,34,56,35,65,64,28,28,28,15,0],"gold":36,"neow_bonus":"THREE_ENEMY_KILL","is_prod":false,"is_daily":false,"chose_seed":false,"campfire_upgraded":0,"win_rate":0,"timestamp":1561662829,"path_taken":["M","?","M","?","?","E","?","E","T","M","R","$","M","$","R","BOSS","M","?","?","$","M","E"],"build_version":"2019-01-23","purchased_purges":3,"victory":false,"max_hp_per_floor":[75,75,75,75,75,75,75,75,75,75,75,75,75,75,75,75,75,75,75,75,75,75,75],"card_choices":[{"not_picked":["Tempest","Turbo"],"picked":"Chaos","floor":1},{"not_picked":["Barrage","Recycle"],"picked":"Streamline","floor":3},{"not_picked":["Hologram","Lockon"],"picked":"Fusion","floor":4},{"not_picked":["Static Discharge","Darkness"],"picked":"Rip and Tear","floor":6},{"not_picked":["Force Field","Gash"],"picked":"Ball Lightning","floor":7},{"not_picked":["Go for the Eyes","Capacitor"],"picked":"Darkness","floor":8},{"not_picked":["Rebound","Blizzard"],"picked":"Compile Driver","floor":10},{"not_picked":["Hologram","Turbo","Darkness"],"picked":"SKIP","floor":13},{"not_picked":["Amplify","Seek"],"picked":"Electrodynamics","floor":16},{"not_picked":["Darkness","Gash"],"picked":"Steam+1","floor":18},{"not_picked":["Fusion","Aggregate","Gash"],"picked":"SKIP","floor":19},{"not_picked":["Beam Cell","Chaos","Reprogram"],"picked":"SKIP","floor":22}],"player_experience":188748,"relics_obtained":[{"floor":5,"key":"Pocketwatch"},{"floor":6,"key":"Smiling Mask"},{"floor":8,"key":"Bag of Marbles"},{"floor":9,"key":"Happy Flower"}],"event_choices":[{"damage_healed":0,"gold_gain":0,"player_choice":"Cursed","damage_taken":0,"max_hp_gain":0,"max_hp_loss":0,"event_name":"Wheel of Change","floor":2,"gold_loss":0,"cards_obtained":["Decay"]},{"damage_healed":0,"gold_gain":0,"cards_transformed":["Strike_B"],"player_choice":"Transformed","damage_taken":0,"max_hp_gain":0,"max_hp_loss":0,"event_name":"Transmorgrifier","floor":20,"gold_loss":0,"cards_obtained":["Rainbow"]}],"is_beta":false,"boss_relics":[{"not_picked":["Astrolabe","Runic Dome"],"picked":"Runic Pyramid"}],"items_purged_floors":[12,14,21],"is_endless":false,"potions_floor_spawned":[1,3,6,8,18,19],"killed_by":"Gremlin Leader","ascension_level":7}