{"gold_per_floor":[115,40,51,1,1,1,34,34,34,34,34,68,30,61,61,61],"floor_reached":16,"playtime":421,"items_purged":["Strike_G"],"score":243,"play_id":"70847f8c-73fc-46c5-ac97-100c239def7c","local_time":"20190624163751","is_ascension_mode":true,"campfire_choices":[{"data":"Neutralize","floor":6,"key":"SMITH"},{"data":"Dagger Spray","floor":8,"key":"SMITH"},{"data":"Footwork","floor":15,"key":"SMITH"}],"neow_cost":"NONE","seed_source_timestamp":278337169325999,"circlet_count":0,"master_deck":["AscendersBane","Defend_G","Defend_G","Defend_G","Defend_G","Defend_G","Strike_G","Strike_G","Strike_G","Survivor","Neutralize+1","Backflip","Sucker Punch+1","Dagger Spray+1","Crippling Poison","Footwork+1","PiercingWail"],"relics":["Ring of the Snake","NeowsBlessing","Du-Vu Doll","PreservedInsect","Juzu Bracelet","Snake Skull"],"potions_floor_usage":[12,14,16],"damage_taken":[{"damage":0,"enemies":"Cultist","floor":1,"turns":1},{"damage":0,"enemies":"Jaw Worm","floor":3,"turns":1},{"damage":0,"enemies":"Gremlin Nob","floor":7,"turns":1},{"damage":5,"enemies":"3 Sentries","floor":12,"turns":4},{"damage":1,"enemies":"Gremlin Nob","floor":14,"turns":4},{"damage":47,"enemies":"Hexaghost","floor":16,"turns":16}],"seed_played":"-4672370260162197532","potions_obtained":[{"floor":7,"key":"Energy Potion"},{"floor":12,"key":"FearPotion"}],"is_trial":false,"path_per_floor":["M","$","M","$","?","R","E","R","T","?","$","E","$","E","R","B"],"character_chosen":"THE_SILENT","items_purchased":["Explosive Potion","Footwork"],"campfire_rested":0,"item_purchase_floors":[4,13],"current_hp_per_floor":[59,59,59,59,59,59,59,59,59,52,52,47,47,46,46,0],"gold":61,"neow_bonus":"THREE_ENEMY_KILL","is_prod":false,"is_daily":false,"chose_seed":false,"campfire_upgraded":3,"win_rate":0,"timestamp":1561408671,"path_taken":["M","$","M","?","?","R","E","R","T","?","$","E","?","E","R","BOSS"],"build_version":"2019-01-23","purchased_purges":1,"victory":false,"max_hp_per_floor":[66,66,66,66,66,66,66,66,66,66,66,66,66,66,66,66],"card_choices":[{"not_picked":["Flying Knee","Acrobatics"],"picked":"Backflip","floor":1},{"not_picked":["Underhanded Strike","Cloak And Dagger"],"picked":"Sucker Punch","floor":3},{"not_picked":["Well Laid Plans","Bullet Time"],"picked":"Dagger Spray","floor":7},{"not_picked":["Cloak And Dagger","Backstab"],"picked":"Crippling Poison","floor":12},{"not_picked":["Blade Dance","Slice"],"picked":"PiercingWail","floor":14}],"player_experience":1352076,"relics_obtained":[{"floor":7,"key":"Du-Vu Doll"},{"floor":9,"key":"PreservedInsect"},{"floor":12,"key":"Juzu Bracelet"},{"floor":14,"key":"Snake Skull"}],"event_choices":[{"damage_healed":0,"gold_gain":0,"player_choice":"Grow","damage_taken":0,"max_hp_gain":0,"max_hp_loss":0,"event_name":"Living Wall","floor":5,"gold_loss":0,"cards_upgraded":["Sucker Punch"]},{"cards_removed":["Strike_G"],"damage_healed":0,"gold_gain":0,"player_choice":"Card Removal","damage_taken":7,"max_hp_gain":0,"max_hp_loss":0,"event_name":"Golden Wing","floor":10,"gold_loss":0}],"is_beta":false,"boss_relics":[],"items_purged_floors":[2],"is_endless":false,"potions_floor_spawned":[7,12],"killed_by":"Hexaghost","ascension_level":15}