{"gold_per_floor":[119,133,152,40,50,50,80,93,93,93,39,39,52,70,70,147,147,163,54,66,91,91,91,91,103,126,126,156,99,133,144,144,215,215,230,249,70,70,292,324,324,324,324,182,201,201,201,217,217,217],"floor_reached":51,"playtime":2665,"items_purged":["Strike_G","Doubt"],"score":1435,"play_id":"012a3441-7cd2-4e50-a392-0ec3776376b0","local_time":"20190625150836","is_ascension_mode":true,"campfire_choices":[{"data":"Setup","floor":6,"key":"SMITH"},{"data":"Die Die Die","floor":10,"key":"SMITH"},{"floor":15,"key":"REST"},{"floor":23,"key":"REST"},{"floor":27,"key":"REST"},{"floor":32,"key":"REST"},{"floor":46,"key":"REST"},{"floor":47,"key":"REST"},{"floor":49,"key":"REST"}],"neow_cost":"NONE","seed_source_timestamp":18215867293900,"circlet_count":0,"master_deck":["AscendersBane","Survivor","Neutralize","Deadly Poison","Blade Dance","Leg Sweep","Setup+1","Die Die Die+1","Footwork","Sucker Punch","Quick Slash","Backflip","Corpse Explosion","Unload","Adrenaline","Adrenaline","Night Terror","Flechettes+1","Escape Plan","Cloak And Dagger","Bouncing Flask","Bane","PiercingWail","Footwork","Quick Slash+1","Backflip","Well Laid Plans","Backflip","Adrenaline","Blade Dance+1","Bouncing Flask+1","Apotheosis","Expertise","Crippling Poison","Bane"],"relics":["Ring of the Snake","NeowsBlessing","Bottled Flame","Bronze Scales","Pandora\u0027s Box","Red Mask","PreservedInsect","Mummified Hand","StoneCalendar","Sozu","WingedGreaves","Dodecahedron"],"potions_floor_usage":[7,8,16,16,21,24,24,30,30],"damage_taken":[{"damage":0,"enemies":"Small Slimes","floor":1,"turns":1},{"damage":0,"enemies":"2 Louse","floor":2,"turns":1},{"damage":0,"enemies":"Cultist","floor":3,"turns":1},{"damage":7,"enemies":"2 Fungi Beasts","floor":5,"turns":5},{"damage":39,"enemies":"Lagavulin","floor":7,"turns":9},{"damage":2,"enemies":"Exordium Wildlife","floor":8,"turns":4},{"damage":0,"enemies":"Red Slaver","floor":13,"turns":3},{"damage":0,"enemies":"2 Fungi Beasts","floor":14,"turns":2},{"damage":9,"enemies":"The Guardian","floor":16,"turns":14},{"damage":1,"enemies":"Spheric Guardian","floor":18,"turns":3},{"damage":3,"enemies":"3 Byrds","floor":20,"turns":3},{"damage":13,"enemies":"Masked Bandits","floor":21,"turns":3},{"damage":11,"enemies":"Book of Stabbing","floor":24,"turns":4},{"damage":0,"enemies":"Snecko","floor":25,"turns":3},{"damage":28,"enemies":"Gremlin Leader","floor":28,"turns":7},{"damage":0,"enemies":"Slavers","floor":30,"turns":1},{"damage":5,"enemies":"Cultist and Chosen","floor":31,"turns":5},{"damage":39,"enemies":"Automaton","floor":33,"turns":11},{"damage":0,"enemies":"3 Darklings","floor":35,"turns":3},{"damage":18,"enemies":"3 Shapes","floor":36,"turns":4},{"damage":1,"enemies":"Reptomancer","floor":40,"turns":5},{"damage":32,"enemies":"Spire Growth","floor":45,"turns":5},{"damage":6,"enemies":"Jaw Worm Horde","floor":48,"turns":2},{"damage":60,"enemies":"Donu and Deca","floor":50,"turns":7}],"seed_played":"2526258158080326892","potions_obtained":[{"floor":2,"key":"LiquidBronze"},{"floor":7,"key":"Block Potion"},{"floor":13,"key":"Dexterity Potion"},{"floor":16,"key":"AttackPotion"},{"floor":21,"key":"GhostInAJar"},{"floor":28,"key":"Explosive Potion"}],"is_trial":false,"path_per_floor":["M","M","M","$","M","R","E","M","T","R","$","?","M","M","R","B",null,"M","$","M","?","?","R","E","M","T","R","E","$","E","M","R","B",null,"M","M","$","?","?","E","$","?","T","$","M","R","R","M","R","B",null],"character_chosen":"THE_SILENT","items_purchased":["Setup","Strength Potion","SmokeBomb","FearPotion","Apotheosis","Expertise"],"campfire_rested":7,"item_purchase_floors":[4,11,19,29,37,44],"current_hp_per_floor":[59,59,59,59,52,52,13,11,11,11,11,11,11,11,30,21,55,54,54,51,38,38,57,46,46,46,65,37,37,37,32,51,12,53,53,35,35,35,35,34,34,63,63,63,31,49,63,57,63,3],"gold":217,"neow_bonus":"THREE_ENEMY_KILL","is_prod":false,"is_daily":false,"chose_seed":false,"campfire_upgraded":2,"win_rate":0,"timestamp":1561489716,"path_taken":["M","M","M","$","M","R","E","M","T","R","$","?","M","M","R","BOSS","M","$","M","?","?","R","E","M","T","R","E","$","E","M","R","BOSS","M","M","$","?","?","E","$","?","T","$","?","R","R","M","R","BOSS"],"build_version":"2019-01-23","purchased_purges":2,"victory":true,"max_hp_per_floor":[66,66,66,66,66,66,66,66,66,66,66,66,66,66,66,66,66,66,66,66,66,66,66,66,66,66,66,66,66,66,66,66,66,66,66,66,66,63,63,63,63,63,63,63,63,63,63,63,63,63],"card_choices":[{"not_picked":["Quick Slash","Outmaneuver"],"picked":"Deadly Poison","floor":1},{"not_picked":["Deflect","Predator"],"picked":"Blade Dance","floor":2},{"not_picked":["Sucker Punch","Dodge and Roll"],"picked":"Leg Sweep","floor":3},{"not_picked":["Bane","Cloak And Dagger"],"picked":"Die Die Die","floor":5},{"not_picked":["PiercingWail","Flying Knee"],"picked":"Footwork","floor":7},{"not_picked":["Poisoned Stab","Flying Knee"],"picked":"Sucker Punch","floor":8},{"not_picked":["Poisoned Stab","Slice"],"picked":"Quick Slash","floor":13},{"not_picked":["Tactician","Flying Knee"],"picked":"Backflip","floor":14},{"not_picked":["Burst","Tools of the Trade"],"picked":"Corpse Explosion","floor":16},{"not_picked":["Slice","Underhanded Strike"],"picked":"PiercingWail","floor":18},{"not_picked":["Finisher","Dash"],"picked":"Footwork","floor":20},{"not_picked":["Terror","Distraction"],"picked":"Quick Slash+1","floor":21},{"not_picked":["Dagger Throw","Acrobatics"],"picked":"Backflip","floor":25},{"not_picked":["Deadly Poison","All Out Attack"],"picked":"Well Laid Plans","floor":28},{"not_picked":["Phantasmal Killer","Acrobatics","Predator"],"picked":"SKIP","floor":30},{"not_picked":["Cloak And Dagger","Deadly Poison"],"picked":"Backflip","floor":31},{"not_picked":["Bullet Time","Grand Finale"],"picked":"Adrenaline","floor":33},{"not_picked":["Poisoned Stab","Infinite Blades+1"],"picked":"Blade Dance+1","floor":35},{"not_picked":["All Out Attack","PiercingWail"],"picked":"Bouncing Flask+1","floor":36},{"not_picked":["Bane","Reflex","Dash"],"picked":"SKIP","floor":40},{"not_picked":["Distraction","Expertise"],"picked":"Crippling Poison","floor":45},{"not_picked":["Deadly Poison","Acrobatics"],"picked":"Bane","floor":48}],"player_experience":1409529,"relics_obtained":[{"floor":7,"key":"Bottled Flame"},{"floor":9,"key":"Bronze Scales"},{"floor":21,"key":"Red Mask"},{"floor":26,"key":"PreservedInsect"},{"floor":28,"key":"Mummified Hand"},{"floor":30,"key":"StoneCalendar"},{"floor":40,"key":"WingedGreaves"},{"floor":43,"key":"Dodecahedron"}],"event_choices":[{"damage_healed":0,"gold_gain":0,"player_choice":"Fled","damage_taken":0,"max_hp_gain":0,"max_hp_loss":0,"event_name":"Scrap Ooze","floor":12,"gold_loss":0},{"damage_healed":0,"gold_gain":0,"player_choice":"Fought Bandits","damage_taken":0,"max_hp_gain":0,"max_hp_loss":0,"event_name":"Masked Bandits","floor":21,"gold_loss":0},{"damage_healed":0,"gold_gain":0,"player_choice":"Upgraded","damage_taken":0,"max_hp_gain":0,"max_hp_loss":0,"event_name":"Upgrade Shrine","floor":22,"gold_loss":0,"cards_upgraded":["Flechettes"]},{"damage_healed":0,"gold_gain":0,"player_choice":"Max HP","damage_taken":0,"max_hp_gain":0,"max_hp_loss":3,"event_name":"Winding Halls","floor":38,"gold_loss":0},{"damage_healed":0,"gold_gain":222,"player_choice":"Wore Mask","damage_taken":0,"max_hp_gain":0,"max_hp_loss":0,"event_name":"Tomb of Lord Red Mask","floor":39,"gold_loss":0},{"damage_healed":29,"gold_gain":0,"player_choice":"Heal","damage_taken":0,"max_hp_gain":0,"max_hp_loss":0,"event_name":"MindBloom","floor":42,"gold_loss":0,"cards_obtained":["Doubt"]}],"is_beta":false,"boss_relics":[{"not_picked":["Fusion Hammer","Lizard Tail"],"picked":"Pandora\u0027s Box"},{"not_picked":["Runic Dome","White Beast Statue"],"picked":"Sozu"}],"items_purged_floors":[4,44],"is_endless":false,"potions_floor_spawned":[2,7,13,16,20,21,24,28,36],"ascension_level":17}