{"gold_per_floor":[109,59,59,74,88,116,116,12,85,85,134,134,134,172,172,292,292,315,186,211,236,236,279,279,295,350,394,493,245,245,260,260,385,385,406,406,470,490,823,854,854,13,13,113,123,135,160,171,171,171],"floor_reached":50,"playtime":2807,"items_purged":["Strike_G","Strike_G+1"],"score":767,"play_id":"5718c745-fc6f-428d-a280-7854e7a81b39","local_time":"20190619184840","is_ascension_mode":true,"campfire_choices":[{"data":"Noxious Fumes","floor":7,"key":"SMITH"},{"data":"Well Laid Plans","floor":10,"key":"SMITH"},{"data":"Poisoned Stab","floor":13,"key":"SMITH"},{"data":"Quick Slash","floor":15,"key":"SMITH"},{"data":"Wraith Form v2","floor":24,"key":"SMITH"},{"data":"Night Terror","floor":32,"key":"SMITH"},{"data":"Cloak And Dagger","floor":41,"key":"SMITH"},{"floor":49,"key":"REST"}],"neow_cost":"NONE","seed_source_timestamp":9831736322063,"circlet_count":0,"master_deck":["Defend_G+1","Defend_G+1","Defend_G+1","Defend_G+1","Defend_G+1","Survivor+1","Neutralize+1","Quick Slash+1","Poisoned Stab","Noxious Fumes+1","Well Laid Plans+1","Poisoned Stab+1","Malaise","Deadly Poison+1","Cloak And Dagger+1","PiercingWail","Blade Dance+1","Wraith Form v2+1","Night Terror+1","Burst","Venomology+1","Riddle With Holes+1","Burst+1","Well Laid Plans+1","Caltrops+1","PiercingWail","Backflip","PiercingWail","Noxious Fumes","Footwork+1","Catalyst"],"relics":["Ring of the Snake","Orichalcum","War Paint","Bottled Flame","Bag of Marbles","Kunai","Sozu","Mercury Hourglass","Pen Nib","Vajra","PreservedInsect","Sundial","Astrolabe","Unceasing Top","Tingsha","Pear","Shovel","Strange Spoon","Centennial Puzzle"],"potions_floor_usage":[6],"damage_taken":[{"damage":5,"enemies":"Jaw Worm","floor":1,"turns":6},{"damage":0,"enemies":"Small Slimes","floor":4,"turns":3},{"damage":0,"enemies":"Cultist","floor":5,"turns":3},{"damage":13,"enemies":"3 Sentries","floor":6,"turns":10},{"damage":0,"enemies":"Gremlin Nob","floor":14,"turns":3},{"damage":14,"enemies":"Slime Boss","floor":16,"turns":11},{"damage":3,"enemies":"Shell Parasite","floor":18,"turns":4},{"damage":0,"enemies":"Spheric Guardian","floor":20,"turns":3},{"damage":0,"enemies":"3 Cultists","floor":21,"turns":6},{"damage":3,"enemies":"Gremlin Leader","floor":23,"turns":6},{"damage":1,"enemies":"Centurion and Healer","floor":25,"turns":5},{"damage":1,"enemies":"Book of Stabbing","floor":27,"turns":5},{"damage":0,"enemies":"Chosen and Byrds","floor":31,"turns":5},{"damage":27,"enemies":"Champ","floor":33,"turns":9},{"damage":11,"enemies":"3 Darklings","floor":35,"turns":5},{"damage":8,"enemies":"2 Orb Walkers","floor":37,"turns":5},{"damage":4,"enemies":"3 Shapes","floor":38,"turns":7},{"damage":3,"enemies":"Giant Head","floor":40,"turns":8},{"damage":0,"enemies":"Sphere and 2 Shapes","floor":45,"turns":5},{"damage":18,"enemies":"Spire Growth","floor":46,"turns":5},{"damage":12,"enemies":"Nemesis","floor":47,"turns":7},{"damage":6,"enemies":"4 Shapes","floor":48,"turns":6},{"damage":27,"enemies":"Time Eater","floor":50,"turns":4}],"seed_played":"5819405912024104875","potions_obtained":[{"floor":5,"key":"Swift Potion"},{"floor":14,"key":"Strength Potion"}],"is_trial":false,"path_per_floor":["M","?","?","M","M","E","R","$","T","R","T","?","R","E","R","B",null,"M","$","M","M","?","E","R","M","T","E","?","$","?","M","R","B",null,"M","?","?","M","?","E","R","$","T","?","M","M","E","M","R","B"],"character_chosen":"THE_SILENT","items_purchased":["Well Laid Plans","Poisoned Stab","Cloak And Dagger","PreservedInsect","Backflip","Pear","Shovel","Strange Spoon","PiercingWail"],"campfire_rested":1,"item_purchase_floors":[8,8,19,29,42,42,42,42,42],"current_hp_per_floor":[58,58,58,58,58,45,45,45,45,45,45,45,45,45,45,31,57,54,54,54,54,54,51,51,50,50,49,49,49,49,49,49,22,54,43,43,35,31,31,28,28,38,38,38,38,20,8,2,24,0],"gold":171,"neow_bonus":"RANDOM_COMMON_RELIC","is_prod":false,"is_daily":false,"chose_seed":false,"campfire_upgraded":7,"win_rate":0,"timestamp":1560984520,"path_taken":["M","?","?","M","?","E","R","$","T","R","?","?","R","E","R","BOSS","M","$","M","M","?","E","R","M","T","E","?","$","?","M","R","BOSS","M","?","?","M","?","E","R","$","T","?","?","M","E","M","R","BOSS"],"build_version":"2019-01-23","purchased_purges":2,"victory":false,"max_hp_per_floor":[70,70,70,70,70,70,70,70,70,70,70,65,65,65,65,65,65,65,65,65,65,65,65,65,65,65,65,65,65,65,65,65,65,65,65,65,65,65,65,65,65,75,75,75,75,75,75,75,75,75],"card_choices":[{"not_picked":["Prepared","Acrobatics"],"picked":"Quick Slash","floor":1},{"not_picked":["Dodge and Roll","A Thousand Cuts"],"picked":"Poisoned Stab","floor":4},{"not_picked":["Blade Dance","Accuracy"],"picked":"Noxious Fumes","floor":5},{"not_picked":["Outmaneuver","Acrobatics","Blade Dance"],"picked":"SKIP","floor":6},{"not_picked":["All Out Attack","Setup","Accuracy"],"picked":"SKIP","floor":14},{"not_picked":["Storm of Steel","Tools of the Trade"],"picked":"Malaise","floor":16},{"not_picked":["Slice+1","Reflex+1"],"picked":"Deadly Poison+1","floor":18},{"not_picked":["Prepared","Underhanded Strike"],"picked":"PiercingWail","floor":20},{"not_picked":["Reflex","Prepared"],"picked":"Blade Dance+1","floor":21},{"not_picked":["Dash","Prepared"],"picked":"Wraith Form v2","floor":23},{"not_picked":["PiercingWail","Dash"],"picked":"Blade Dance","floor":25},{"not_picked":["Deadly Poison","Setup","Tactician+1"],"picked":"SKIP","floor":27},{"not_picked":["Caltrops+1","Prepared"],"picked":"Night Terror","floor":31},{"not_picked":["Die Die Die","Night Terror"],"picked":"Burst","floor":33},{"not_picked":["Concentrate","Slice+1"],"picked":"Well Laid Plans+1","floor":35},{"not_picked":["Endless Agony+1","Dagger Spray+1"],"picked":"Caltrops+1","floor":38},{"not_picked":["Accuracy+1","Well Laid Plans"],"picked":"PiercingWail","floor":40},{"not_picked":["Underhanded Strike","Escape Plan+1"],"picked":"Noxious Fumes","floor":45},{"not_picked":["Deflect","Deadly Poison"],"picked":"Footwork+1","floor":46},{"not_picked":["Prepared","Blade Dance+1"],"picked":"Catalyst","floor":47},{"not_picked":["Dagger Spray","Backstab","Quick Slash"],"picked":"SKIP","floor":48}],"player_experience":139886,"relics_obtained":[{"floor":6,"key":"War Paint"},{"floor":9,"key":"Bottled Flame"},{"floor":11,"key":"Bag of Marbles"},{"floor":14,"key":"Kunai"},{"floor":23,"key":"Mercury Hourglass"},{"floor":26,"key":"Pen Nib"},{"floor":27,"key":"Vajra"},{"floor":37,"key":"Unceasing Top"},{"floor":40,"key":"Tingsha"},{"floor":47,"key":"Centennial Puzzle"}],"event_choices":[{"cards_removed":["Strike_G"],"damage_healed":0,"gold_gain":0,"player_choice":"Card Removal","damage_taken":0,"max_hp_gain":0,"max_hp_loss":0,"event_name":"The Cleric","floor":2,"gold_loss":50},{"damage_healed":0,"gold_gain":0,"player_choice":"Upgraded","damage_taken":0,"max_hp_gain":0,"max_hp_loss":0,"event_name":"Upgrade Shrine","floor":3,"gold_loss":0,"cards_upgraded":["Neutralize"]},{"damage_healed":0,"gold_gain":0,"player_choice":"Lose Max HP","damage_taken":0,"relics_obtained":["Golden Idol"],"max_hp_gain":0,"max_hp_loss":5,"event_name":"Golden Idol","floor":12,"gold_loss":0},{"damage_healed":0,"gold_gain":0,"player_choice":"Simplicity","damage_taken":0,"max_hp_gain":0,"max_hp_loss":0,"event_name":"Back to Basics","floor":22,"gold_loss":0,"cards_upgraded":["Defend_G","Defend_G","Defend_G","Defend_G","Strike_G","Strike_G","Strike_G"]},{"damage_healed":0,"gold_gain":99,"player_choice":"Stole From Cult","damage_taken":0,"max_hp_gain":0,"max_hp_loss":0,"event_name":"Nest","floor":28,"gold_loss":0},{"damage_healed":0,"gold_gain":0,"player_choice":"Opened","damage_taken":0,"relics_obtained":["Sundial"],"max_hp_gain":0,"max_hp_loss":0,"event_name":"The Mausoleum","floor":30,"gold_loss":0},{"damage_healed":0,"gold_gain":0,"player_choice":"Ignored","damage_taken":0,"max_hp_gain":0,"max_hp_loss":0,"event_name":"Tomb of Lord Red Mask","floor":36,"gold_loss":0},{"damage_healed":0,"gold_gain":0,"player_choice":"Fight","damage_taken":0,"max_hp_gain":0,"max_hp_loss":0,"event_name":"Mysterious Sphere","floor":37,"gold_loss":0},{"damage_healed":0,"gold_gain":333,"player_choice":"Gave Idol","damage_taken":0,"max_hp_gain":0,"max_hp_loss":0,"event_name":"The Moai Head","floor":39,"relics_lost":["Golden Idol"],"gold_loss":0},{"damage_healed":0,"gold_gain":100,"player_choice":"Pray","damage_taken":0,"max_hp_gain":0,"max_hp_loss":0,"event_name":"Golden Shrine","floor":44,"gold_loss":0}],"is_beta":false,"boss_relics":[{"not_picked":["Snecko Eye","Empty Cage"],"picked":"Sozu"},{"not_picked":["Calling Bell","Orrery"],"picked":"Astrolabe"}],"items_purged_floors":[19,29],"is_endless":false,"potions_floor_spawned":[5,14,18,20,25,27,33,35,38,46,48],"killed_by":"Time Eater","ascension_level":6}