{"gold_per_floor":[109,122,54,329,345,345,270,305,332,332,332,345,345,361,361,458,458,475,243,255,96,112,112,129,129,129,142,142,142,142,158,158,263,263,273,123,123,123,123,148,148,165,247,266,266,291,291],"floor_reached":47,"playtime":3804,"items_purged":["Regret","Strike_B","Strike_B","Defend_B"],"score":507,"play_id":"ce38a0dd-cfd4-4df5-ac56-4226e91eba63","local_time":"20190601083101","is_ascension_mode":true,"campfire_choices":[{"data":"Zap","floor":6,"key":"SMITH"},{"data":"Dualcast","floor":11,"key":"SMITH"},{"data":"Conserve Battery","floor":15,"key":"SMITH"},{"data":"Loop","floor":23,"key":"SMITH"},{"data":"Loop","floor":28,"key":"SMITH"},{"floor":32,"key":"REST"},{"floor":41,"key":"REST"},{"floor":45,"key":"REST"}],"neow_cost":"NONE","seed_source_timestamp":26277509939634,"circlet_count":0,"master_deck":["Strike_B","Strike_B","Defend_B","Defend_B","Zap+1","Dualcast+1","Conserve Battery+1","Glacier+1","Defragment","Static Discharge","Seek","Loop+1","Defragment","Madness","Steam+1","Loop+1","Decay","Force Field+1","Amplify","Barrage","Madness","Enlightenment","Hologram+1"],"relics":["Cracked Core","Ancient Tea Set","Juzu Bracelet","Inserter","Meat on the Bone","Runic Pyramid","Blood Vial","Potion Belt"],"potions_floor_usage":[8,16,16,20,22,35,35],"damage_taken":[{"damage":1,"enemies":"Jaw Worm","floor":1,"turns":3},{"damage":1,"enemies":"Cultist","floor":2,"turns":3},{"damage":2,"enemies":"Small Slimes","floor":5,"turns":3},{"damage":9,"enemies":"3 Sentries","floor":8,"turns":7},{"damage":0,"enemies":"3 Louse","floor":12,"turns":3},{"damage":5,"enemies":"Looter","floor":14,"turns":3},{"damage":3,"enemies":"Slime Boss","floor":16,"turns":18},{"damage":0,"enemies":"Chosen","floor":18,"turns":8},{"damage":21,"enemies":"2 Thieves","floor":20,"turns":4},{"damage":16,"enemies":"Shelled Parasite and Fungi","floor":22,"turns":12},{"damage":6,"enemies":"Centurion and Healer","floor":24,"turns":11},{"damage":17,"enemies":"Snake Plant","floor":27,"turns":6},{"damage":6,"enemies":"Snecko","floor":31,"turns":6},{"damage":28,"enemies":"Champ","floor":33,"turns":12},{"damage":15,"enemies":"3 Shapes","floor":35,"turns":9},{"damage":12,"enemies":"Nemesis","floor":40,"turns":8},{"damage":34,"enemies":"3 Darklings","floor":42,"turns":5},{"damage":2,"enemies":"Spire Growth","floor":44,"turns":8},{"damage":74,"enemies":"Reptomancer","floor":46,"turns":8},{"damage":17,"enemies":"Jaw Worm Horde","floor":47,"turns":2}],"seed_played":"7250211116676692282","potions_obtained":[{"floor":2,"key":"Fire Potion"},{"floor":5,"key":"EssenceOfSteel"},{"floor":12,"key":"SteroidPotion"},{"floor":14,"key":"Block Potion"},{"floor":16,"key":"Fire Potion"},{"floor":18,"key":"Weak Potion"},{"floor":20,"key":"GamblersBrew"},{"floor":24,"key":"Energy Potion"},{"floor":42,"key":"SteroidPotion"},{"floor":44,"key":"FearPotion"}],"is_trial":false,"path_per_floor":["M","M","$","?","M","R","$","E","T","?","R","M","?","M","R","B",null,"M","$","M","$","M","R","M","?","T","M","R","?","?","M","R","B",null,"M","$","?","?","?","E","R","M","T","M","R","E","M"],"character_chosen":"DEFECT","items_purchased":["Glacier","Defragment","Madness","Loop"],"campfire_rested":3,"item_purchase_floors":[3,19,19,21],"current_hp_per_floor":[81,80,80,80,78,78,78,69,69,69,69,69,69,64,64,61,82,82,82,61,61,45,45,39,39,39,34,34,34,34,40,64,48,82,67,67,57,57,57,45,69,49,49,49,73,13,0],"gold":291,"neow_bonus":"TEN_PERCENT_HP_BONUS","is_prod":false,"is_daily":false,"chose_seed":false,"campfire_upgraded":5,"win_rate":0,"timestamp":1559395861,"path_taken":["M","M","$","?","M","R","$","E","T","?","R","M","?","M","R","BOSS","M","$","M","$","M","R","M","?","T","M","R","?","?","M","R","BOSS","M","$","?","?","?","E","R","M","T","M","R","E","M"],"build_version":"2019-01-23","purchased_purges":4,"victory":false,"max_hp_per_floor":[82,82,82,82,82,82,82,82,82,82,82,82,82,82,82,82,82,82,82,82,82,82,82,82,82,82,82,82,82,82,82,82,82,82,82,82,82,82,82,82,82,82,82,82,82,82,82],"card_choices":[{"not_picked":["Compile Driver","Doom and Gloom","Rebound"],"picked":"SKIP","floor":1},{"not_picked":["Go for the Eyes","Beam Cell"],"picked":"Conserve Battery","floor":2},{"not_picked":["Melter","Scrape"],"picked":"Defragment","floor":5},{"not_picked":["Double Energy","Hologram","Streamline"],"picked":"SKIP","floor":8},{"not_picked":["Self Repair","Ball Lightning"],"picked":"Static Discharge","floor":12},{"not_picked":["Steam","Double Energy","Gash"],"picked":"SKIP","floor":14},{"not_picked":["Creative AI","Machine Learning"],"picked":"Seek","floor":16},{"not_picked":["Melter","Streamline"],"picked":"Loop","floor":18},{"not_picked":["Conserve Battery+1","Gash"],"picked":"Steam+1","floor":20},{"not_picked":["Steam","Stack","Compile Driver"],"picked":"SKIP","floor":22},{"not_picked":["Tempest+1","Beam Cell+1","Turbo"],"picked":"SKIP","floor":24},{"not_picked":["Beam Cell","Doom and Gloom","Conserve Battery"],"picked":"SKIP","floor":27},{"not_picked":["Coolheaded","Rebound"],"picked":"Force Field+1","floor":31},{"not_picked":["Hyperbeam","Machine Learning"],"picked":"Amplify","floor":33},{"not_picked":["Stack+1","Tempest"],"picked":"Barrage","floor":35},{"not_picked":["Panacea","Dramatic Entrance"],"picked":"Enlightenment","floor":38},{"not_picked":["Genetic Algorithm+1","Multi-Cast"],"picked":"Hologram+1","floor":40},{"not_picked":["Darkness","Rebound","Steam"],"picked":"SKIP","floor":42},{"not_picked":["Rip and Tear+1","Self Repair+1","Steam"],"picked":"SKIP","floor":44},{"not_picked":["Gash+1","Streamline+1","Compile Driver"],"picked":"SKIP","floor":46}],"player_experience":45451,"relics_obtained":[{"floor":8,"key":"Ancient Tea Set"},{"floor":9,"key":"Juzu Bracelet"},{"floor":26,"key":"Meat on the Bone"},{"floor":40,"key":"Blood Vial"},{"floor":46,"key":"Potion Belt"}],"event_choices":[{"damage_healed":0,"gold_gain":275,"player_choice":"Desecrate","damage_taken":0,"max_hp_gain":0,"max_hp_loss":0,"event_name":"Golden Shrine","floor":4,"gold_loss":0,"cards_obtained":["Regret"]},{"damage_healed":0,"gold_gain":0,"player_choice":"Bought 0 Potions","damage_taken":0,"max_hp_gain":0,"max_hp_loss":0,"event_name":"The Woman in Blue","floor":10,"gold_loss":0},{"damage_healed":0,"gold_gain":0,"player_choice":"Grow","damage_taken":0,"max_hp_gain":0,"max_hp_loss":0,"event_name":"Living Wall","floor":13,"gold_loss":0,"cards_upgraded":["Glacier"]},{"cards_removed":["Defend_B"],"damage_healed":0,"gold_gain":0,"player_choice":"Purged","damage_taken":0,"max_hp_gain":0,"max_hp_loss":0,"event_name":"Purifier","floor":25,"gold_loss":0},{"damage_healed":0,"gold_gain":0,"player_choice":"Ignored","damage_taken":0,"max_hp_gain":0,"max_hp_loss":0,"event_name":"Cursed Tome","floor":29,"gold_loss":0},{"damage_healed":0,"gold_gain":0,"player_choice":"Smashed Altar","damage_taken":0,"max_hp_gain":0,"max_hp_loss":0,"event_name":"Forgotten Altar","floor":30,"gold_loss":0,"cards_obtained":["Decay"]},{"damage_healed":0,"gold_gain":0,"player_choice":"Embrace Madness","damage_taken":10,"max_hp_gain":0,"max_hp_loss":0,"event_name":"Winding Halls","floor":37,"gold_loss":0,"cards_obtained":["Madness","Madness"]},{"damage_healed":0,"gold_gain":0,"player_choice":"Memory 1","damage_taken":0,"max_hp_gain":0,"max_hp_loss":0,"event_name":"SensoryStone","floor":38,"gold_loss":0},{"cards_removed":["Madness"],"damage_healed":0,"gold_gain":0,"player_choice":"Removed Skill","damage_taken":0,"max_hp_gain":0,"max_hp_loss":0,"event_name":"Falling","floor":39,"gold_loss":0}],"is_beta":false,"boss_relics":[{"not_picked":["Philosopher\u0027s Stone","Nuclear Battery"],"picked":"Inserter"},{"not_picked":["Velvet Choker","Snecko Eye"],"picked":"Runic Pyramid"}],"items_purged_floors":[7,19,21,36],"is_endless":false,"potions_floor_spawned":[2,5,12,14,16,18,20,24,42,44],"killed_by":"Jaw Worm Horde","ascension_level":1}