{"gold_per_floor":[116,131,147,164,178,178,204,204,257,257],"floor_reached":10,"playtime":520,"items_purged":[],"score":116,"play_id":"efdf81ae-956c-4d31-ac24-35351a4be2c3","local_time":"20190621234135","is_ascension_mode":true,"campfire_choices":[{"data":"Rampage","floor":6,"key":"SMITH"},{"data":"True Grit","floor":8,"key":"SMITH"}],"neow_cost":"NONE","seed_source_timestamp":54916867465499,"circlet_count":0,"master_deck":["AscendersBane","Strike_R","Strike_R","Strike_R","Strike_R","Strike_R","Defend_R","Defend_R","Defend_R","Defend_R","Bash","Wild Strike","Evolve","Sentinel","Headbutt","Rampage+1","True Grit+1"],"relics":["Burning Blood","Ancient Tea Set","Vajra","Lantern"],"potions_floor_usage":[3,5,7],"damage_taken":[{"damage":10,"enemies":"Cultist","floor":1,"turns":5},{"damage":8,"enemies":"Jaw Worm","floor":2,"turns":4},{"damage":0,"enemies":"Small Slimes","floor":3,"turns":3},{"damage":14,"enemies":"2 Fungi Beasts","floor":4,"turns":5},{"damage":6,"enemies":"Looter","floor":5,"turns":2},{"damage":32,"enemies":"Lagavulin","floor":7,"turns":6},{"damage":55,"enemies":"Gremlin Nob","floor":10,"turns":4}],"seed_played":"5496671316587705494","potions_obtained":[{"floor":1,"key":"Fire Potion"},{"floor":4,"key":"AttackPotion"},{"floor":5,"key":"SkillPotion"},{"floor":7,"key":"SpeedPotion"}],"is_trial":false,"path_per_floor":["M","M","M","M","M","R","E","R","T","E"],"character_chosen":"IRONCLAD","items_purchased":[],"campfire_rested":0,"item_purchase_floors":[],"current_hp_per_floor":[68,66,72,64,64,64,38,38,38,0],"gold":257,"neow_bonus":"RANDOM_COMMON_RELIC","is_prod":false,"is_daily":false,"chose_seed":false,"campfire_upgraded":2,"win_rate":0,"timestamp":1561174895,"path_taken":["M","M","M","M","M","R","E","R","T","E"],"build_version":"2019-01-23","purchased_purges":0,"victory":false,"max_hp_per_floor":[80,80,80,80,80,80,80,80,80,80],"card_choices":[{"not_picked":["Corruption","Sever Soul"],"picked":"Wild Strike","floor":1},{"not_picked":["Thunderclap","Body Slam"],"picked":"Evolve","floor":2},{"not_picked":["Body Slam","Reckless Charge"],"picked":"Sentinel","floor":3},{"not_picked":["Evolve","Clothesline"],"picked":"Headbutt","floor":4},{"not_picked":["Iron Wave","Exhume"],"picked":"Rampage","floor":5},{"not_picked":["Cleave","Dual Wield"],"picked":"True Grit","floor":7}],"player_experience":317263,"relics_obtained":[{"floor":7,"key":"Vajra"},{"floor":9,"key":"Lantern"}],"event_choices":[],"is_beta":false,"boss_relics":[],"items_purged_floors":[],"is_endless":false,"potions_floor_spawned":[1,4,5,7],"killed_by":"Gremlin Nob","ascension_level":13}