{"gold_per_floor":[109,109,109,109,34,34,45,70,70,99,117,117],"floor_reached":12,"playtime":368,"items_purged":["Strike_G"],"score":211,"play_id":"f600391d-b398-4f7f-a4bc-9357ebf05c24","local_time":"20190625184753","is_ascension_mode":true,"campfire_choices":[{"data":"Leg Sweep","floor":6,"key":"SMITH"}],"neow_cost":"NONE","seed_source_timestamp":33680728905000,"circlet_count":0,"master_deck":["AscendersBane","Defend_G","Defend_G","Defend_G","Defend_G+1","Defend_G","Strike_G+1","Strike_G+1","Strike_G","Survivor","Neutralize","Leg Sweep+1","Deflect","Slice+1","Expertise","Footwork","Blur","Choke","Concentrate"],"relics":["Ring of the Snake","NeowsBlessing","Prayer Wheel","Shuriken","Oddly Smooth Stone","Whetstone"],"potions_floor_usage":[10,12],"damage_taken":[{"damage":0,"enemies":"Jaw Worm","floor":1,"turns":1},{"damage":0,"enemies":"2 Louse","floor":7,"turns":1},{"damage":0,"enemies":"Gremlin Nob","floor":8,"turns":1},{"damage":15,"enemies":"Lagavulin","floor":10,"turns":12},{"damage":0,"enemies":"Small Slimes","floor":11,"turns":5},{"damage":64,"enemies":"Gremlin Nob","floor":12,"turns":4}],"seed_played":"-772212217223985387","potions_obtained":[{"floor":1,"key":"FearPotion"},{"floor":10,"key":"SkillPotion"}],"is_trial":false,"path_per_floor":["M","?","?","?","$","R","M","E","T","E","M","E"],"character_chosen":"THE_SILENT","items_purchased":[],"campfire_rested":0,"item_purchase_floors":[],"current_hp_per_floor":[59,39,34,34,34,34,34,34,34,19,19,0],"gold":117,"neow_bonus":"THREE_ENEMY_KILL","is_prod":false,"is_daily":false,"chose_seed":false,"campfire_upgraded":1,"win_rate":0,"timestamp":1561502873,"path_taken":["M","?","?","?","$","R","?","E","T","E","M","E"],"build_version":"2019-01-23","purchased_purges":1,"victory":false,"max_hp_per_floor":[66,66,66,66,66,66,66,66,66,66,66,66],"card_choices":[{"not_picked":["Dagger Throw","Bane"],"picked":"Leg Sweep","floor":1},{"not_picked":["Acrobatics","Cloak And Dagger"],"picked":"Slice","floor":7},{"not_picked":["Backflip","Catalyst"],"picked":"Expertise","floor":7},{"not_picked":["Blade Dance","Quick Slash"],"picked":"Footwork","floor":8},{"not_picked":["Bouncing Flask","Backstab"],"picked":"Blur","floor":10},{"not_picked":["Envenom","Flying Knee"],"picked":"Choke","floor":11},{"not_picked":["Setup","Concentrate","Deadly Poison"],"picked":"SKIP","floor":11},{"not_picked":["Setup","Deadly Poison"],"picked":"Concentrate","floor":11}],"player_experience":1418219,"relics_obtained":[{"floor":8,"key":"Shuriken"},{"floor":9,"key":"Oddly Smooth Stone"},{"floor":10,"key":"Whetstone"}],"event_choices":[{"damage_healed":0,"gold_gain":0,"player_choice":"Entered Light","damage_taken":20,"max_hp_gain":0,"max_hp_loss":0,"event_name":"Shining Light","floor":2,"gold_loss":0,"cards_upgraded":["Defend_G","Strike_G"]},{"damage_healed":0,"gold_gain":0,"player_choice":"Success","damage_taken":5,"relics_obtained":["Prayer Wheel"],"max_hp_gain":0,"max_hp_loss":0,"event_name":"Scrap Ooze","floor":3,"gold_loss":0},{"damage_healed":0,"gold_gain":0,"cards_transformed":["Strike_G"],"player_choice":"Transformed","damage_taken":0,"max_hp_gain":0,"max_hp_loss":0,"event_name":"Transmorgrifier","floor":4,"gold_loss":0,"cards_obtained":["Deflect"]}],"is_beta":false,"boss_relics":[],"items_purged_floors":[5],"is_endless":false,"potions_floor_spawned":[1,10],"killed_by":"Gremlin Nob","ascension_level":18}