{"gold_per_floor":[109,184,184,134,145,145,160,172,199,227,239,176,351,365,365,461,461,475,475,493,167,183,183,213,213],"floor_reached":25,"playtime":1188,"items_purged":["Strike_B","Strike_B"],"score":266,"play_id":"35b9b11b-ce18-4ff8-8632-9d51db81fe1c","local_time":"20190612173950","is_ascension_mode":true,"campfire_choices":[{"data":"Zap","floor":6,"key":"SMITH"},{"data":"Dualcast","floor":15,"key":"SMITH"},{"floor":23,"key":"REST"}],"neow_cost":"NONE","seed_source_timestamp":85591894513481,"circlet_count":0,"master_deck":["Defend_B","Defend_B","Defend_B","Zap+1","Dualcast+1","Cold Snap+1","Turbo","Ball Lightning","BootSequence","Echo Form","Coolheaded","FTL+1","Redo","Seek"],"relics":["Cracked Core","Anchor","MawBank","Empty Cage","Whetstone","Dodecahedron"],"potions_floor_usage":[16,18,24,24],"damage_taken":[{"damage":0,"enemies":"2 Louse","floor":1,"turns":1},{"damage":0,"enemies":"Jaw Worm","floor":5,"turns":2},{"damage":0,"enemies":"Small Slimes","floor":7,"turns":2},{"damage":0,"enemies":"3 Louse","floor":8,"turns":3},{"damage":3,"enemies":"Exordium Wildlife","floor":10,"turns":4},{"damage":2,"enemies":"Exordium Thugs","floor":14,"turns":4},{"damage":16,"enemies":"The Guardian","floor":16,"turns":13},{"damage":14,"enemies":"Spheric Guardian","floor":18,"turns":4},{"damage":0,"enemies":"Chosen","floor":20,"turns":4},{"damage":21,"enemies":"Snake Plant","floor":22,"turns":5},{"damage":46,"enemies":"Slavers","floor":24,"turns":5},{"damage":19,"enemies":"Shelled Parasite and Fungi","floor":25,"turns":2}],"seed_played":"-2665037949281948002","potions_obtained":[{"floor":7,"key":"FearPotion"},{"floor":8,"key":"Ancient Potion"},{"floor":14,"key":"SkillPotion"},{"floor":16,"key":"Explosive Potion"},{"floor":20,"key":"Energy Potion"},{"floor":22,"key":"Strength Potion"}],"is_trial":false,"path_per_floor":["M","?","?","?","M","R","M","M","T","M","?","$","?","M","R","B",null,"M","?","M","$","M","R","E","M"],"character_chosen":"DEFECT","items_purchased":["FTL","Whetstone"],"campfire_rested":1,"item_purchase_floors":[21,21],"current_hp_per_floor":[82,71,71,71,71,71,71,71,71,68,68,68,68,66,66,50,74,60,60,60,60,39,63,17,0],"gold":213,"neow_bonus":"TEN_PERCENT_HP_BONUS","is_prod":false,"is_daily":false,"chose_seed":false,"campfire_upgraded":2,"win_rate":0,"timestamp":1560379190,"path_taken":["M","?","?","?","M","R","M","M","T","M","?","$","?","?","R","BOSS","M","?","M","$","M","R","E","M"],"build_version":"2019-01-23","purchased_purges":2,"victory":false,"max_hp_per_floor":[82,82,82,82,82,82,82,82,82,82,82,82,82,82,82,82,82,82,82,82,82,82,82,82,82],"card_choices":[{"not_picked":["Go for the Eyes","Turbo"],"picked":"Cold Snap","floor":1},{"not_picked":["Go for the Eyes","Hologram"],"picked":"Turbo","floor":5},{"not_picked":["Double Energy","Cold Snap"],"picked":"Ball Lightning","floor":7},{"not_picked":["Streamline","Beam Cell","Stack"],"picked":"SKIP","floor":8},{"not_picked":["Sweeping Beam","Lockon","Streamline"],"picked":"SKIP","floor":10},{"not_picked":["Conserve Battery","Rebound"],"picked":"Echo Form","floor":14},{"not_picked":["Rip and Tear+1","Fusion","Beam Cell"],"picked":"SKIP","floor":18},{"not_picked":["Gash","Conserve Battery"],"picked":"Coolheaded","floor":20},{"not_picked":["Go for the Eyes","Melter+1"],"picked":"Redo","floor":22},{"not_picked":["Compile Driver","Cold Snap"],"picked":"Seek","floor":24}],"player_experience":241309,"relics_obtained":[{"floor":9,"key":"MawBank"},{"floor":24,"key":"Dodecahedron"}],"event_choices":[{"damage_healed":0,"gold_gain":75,"player_choice":"Gather Gold","damage_taken":11,"max_hp_gain":0,"max_hp_loss":0,"event_name":"World of Goop","floor":2,"gold_loss":0},{"damage_healed":0,"gold_gain":0,"player_choice":"Box","damage_taken":0,"relics_obtained":["Anchor"],"max_hp_gain":0,"max_hp_loss":0,"event_name":"Big Fish","floor":3,"gold_loss":0,"cards_obtained":["Regret"]},{"cards_removed":["Regret"],"damage_healed":0,"gold_gain":0,"player_choice":"Card Removal","damage_taken":0,"max_hp_gain":0,"max_hp_loss":0,"event_name":"The Cleric","floor":4,"gold_loss":50},{"damage_healed":0,"gold_gain":0,"cards_transformed":["Strike_B"],"player_choice":"Change","damage_taken":0,"max_hp_gain":0,"max_hp_loss":0,"event_name":"Living Wall","floor":11,"gold_loss":0,"cards_obtained":["BootSequence"]},{"damage_healed":0,"gold_gain":175,"player_choice":"AGREE","damage_taken":0,"max_hp_gain":0,"max_hp_loss":0,"event_name":"Liars Game","floor":13,"gold_loss":0,"cards_obtained":["Doubt"]},{"cards_removed":["Strike_B"],"damage_healed":0,"gold_gain":0,"player_choice":"Purged","damage_taken":0,"max_hp_gain":0,"max_hp_loss":0,"event_name":"Purifier","floor":19,"gold_loss":0}],"is_beta":false,"boss_relics":[{"not_picked":["Cursed Key","Coffee Dripper"],"picked":"Empty Cage"}],"items_purged_floors":[12,21],"is_endless":false,"potions_floor_spawned":[7,8,14,16,20,22],"killed_by":"Shelled Parasite and Fungi","ascension_level":5}