{"gold_per_floor":[118,128,128,143,153,153,187,202,202,202,219,519,533,560,560,632,632,643,654,654,744,113,144,144,158,211,211,51,79,91,91,91,91],"floor_reached":33,"playtime":1551,"items_purged":["Strike_G+1"],"score":594,"play_id":"8ca5e1e5-a6b5-4bdb-8de2-f8d9e8be3202","local_time":"20190626142241","is_ascension_mode":true,"campfire_choices":[{"data":"Neutralize","floor":6,"key":"SMITH"},{"floor":10,"key":"REST"},{"floor":15,"key":"REST"},{"floor":24,"key":"REST"},{"floor":27,"key":"REST"},{"floor":32,"key":"REST"}],"neow_cost":"NONE","seed_source_timestamp":102987069581400,"circlet_count":0,"master_deck":["AscendersBane","Defend_G+1","Defend_G+1","Defend_G+1","Defend_G+1","Defend_G+1","Survivor","Neutralize+1","PiercingWail","Slice","Cloak And Dagger","Adrenaline","Cloak And Dagger","Prepared","Cloak And Dagger","Leg Sweep","Envenom","Backstab+1","Slice+1","Flying Knee+1","Choke","Escape Plan+1","Accuracy","Choke+1"],"relics":["WristBlade","Bronze Scales","Calipers","Old Coin","Torii","Astrolabe","Bag of Marbles","ClockworkSouvenir","Happy Flower","Tiny Chest","Vajra","Singing Bowl","Darkstone Periapt"],"potions_floor_usage":[5,7,14,16,23,23,29,30],"damage_taken":[{"damage":0,"enemies":"Small Slimes","floor":1,"turns":5},{"damage":1,"enemies":"Jaw Worm","floor":2,"turns":6},{"damage":0,"enemies":"2 Louse","floor":4,"turns":4},{"damage":0,"enemies":"Red Slaver","floor":5,"turns":4},{"damage":40,"enemies":"Lagavulin","floor":7,"turns":11},{"damage":6,"enemies":"Exordium Thugs","floor":8,"turns":5},{"damage":3,"enemies":"3 Louse","floor":11,"turns":3},{"damage":0,"enemies":"Large Slime","floor":13,"turns":5},{"damage":16,"enemies":"3 Sentries","floor":14,"turns":8},{"damage":18,"enemies":"The Guardian","floor":16,"turns":16},{"damage":2,"enemies":"Shell Parasite","floor":18,"turns":5},{"damage":15,"enemies":"2 Thieves","floor":19,"turns":3},{"damage":6,"enemies":"Book of Stabbing","floor":23,"turns":5},{"damage":0,"enemies":"Centurion and Healer","floor":25,"turns":6},{"damage":41,"enemies":"Gremlin Leader","floor":29,"turns":8},{"damage":1,"enemies":"Chosen and Byrds","floor":30,"turns":5},{"damage":47,"enemies":"Champ","floor":33,"turns":11}],"seed_played":"-8016601681635678839","potions_obtained":[{"floor":1,"key":"AttackPotion"},{"floor":2,"key":"SpeedPotion"},{"floor":11,"key":"SkillPotion"},{"floor":13,"key":"SpeedPotion"},{"floor":25,"key":"SteroidPotion"},{"floor":29,"key":"Poison Potion"}],"is_trial":false,"path_per_floor":["M","M","?","M","M","R","E","M","T","R","M","?","M","E","R","B",null,"M","M","?","?","$","E","R","M","T","R","$","E","M","T","R","B"],"character_chosen":"THE_SILENT","items_purchased":["Bag of Marbles","ClockworkSouvenir","Dexterity Potion","EssenceOfSteel","Accuracy","Vajra"],"campfire_rested":5,"item_purchase_floors":[22,22,22,22,22,28],"current_hp_per_floor":[59,58,58,58,58,58,18,12,12,31,28,28,28,12,31,13,53,51,36,36,24,24,18,37,37,37,56,56,17,16,16,36,0],"gold":91,"neow_bonus":"BOSS_RELIC","is_prod":false,"is_daily":false,"chose_seed":false,"campfire_upgraded":1,"win_rate":0,"timestamp":1561573361,"path_taken":["M","M","?","M","M","R","E","M","T","R","M","?","M","E","R","BOSS","M","M","?","?","$","E","R","M","T","R","$","E","?","?","R","BOSS"],"build_version":"2019-01-23","purchased_purges":1,"victory":false,"max_hp_per_floor":[66,66,66,66,66,66,66,66,66,66,66,66,66,66,66,66,66,66,66,66,66,66,66,66,66,66,66,66,68,68,68,68,68],"card_choices":[{"not_picked":["Skewer","Underhanded Strike"],"picked":"PiercingWail","floor":1},{"not_picked":["Flying Knee","Poisoned Stab"],"picked":"Slice","floor":2},{"not_picked":["Quick Slash","Catalyst"],"picked":"Cloak And Dagger","floor":4},{"not_picked":["Escape Plan","Backstab"],"picked":"Adrenaline","floor":5},{"not_picked":["Distraction","Reflex"],"picked":"Cloak And Dagger","floor":7},{"not_picked":["Outmaneuver","Distraction"],"picked":"Prepared","floor":8},{"not_picked":["Bane","Deflect"],"picked":"Cloak And Dagger","floor":11},{"not_picked":["Phantasmal Killer","Sucker Punch","Dagger Throw"],"picked":"SKIP","floor":13},{"not_picked":["Bane","Concentrate"],"picked":"Leg Sweep","floor":14},{"not_picked":["Bullet Time","Grand Finale"],"picked":"Envenom","floor":16},{"not_picked":["Underhanded Strike","All Out Attack"],"picked":"Choke","floor":18},{"not_picked":["Flying Knee","Footwork"],"picked":"Escape Plan+1","floor":19},{"not_picked":["Backflip","Deflect","Well Laid Plans"],"picked":"SKIP","floor":23},{"not_picked":["Dodge and Roll","Prepared","Reflex+1"],"picked":"SKIP","floor":25},{"not_picked":["Setup","Prepared","Backflip"],"picked":"Singing Bowl","floor":29},{"not_picked":["Flying Knee","Distraction"],"picked":"Choke+1","floor":30}],"player_experience":1431251,"relics_obtained":[{"floor":7,"key":"Bronze Scales"},{"floor":9,"key":"Calipers"},{"floor":14,"key":"Torii"},{"floor":23,"key":"Happy Flower"},{"floor":26,"key":"Tiny Chest"},{"floor":29,"key":"Singing Bowl"},{"floor":31,"key":"Darkstone Periapt"}],"event_choices":[{"cards_removed":["Strike_G"],"damage_healed":0,"gold_gain":0,"player_choice":"Forget","damage_taken":0,"max_hp_gain":0,"max_hp_loss":0,"event_name":"Living Wall","floor":3,"gold_loss":0},{"damage_healed":0,"gold_gain":0,"player_choice":"Searched \u00271\u0027 times","damage_taken":0,"relics_obtained":["Old Coin"],"max_hp_gain":0,"max_hp_loss":0,"event_name":"Dead Adventurer","floor":12,"gold_loss":0},{"damage_healed":0,"gold_gain":0,"player_choice":"Simplicity","damage_taken":0,"max_hp_gain":0,"max_hp_loss":0,"event_name":"Back to Basics","floor":20,"gold_loss":0,"cards_upgraded":["Defend_G","Defend_G","Defend_G","Defend_G","Defend_G","Strike_G"]},{"damage_healed":0,"gold_gain":90,"player_choice":"GOLD ","damage_taken":12,"max_hp_gain":0,"max_hp_loss":0,"event_name":"Knowing Skull","floor":21,"potions_obtained":[],"gold_loss":0,"cards_obtained":[]}],"is_beta":false,"boss_relics":[{"not_picked":["Pandora\u0027s Box","Runic Pyramid"],"picked":"Astrolabe"}],"items_purged_floors":[22],"is_endless":false,"potions_floor_spawned":[1,2,11,13,25,29],"killed_by":"Champ","ascension_level":20}