{"gold_per_floor":[109,38,38,38,56,71,48,88,88,54,70,126,145,170,170,300,300,314,314,329,182,182,182,194,213,236,236],"floor_reached":27,"playtime":2531,"items_purged":[],"score":215,"play_id":"c68f7d11-93bb-4a8e-b21d-e65b3fd58fa0","local_time":"20190223052947","is_ascension_mode":false,"campfire_choices":[{"floor":15,"key":"REST"},{"data":"Backstab","floor":23,"key":"SMITH"}],"neow_cost":"NONE","seed_source_timestamp":90977215107997,"circlet_count":0,"master_deck":["Defend_G+1","Defend_G+1","Defend_G+1","Defend_G+1","Defend_G+1","Strike_G+1","Strike_G+1","Strike_G+1","Strike_G+1","Strike_G+1","Survivor","Neutralize","Caltrops","Footwork","Injury","Well Laid Plans","Sucker Punch","PiercingWail","Riddle With Holes","Backstab+1","Die Die Die","Calculated Gamble","PiercingWail","A Thousand Cuts","Endless Agony+1","Deflect","Acrobatics+1"],"relics":["Ring of the Snake","Paper Crane","Whetstone","Philosopher\u0027s Stone","Happy Flower","Nloth\u0027s Gift","Dream Catcher"],"potions_floor_usage":[],"damage_taken":[{"damage":1,"enemies":"Cultist","floor":1,"turns":5},{"damage":7,"enemies":"Jaw Worm","floor":5,"turns":8},{"damage":6,"enemies":"2 Louse","floor":6,"turns":4},{"damage":28,"enemies":"Lagavulin","floor":8,"turns":15},{"damage":16,"enemies":"Exordium Thugs","floor":11,"turns":6},{"damage":4,"enemies":"Blue Slaver","floor":13,"turns":2},{"damage":4,"enemies":"Exordium Wildlife","floor":14,"turns":5},{"damage":18,"enemies":"Hexaghost","floor":16,"turns":15},{"damage":6,"enemies":"Shell Parasite","floor":18,"turns":8},{"damage":19,"enemies":"Spheric Guardian","floor":20,"turns":4},{"damage":17,"enemies":"Shelled Parasite and Fungi","floor":24,"turns":8},{"damage":15,"enemies":"Centurion and Healer","floor":25,"turns":8},{"damage":20,"enemies":"Sentry and Sphere","floor":27,"turns":4}],"seed_played":"7975925873752551337","potions_obtained":[{"floor":1,"key":"FearPotion"},{"floor":8,"key":"GhostInAJar"},{"floor":13,"key":"SteroidPotion"},{"floor":16,"key":"SpeedPotion"},{"floor":20,"key":"Block Potion"}],"is_trial":false,"path_per_floor":["M","$","?","?","M","M","$","E","T","$","M","?","M","M","R","B",null,"M","?","M","$","?","R","M","M","T","M"],"character_chosen":"THE_SILENT","items_purchased":["Footwork","PiercingWail","Backstab","Happy Flower"],"campfire_rested":1,"item_purchase_floors":[2,7,10,21],"current_hp_per_floor":[76,76,76,76,69,63,63,35,35,35,19,19,15,11,34,16,77,71,71,52,52,52,52,35,20,20,0],"gold":236,"neow_bonus":"TEN_PERCENT_HP_BONUS","is_prod":false,"is_daily":false,"chose_seed":false,"campfire_upgraded":1,"win_rate":0.0,"timestamp":1550917787,"path_taken":["M","?","?","?","M","M","$","E","T","$","M","?","?","M","R","BOSS","M","?","M","$","?","R","M","M","T","?"],"build_version":"2019-01-23","purchased_purges":0,"victory":false,"max_hp_per_floor":[77,77,77,77,77,77,77,77,77,77,77,77,77,77,77,77,77,77,77,77,77,77,77,77,77,77,77],"card_choices":[{"not_picked":["Flying Knee","Leg Sweep"],"picked":"Caltrops","floor":1},{"not_picked":["Flechettes","Poisoned Stab"],"picked":"Well Laid Plans","floor":5},{"not_picked":["Eviscerate","Outmaneuver"],"picked":"Sucker Punch","floor":6},{"not_picked":["Terror","Skewer"],"picked":"Riddle With Holes","floor":8},{"not_picked":["Bouncing Flask","Slice"],"picked":"Die Die Die","floor":11},{"not_picked":["Riddle With Holes","Distraction"],"picked":"Calculated Gamble","floor":13},{"not_picked":["Backflip","Dagger Throw"],"picked":"PiercingWail","floor":14},{"not_picked":["Tools of the Trade","Phantasmal Killer"],"picked":"A Thousand Cuts","floor":16},{"not_picked":["Flying Knee+1","Slice"],"picked":"Endless Agony+1","floor":18},{"not_picked":["Eviscerate+1","Flying Knee"],"picked":"Deflect","floor":20},{"not_picked":["Underhanded Strike","Slice","Outmaneuver"],"picked":"SKIP","floor":24},{"not_picked":["Dagger Throw","Flying Knee"],"picked":"Acrobatics+1","floor":25}],"player_experience":2367,"relics_obtained":[{"floor":8,"key":"Paper Crane"},{"floor":9,"key":"Whetstone"},{"floor":26,"key":"Dream Catcher"}],"event_choices":[{"damage_healed":0,"gold_gain":0,"player_choice":"Leave","damage_taken":0,"max_hp_gain":0,"max_hp_loss":0,"event_name":"The Cleric","floor":3,"gold_loss":0},{"damage_healed":0,"gold_gain":0,"player_choice":"Take Wound","damage_taken":0,"relics_obtained":["Golden Idol"],"max_hp_gain":0,"max_hp_loss":0,"event_name":"Golden Idol","floor":4,"gold_loss":0,"cards_obtained":["Injury"]},{"damage_healed":0,"gold_gain":56,"player_choice":"Gained Gold","damage_taken":0,"max_hp_gain":0,"max_hp_loss":0,"event_name":"Golden Wing","floor":12,"gold_loss":0},{"damage_healed":0,"gold_gain":0,"player_choice":"Simplicity","damage_taken":0,"max_hp_gain":0,"max_hp_loss":0,"event_name":"Back to Basics","floor":19,"gold_loss":0,"cards_upgraded":["Defend_G","Defend_G","Defend_G","Defend_G","Defend_G","Strike_G","Strike_G","Strike_G"]},{"damage_healed":0,"gold_gain":0,"player_choice":"Traded Relic","damage_taken":0,"relics_obtained":["Nloth\u0027s Gift"],"max_hp_gain":0,"max_hp_loss":0,"event_name":"N\u0027loth","floor":22,"relics_lost":["Golden Idol"],"gold_loss":0}],"is_beta":false,"boss_relics":[{"not_picked":["Calling Bell","White Beast Statue"],"picked":"Philosopher\u0027s Stone"}],"items_purged_floors":[],"is_endless":false,"potions_floor_spawned":[1,8,13,14,16,20,25],"killed_by":"Sentry and Sphere","ascension_level":0}