{"gold_per_floor":[169,169,189,11,23,23,57,57,80,113,113,113,126,151,151,251,251,269,269,239,251,43,43,72,37,91,91],"floor_reached":27,"playtime":885,"items_purged":["Strike_B"],"score":334,"play_id":"07e818d7-2571-428c-8238-a673f187846e","local_time":"20190617202426","is_ascension_mode":true,"campfire_choices":[{"data":"Streamline","floor":6,"key":"SMITH"},{"data":"Sweeping Beam","floor":8,"key":"SMITH"},{"data":"Reinforced Body","floor":11,"key":"SMITH"},{"data":"Double Energy","floor":15,"key":"SMITH"},{"data":"Discovery","floor":23,"key":"SMITH"}],"neow_cost":"NONE","seed_source_timestamp":19358576802903,"circlet_count":0,"master_deck":["Strike_B","Strike_B+1","Strike_B+1","Defend_B","Defend_B","Defend_B","Defend_B","Zap+1","Dualcast","Streamline+1","Reinforced Body+1","Ball Lightning","Sweeping Beam+1","Steam","Double Energy+1","Machine Learning","BootSequence","Writhe","Genetic Algorithm","Discovery+1","Loop"],"relics":["Tiny House","Orichalcum","Boot","Bronze Scales","Smiling Mask","Art of War","Nuclear Battery","Mummified Hand","Pen Nib","Whetstone"],"potions_floor_usage":[7,14,16,21,24,24,27],"damage_taken":[{"damage":7,"enemies":"Small Slimes","floor":1,"turns":3},{"damage":6,"enemies":"Cultist","floor":3,"turns":3},{"damage":2,"enemies":"2 Louse","floor":5,"turns":3},{"damage":22,"enemies":"3 Sentries","floor":7,"turns":7},{"damage":15,"enemies":"Lagavulin","floor":10,"turns":5},{"damage":4,"enemies":"2 Fungi Beasts","floor":13,"turns":3},{"damage":10,"enemies":"3 Sentries","floor":14,"turns":4},{"damage":38,"enemies":"The Guardian","floor":16,"turns":11},{"damage":9,"enemies":"Chosen","floor":18,"turns":5},{"damage":15,"enemies":"2 Thieves","floor":21,"turns":5},{"damage":23,"enemies":"Book of Stabbing","floor":24,"turns":6},{"damage":34,"enemies":"Slavers","floor":27,"turns":3}],"seed_played":"-6868154132812975768","potions_obtained":[{"floor":0,"key":"Fruit Juice"},{"floor":1,"key":"Regen Potion"},{"floor":3,"key":"PowerPotion"},{"floor":7,"key":"Explosive Potion"},{"floor":20,"key":"SkillPotion"},{"floor":20,"key":"Fruit Juice"},{"floor":21,"key":"SkillPotion"}],"is_trial":false,"path_per_floor":["M","?","M","$","M","R","E","R","T","E","R","?","M","E","R","B",null,"M","?","?","M","$","R","E","$","T","E"],"character_chosen":"DEFECT","items_purchased":["Orichalcum","Sweeping Beam","Genetic Algorithm","Discovery","Loop"],"campfire_rested":0,"item_purchase_floors":[4,4,22,22,25],"current_hp_per_floor":[73,80,74,74,72,72,55,55,55,40,40,68,64,54,54,16,68,59,59,59,49,49,49,26,26,26,0],"gold":91,"neow_bonus":"BOSS_RELIC","is_prod":false,"is_daily":false,"chose_seed":false,"campfire_upgraded":5,"win_rate":0,"timestamp":1560817466,"path_taken":["M","?","M","?","M","R","E","R","T","E","R","?","M","E","R","BOSS","M","?","?","?","$","R","E","?","T","E"],"build_version":"2019-01-23","purchased_purges":1,"victory":false,"max_hp_per_floor":[80,80,80,80,80,80,85,85,85,85,85,85,85,85,85,85,85,85,85,85,90,90,90,90,90,90,90],"card_choices":[{"not_picked":["Chill","Undo"],"picked":"Streamline","floor":0},{"not_picked":["Loop","Conserve Battery"],"picked":"Reinforced Body","floor":1},{"not_picked":["Redo","Steam"],"picked":"Ball Lightning","floor":3},{"not_picked":["Tempest","Hello World"],"picked":"Steam","floor":5},{"not_picked":["Lockon","Melter","Redo"],"picked":"SKIP","floor":7},{"not_picked":["Rebound","Thunder Strike","Beam Cell"],"picked":"SKIP","floor":10},{"not_picked":["Sweeping Beam","Reprogram","Turbo"],"picked":"SKIP","floor":13},{"not_picked":["Double Energy","Sweeping Beam","Reinforced Body"],"picked":"SKIP","floor":14},{"not_picked":["Sweeping Beam","Reinforced Body"],"picked":"Double Energy","floor":14},{"not_picked":["All For One","Core Surge"],"picked":"Machine Learning","floor":16},{"not_picked":["Streamline+1","Go for the Eyes"],"picked":"BootSequence","floor":18},{"not_picked":["Reprogram","Streamline","Steam Power+1"],"picked":"SKIP","floor":21},{"not_picked":["Go for the Eyes","Beam Cell+1","Stack"],"picked":"SKIP","floor":24}],"player_experience":133079,"relics_obtained":[{"floor":7,"key":"Boot"},{"floor":9,"key":"Bronze Scales"},{"floor":10,"key":"Smiling Mask"},{"floor":14,"key":"Art of War"},{"floor":24,"key":"Pen Nib"},{"floor":26,"key":"Whetstone"}],"event_choices":[{"damage_healed":7,"gold_gain":0,"player_choice":"Full Heal","damage_taken":0,"max_hp_gain":0,"max_hp_loss":0,"event_name":"Wheel of Change","floor":2,"gold_loss":0},{"damage_healed":28,"gold_gain":0,"player_choice":"Banana","damage_taken":0,"max_hp_gain":0,"max_hp_loss":0,"event_name":"Big Fish","floor":12,"gold_loss":0},{"damage_healed":0,"gold_gain":0,"player_choice":"Opened","damage_taken":0,"relics_obtained":["Mummified Hand"],"max_hp_gain":0,"max_hp_loss":0,"event_name":"The Mausoleum","floor":19,"gold_loss":0,"cards_obtained":["Writhe"]},{"damage_healed":0,"gold_gain":0,"player_choice":"Bought 2 Potions","damage_taken":0,"max_hp_gain":0,"max_hp_loss":0,"event_name":"The Woman in Blue","floor":20,"gold_loss":0}],"is_beta":false,"boss_relics":[{"not_picked":["Calling Bell","Velvet Choker"],"picked":"Nuclear Battery"}],"items_purged_floors":[22],"is_endless":false,"potions_floor_spawned":[1,3,7,21],"killed_by":"Slavers","ascension_level":5}