{"gold_per_floor":[17,32,43,43,43,43,68,68,68,68,98,111,111],"floor_reached":13,"playtime":653,"items_purged":[],"score":153,"play_id":"1072fcc2-965c-4d75-865c-35ca3e2f937a","local_time":"20190621135844","is_ascension_mode":true,"campfire_choices":[{"data":"Corpse Explosion","floor":6,"key":"SMITH"}],"neow_cost":"NO_GOLD","seed_source_timestamp":341967330612510,"circlet_count":0,"master_deck":["AscendersBane","Defend_G","Defend_G","Defend_G","Defend_G","Defend_G","Strike_G","Strike_G","Strike_G","Strike_G","Strike_G","Survivor","Neutralize+1","Escape Plan","Leg Sweep+1","Corpse Explosion+1","Dagger Spray+1"],"relics":["Ring of the Snake","Ginger","Molten Egg 2","Pantograph","Tingsha"],"potions_floor_usage":[11,13],"damage_taken":[{"damage":5,"enemies":"Small Slimes","floor":1,"turns":6},{"damage":0,"enemies":"2 Louse","floor":2,"turns":3},{"damage":2,"enemies":"Cultist","floor":3,"turns":5},{"damage":27,"enemies":"3 Sentries","floor":7,"turns":5},{"damage":13,"enemies":"Gremlin Nob","floor":11,"turns":4},{"damage":5,"enemies":"3 Louse","floor":12,"turns":3},{"damage":14,"enemies":"3 Sentries","floor":13,"turns":6}],"seed_played":"1415096061037547066","potions_obtained":[{"floor":7,"key":"PowerPotion"},{"floor":12,"key":"Strength Potion"}],"is_trial":false,"path_per_floor":["M","M","M","?","?","R","E","?","T","?","E","M","E"],"character_chosen":"THE_SILENT","items_purchased":[],"campfire_rested":0,"item_purchase_floors":[],"current_hp_per_floor":[58,58,56,56,56,56,29,29,29,29,16,11,0],"gold":111,"neow_bonus":"ONE_RARE_RELIC","is_prod":false,"is_daily":false,"chose_seed":false,"campfire_upgraded":1,"win_rate":0,"timestamp":1561136324,"path_taken":["M","M","M","?","?","R","E","?","T","?","E","M","E"],"build_version":"2019-01-23","purchased_purges":0,"victory":false,"max_hp_per_floor":[70,70,70,70,70,70,70,70,70,70,70,70,70],"card_choices":[{"not_picked":["Acrobatics","Dodge and Roll"],"picked":"Escape Plan","floor":1},{"not_picked":["Flechettes","Dash"],"picked":"Leg Sweep","floor":2},{"not_picked":["Underhanded Strike","Blur"],"picked":"Corpse Explosion","floor":3},{"not_picked":["Deflect","Calculated Gamble","Backstab"],"picked":"SKIP","floor":7},{"not_picked":["Cloak And Dagger","Concentrate"],"picked":"Dagger Spray+1","floor":11},{"not_picked":["Choke+1","Expertise","Sucker Punch+1"],"picked":"SKIP","floor":12}],"player_experience":1121192,"relics_obtained":[{"floor":7,"key":"Molten Egg 2"},{"floor":9,"key":"Pantograph"},{"floor":11,"key":"Tingsha"}],"event_choices":[{"damage_healed":0,"gold_gain":0,"player_choice":"Grow","damage_taken":0,"max_hp_gain":0,"max_hp_loss":0,"event_name":"Living Wall","floor":4,"gold_loss":0,"cards_upgraded":["Neutralize"]},{"damage_healed":0,"gold_gain":0,"player_choice":"Ignored","damage_taken":0,"max_hp_gain":0,"max_hp_loss":0,"event_name":"Liars Game","floor":5,"gold_loss":0},{"damage_healed":0,"gold_gain":0,"player_choice":"Ignored","damage_taken":0,"max_hp_gain":0,"max_hp_loss":0,"event_name":"Golden Wing","floor":8,"gold_loss":0},{"damage_healed":0,"gold_gain":0,"player_choice":"Upgraded","damage_taken":0,"max_hp_gain":0,"max_hp_loss":0,"event_name":"Upgrade Shrine","floor":10,"gold_loss":0,"cards_upgraded":["Leg Sweep"]}],"is_beta":false,"boss_relics":[],"items_purged_floors":[],"is_endless":false,"potions_floor_spawned":[7,12],"killed_by":"3 Sentries","ascension_level":13}