{"gold_per_floor":[113,129,129,22,36,36,61,77,133,163,163,113,131,131,131,207,207,221,237,262,277,277,277,295,220,220,248,264,298,298,8,8,8],"floor_reached":33,"playtime":1825,"items_purged":[],"score":454,"play_id":"341b7cf8-a723-45b1-8398-e3bee2c037bc","local_time":"20190625175528","is_ascension_mode":true,"campfire_choices":[{"floor":6,"key":"REST"},{"floor":11,"key":"REST"},{"floor":15,"key":"REST"},{"floor":23,"key":"REST"},{"floor":30,"key":"REST"},{"floor":32,"key":"REST"}],"neow_cost":"NONE","seed_source_timestamp":169705771355019,"circlet_count":0,"master_deck":["AscendersBane","Strike_B+1","Defend_B","Defend_B","Defend_B","Defend_B","Zap+1","Dualcast","Coolheaded","Fusion","Conserve Battery","Darkness","Rip and Tear","Static Discharge","Redo","Coolheaded","Multi-Cast","Cold Snap","Rebound","Sweeping Beam","FTL+1","Auto Shields+1","FTL","Compile Driver+1","Biased Cognition","Defragment"],"relics":["Cracked Core","DataDisk","Dream Catcher","Tiny Chest","Gremlin Horn","Nuclear Battery","Blood Vial","Mercury Hourglass","Red Mask","Bronze Scales","Mummified Hand"],"potions_floor_usage":[18,21,29,29,33],"damage_taken":[{"damage":7,"enemies":"Small Slimes","floor":1,"turns":3},{"damage":0,"enemies":"Cultist","floor":2,"turns":4},{"damage":7,"enemies":"2 Louse","floor":5,"turns":3},{"damage":16,"enemies":"Lagavulin","floor":7,"turns":9},{"damage":2,"enemies":"2 Fungi Beasts","floor":8,"turns":3},{"damage":22,"enemies":"3 Sentries","floor":10,"turns":6},{"damage":0,"enemies":"Exordium Thugs","floor":13,"turns":4},{"damage":21,"enemies":"Slime Boss","floor":16,"turns":5},{"damage":14,"enemies":"2 Thieves","floor":18,"turns":5},{"damage":6,"enemies":"3 Byrds","floor":19,"turns":4},{"damage":8,"enemies":"Centurion and Healer","floor":21,"turns":9},{"damage":20,"enemies":"Snake Plant","floor":24,"turns":6},{"damage":14,"enemies":"Masked Bandits","floor":27,"turns":3},{"damage":19,"enemies":"Chosen and Byrds","floor":28,"turns":7},{"damage":13,"enemies":"Book of Stabbing","floor":29,"turns":4},{"damage":70,"enemies":"Automaton","floor":33,"turns":10}],"seed_played":"4525753733151931428","potions_obtained":[{"floor":8,"key":"FearPotion"},{"floor":10,"key":"FearPotion"},{"floor":16,"key":"SkillPotion"},{"floor":19,"key":"Weak Potion"},{"floor":24,"key":"Strength Potion"},{"floor":29,"key":"Fire Potion"}],"is_trial":false,"path_per_floor":["M","M","?","?","M","R","E","M","T","E","R","?","M","?","R","B",null,"M","M","T","M","?","R","M","?","T","?","M","E","R","$","R","B"],"character_chosen":"DEFECT","items_purchased":["Mummified Hand","Defragment"],"campfire_rested":6,"item_purchase_floors":[31,31],"current_hp_per_floor":[68,68,52,52,45,69,53,51,51,29,53,53,53,53,77,56,76,62,56,56,50,34,60,42,42,42,30,13,2,28,28,54,0],"gold":8,"neow_bonus":"TEN_PERCENT_HP_BONUS","is_prod":false,"is_daily":false,"chose_seed":false,"campfire_upgraded":0,"win_rate":0,"timestamp":1561496128,"path_taken":["M","M","?","?","?","R","E","M","T","E","R","?","M","?","R","BOSS","M","M","?","?","?","R","M","?","T","?","M","E","R","?","R","BOSS"],"build_version":"2019-01-23","purchased_purges":0,"victory":false,"max_hp_per_floor":[82,82,82,82,82,82,82,82,82,82,82,82,82,82,82,82,82,82,82,82,82,87,87,87,87,87,87,87,87,87,87,87,87],"card_choices":[{"not_picked":["Compile Driver","Heatsinks"],"picked":"Coolheaded","floor":1},{"not_picked":["Gash","Go for the Eyes"],"picked":"Fusion","floor":2},{"not_picked":["Cold Snap","Fission"],"picked":"Conserve Battery","floor":5},{"not_picked":["Double Energy","Gash"],"picked":"Darkness","floor":7},{"not_picked":["Reinforced Body","Stack"],"picked":"Rip and Tear","floor":8},{"not_picked":["Hyperbeam","Leap"],"picked":"Static Discharge","floor":10},{"not_picked":["Turbo","Steam"],"picked":"Redo","floor":11},{"not_picked":["Beam Cell","Turbo"],"picked":"Coolheaded","floor":13},{"not_picked":["Thunder Strike","Hyperbeam"],"picked":"Multi-Cast","floor":16},{"not_picked":["Leap","Force Field"],"picked":"Cold Snap","floor":18},{"not_picked":["BootSequence","Coolheaded"],"picked":"Rebound","floor":19},{"not_picked":["Heatsinks","Cold Snap"],"picked":"Sweeping Beam","floor":21},{"not_picked":["Turbo","Go for the Eyes"],"picked":"FTL+1","floor":24},{"not_picked":["Turbo","Stack+1"],"picked":"Auto Shields+1","floor":27},{"not_picked":["Sunder+1","Consume"],"picked":"FTL","floor":28},{"not_picked":["Ball Lightning","Turbo+1"],"picked":"Compile Driver+1","floor":29},{"not_picked":["Redo","Rebound"],"picked":"Biased Cognition","floor":30}],"player_experience":1185372,"relics_obtained":[{"floor":7,"key":"Dream Catcher"},{"floor":9,"key":"Tiny Chest"},{"floor":10,"key":"Gremlin Horn"},{"floor":20,"key":"Blood Vial"},{"floor":26,"key":"Mercury Hourglass"},{"floor":27,"key":"Red Mask"},{"floor":29,"key":"Bronze Scales"}],"event_choices":[{"damage_healed":0,"gold_gain":0,"player_choice":"Entered Light","damage_taken":16,"max_hp_gain":0,"max_hp_loss":0,"event_name":"Shining Light","floor":3,"gold_loss":0,"cards_upgraded":["Zap","Strike_B"]},{"damage_healed":0,"gold_gain":0,"player_choice":"Paid Gold","damage_taken":0,"relics_obtained":["DataDisk"],"max_hp_gain":0,"max_hp_loss":0,"event_name":"WeMeetAgain","floor":4,"gold_loss":107},{"cards_removed":["Strike_B"],"damage_healed":0,"gold_gain":0,"player_choice":"Card Removal","damage_taken":0,"max_hp_gain":0,"max_hp_loss":0,"event_name":"The Cleric","floor":12,"gold_loss":50},{"cards_removed":["Strike_B"],"damage_healed":0,"gold_gain":0,"player_choice":"Purged","damage_taken":0,"max_hp_gain":0,"max_hp_loss":0,"event_name":"Purifier","floor":14,"gold_loss":0},{"damage_healed":0,"gold_gain":0,"player_choice":"Shed Blood","damage_taken":21,"max_hp_gain":5,"max_hp_loss":0,"event_name":"Forgotten Altar","floor":22,"gold_loss":0},{"cards_removed":["Strike_B"],"damage_healed":0,"gold_gain":0,"player_choice":"Gave Gold","damage_taken":0,"max_hp_gain":0,"max_hp_loss":0,"event_name":"Beggar","floor":25,"gold_loss":75},{"damage_healed":0,"gold_gain":0,"player_choice":"Fought Bandits","damage_taken":0,"max_hp_gain":0,"max_hp_loss":0,"event_name":"Masked Bandits","floor":27,"gold_loss":0}],"is_beta":false,"boss_relics":[{"not_picked":["Astrolabe","Tiny House"],"picked":"Nuclear Battery"}],"items_purged_floors":[],"is_endless":false,"potions_floor_spawned":[8,10,16,19,24,27,29],"killed_by":"Automaton","ascension_level":13}