{"gold_per_floor":[116,128,128,24,34,44,44,55,55,81,81,81],"floor_reached":12,"playtime":328,"items_purged":[],"score":140,"play_id":"9466576a-0ce1-453a-87b4-14f231390805","local_time":"20190624170040","is_ascension_mode":true,"campfire_choices":[{"data":"Dagger Spray","floor":7,"key":"SMITH"}],"neow_cost":"NONE","seed_source_timestamp":279799416409700,"circlet_count":0,"master_deck":["AscendersBane","Defend_G","Defend_G","Defend_G","Defend_G","Defend_G","Strike_G","Strike_G","Strike_G","Strike_G","Strike_G","Survivor","Neutralize","Crippling Poison","Dagger Spray+1","Discovery","Backflip","PiercingWail","Dagger Spray","Flying Knee","Catalyst"],"relics":["Ring of the Snake","NeowsBlessing","Bottled Flame","Meat on the Bone","Oddly Smooth Stone","GremlinMask"],"potions_floor_usage":[8,10,10,12],"damage_taken":[{"damage":0,"enemies":"Cultist","floor":1,"turns":1},{"damage":0,"enemies":"Small Slimes","floor":2,"turns":1},{"damage":0,"enemies":"Jaw Worm","floor":5,"turns":1},{"damage":4,"enemies":"Blue Slaver","floor":6,"turns":5},{"damage":9,"enemies":"Large Slime","floor":8,"turns":7},{"damage":30,"enemies":"Lagavulin","floor":10,"turns":6},{"damage":30,"enemies":"Gremlin Nob","floor":12,"turns":5}],"seed_played":"4639208791062903968","potions_obtained":[{"floor":1,"key":"Strength Potion"},{"floor":5,"key":"GhostInAJar"},{"floor":8,"key":"AttackPotion"},{"floor":10,"key":"PowerPotion"}],"is_trial":false,"path_per_floor":["M","M","T","$","M","M","R","M","T","E","?","E"],"character_chosen":"THE_SILENT","items_purchased":["Discovery","Backflip"],"campfire_rested":0,"item_purchase_floors":[4,4],"current_hp_per_floor":[59,59,59,59,59,55,55,46,46,28,28,0],"gold":81,"neow_bonus":"THREE_ENEMY_KILL","is_prod":false,"is_daily":false,"chose_seed":false,"campfire_upgraded":1,"win_rate":0,"timestamp":1561410040,"path_taken":["M","?","?","$","M","?","R","?","T","E","?","E"],"build_version":"2019-01-23","purchased_purges":0,"victory":false,"max_hp_per_floor":[66,66,66,66,66,66,66,66,66,66,66,66],"card_choices":[{"not_picked":["Bouncing Flask","Reflex"],"picked":"Crippling Poison","floor":1},{"not_picked":["Infinite Blades","Predator"],"picked":"Dagger Spray","floor":2},{"not_picked":["Riddle With Holes","Dagger Throw"],"picked":"PiercingWail","floor":5},{"not_picked":["Cloak And Dagger","Well Laid Plans"],"picked":"Dagger Spray","floor":6},{"not_picked":["Prepared","Sucker Punch"],"picked":"Flying Knee","floor":8},{"not_picked":["Grand Finale","Deflect"],"picked":"Catalyst","floor":10}],"player_experience":1353508,"relics_obtained":[{"floor":3,"key":"Bottled Flame"},{"floor":9,"key":"Meat on the Bone"},{"floor":10,"key":"Oddly Smooth Stone"}],"event_choices":[{"damage_healed":0,"gold_gain":0,"player_choice":"Trade","damage_taken":0,"relics_obtained":["GremlinMask"],"max_hp_gain":0,"max_hp_loss":0,"event_name":"FaceTrader","floor":11,"gold_loss":0}],"is_beta":false,"boss_relics":[],"items_purged_floors":[],"is_endless":false,"potions_floor_spawned":[1,5,8,10],"killed_by":"Gremlin Nob","ascension_level":15}