{"gold_per_floor":[361,371,15,34,34,64,64,64,64,64,77,77,108,120,120,194,194,206,219,58,71,91,91,141,141,141,66,81,81,96,125,125,125],"floor_reached":33,"playtime":1192,"items_purged":["Parasite"],"score":554,"play_id":"db904911-6a5c-4b8b-9546-684166177026","local_time":"20190626164544","is_ascension_mode":true,"campfire_choices":[{"data":"Terror","floor":8,"key":"SMITH"},{"data":"Survivor","floor":12,"key":"SMITH"},{"floor":15,"key":"REST"},{"floor":23,"key":"REST"},{"data":"Enlightenment","floor":25,"key":"SMITH"},{"floor":32,"key":"REST"}],"neow_cost":"PERCENT_DAMAGE","seed_source_timestamp":111928785413700,"circlet_count":0,"master_deck":["AscendersBane","Survivor+1","Neutralize","Terror+1","Dash","Enlightenment+1","Masterful Stab+1","Quick Slash+1","All Out Attack+1","Predator+1","Heel Hook+1","Die Die Die+1","Choke+1","Bullet Time","Underhanded Strike+1","Footwork","Acrobatics","Caltrops","Deadly Poison","PiercingWail","Escape Plan","PiercingWail","Dagger Spray+1","Eviscerate+1","Backflip","PiercingWail","Enlightenment+1","Flying Knee+1","Setup+1"],"relics":["Ring of the Snake","Molten Egg 2","Mummified Hand","Anchor","Bottled Lightning","Pandora\u0027s Box","Vajra","Matryoshka","Happy Flower"],"potions_floor_usage":[13,19,21,21,22,31,33],"damage_taken":[{"damage":0,"enemies":"Jaw Worm","floor":1,"turns":6},{"damage":2,"enemies":"Small Slimes","floor":2,"turns":4},{"damage":0,"enemies":"Cultist","floor":4,"turns":3},{"damage":34,"enemies":"Lagavulin","floor":6,"turns":7},{"damage":0,"enemies":"3 Louse","floor":11,"turns":3},{"damage":6,"enemies":"Gremlin Nob","floor":13,"turns":3},{"damage":0,"enemies":"Exordium Wildlife","floor":14,"turns":2},{"damage":16,"enemies":"Hexaghost","floor":16,"turns":8},{"damage":0,"enemies":"3 Byrds","floor":18,"turns":2},{"damage":11,"enemies":"Spheric Guardian","floor":19,"turns":3},{"damage":8,"enemies":"3 Cultists","floor":21,"turns":4},{"damage":9,"enemies":"Centurion and Healer","floor":22,"turns":5},{"damage":0,"enemies":"Snake Plant","floor":28,"turns":2},{"damage":11,"enemies":"Sentry and Sphere","floor":30,"turns":3},{"damage":6,"enemies":"Gremlin Leader","floor":31,"turns":4},{"damage":71,"enemies":"Automaton","floor":33,"turns":6}],"seed_played":"3215893971182246581","potions_obtained":[{"floor":1,"key":"PowerPotion"},{"floor":16,"key":"Energy Potion"},{"floor":19,"key":"EntropicBrew"},{"floor":30,"key":"Weak Potion"},{"floor":31,"key":"SkillPotion"}],"is_trial":false,"path_per_floor":["M","M","$","M","?","E","?","R","T","?","M","R","E","M","R","B",null,"M","M","$","M","M","R","?","R","T","$","M","?","M","E","R","B"],"character_chosen":"THE_SILENT","items_purchased":["Molten Egg 2","Enlightenment","Vajra"],"campfire_rested":3,"item_purchase_floors":[3,3,20],"current_hp_per_floor":[44,42,42,42,35,1,17,17,17,17,17,17,11,11,30,14,53,53,42,42,34,25,44,44,44,44,44,44,44,33,27,45,0],"gold":125,"neow_bonus":"TWO_FIFTY_GOLD","is_prod":false,"is_daily":false,"chose_seed":false,"campfire_upgraded":3,"win_rate":0,"timestamp":1561581944,"path_taken":["M","M","$","M","?","E","?","R","T","?","M","R","E","M","R","BOSS","M","M","$","M","M","R","?","R","T","$","M","?","?","E","R","BOSS"],"build_version":"2019-01-23","purchased_purges":1,"victory":false,"max_hp_per_floor":[66,66,66,66,66,66,66,66,66,66,66,66,66,66,66,66,66,66,66,66,66,66,66,66,66,66,63,63,63,63,63,63,63],"card_choices":[{"not_picked":["Skewer","Dodge and Roll"],"picked":"Terror","floor":1},{"not_picked":["Prepared","Dodge and Roll"],"picked":"Dash","floor":2},{"not_picked":["Outmaneuver","Blade Dance"],"picked":"Masterful Stab+1","floor":4},{"not_picked":["Bane+1","Deadly Poison"],"picked":"Quick Slash+1","floor":6},{"not_picked":["Prepared","Caltrops"],"picked":"All Out Attack+1","floor":11},{"not_picked":["Night Terror","A Thousand Cuts","Predator+1"],"picked":"SKIP","floor":13},{"not_picked":["Night Terror","A Thousand Cuts"],"picked":"Predator+1","floor":13},{"not_picked":["Outmaneuver","Deflect"],"picked":"Heel Hook+1","floor":14},{"not_picked":["Grand Finale+1","Malaise"],"picked":"Die Die Die+1","floor":16},{"not_picked":["Backflip","Poisoned Stab+1"],"picked":"PiercingWail","floor":18},{"not_picked":["Quick Slash+1","Deflect"],"picked":"Dagger Spray+1","floor":19},{"not_picked":["Bane+1","Poisoned Stab+1"],"picked":"Eviscerate+1","floor":21},{"not_picked":["Blade Dance","Blur"],"picked":"Backflip","floor":22},{"not_picked":["Deadly Poison","Caltrops"],"picked":"PiercingWail","floor":28},{"not_picked":["Bane+1","Acrobatics"],"picked":"Flying Knee+1","floor":30},{"not_picked":["Infinite Blades","Sucker Punch+1"],"picked":"Setup+1","floor":31}],"player_experience":1439130,"relics_obtained":[{"floor":6,"key":"Mummified Hand"},{"floor":9,"key":"Anchor"},{"floor":13,"key":"Bottled Lightning"},{"floor":26,"key":"Matryoshka"},{"floor":31,"key":"Happy Flower"}],"event_choices":[{"cards_removed":["Strike_G"],"damage_healed":0,"gold_gain":0,"player_choice":"Card Removal","damage_taken":7,"max_hp_gain":0,"max_hp_loss":0,"event_name":"Golden Wing","floor":5,"gold_loss":0},{"damage_healed":16,"gold_gain":0,"player_choice":"Healed and dodged fight","damage_taken":0,"max_hp_gain":0,"max_hp_loss":0,"event_name":"Mushrooms","floor":7,"gold_loss":0,"cards_obtained":["Parasite"]},{"damage_healed":0,"gold_gain":0,"player_choice":"Fled","damage_taken":0,"max_hp_gain":0,"max_hp_loss":0,"event_name":"Scrap Ooze","floor":10,"gold_loss":0},{"damage_healed":0,"gold_gain":50,"player_choice":"Stole From Cult","damage_taken":0,"max_hp_gain":0,"max_hp_loss":0,"event_name":"Nest","floor":24,"gold_loss":0},{"damage_healed":0,"gold_gain":0,"player_choice":"Copied","damage_taken":0,"max_hp_gain":0,"max_hp_loss":0,"event_name":"Duplicator","floor":29,"gold_loss":0,"cards_obtained":["Enlightenment"]}],"is_beta":false,"boss_relics":[{"not_picked":["Empty Cage","Velvet Choker"],"picked":"Pandora\u0027s Box"}],"items_purged_floors":[27],"is_endless":false,"potions_floor_spawned":[1,16,19,30,31],"killed_by":"Automaton","ascension_level":20}