{"gold_per_floor":[116,13,13,13,13,71,71,82,82,82,116,164,164,197,197,294,294,311,57,57,57,73,98,98,23,23,33,33,61,72,91,91,91],"floor_reached":33,"playtime":1684,"items_purged":[],"score":324,"play_id":"f797f946-d582-45f4-8683-571fe5df0968","local_time":"20190305023402","is_ascension_mode":false,"campfire_choices":[{"data":"Zap","floor":10,"key":"SMITH"},{"floor":15,"key":"REST"},{"floor":24,"key":"REST"},{"floor":32,"key":"REST"}],"neow_cost":"NONE","seed_source_timestamp":169232374463111,"circlet_count":0,"master_deck":["Strike_B","Strike_B","Strike_B","Defend_B","Defend_B","Defend_B","Defend_B","Zap+1","Dualcast","Conserve Battery+1","Cold Snap","Coolheaded","Turbo+1","Go for the Eyes","Undo","Self Repair","Machine Learning","Steam","Capacitor","Redo","Chill","Scrape","Compile Driver","Seek","Redo","Compile Driver","Hologram"],"relics":["Cracked Core","Bag of Marbles","Tiny Chest","Mercury Hourglass","Bag of Preparation","Ancient Tea Set","Boot","War Paint","Nuclear Battery","Membership Card","Calipers","Nunchaku","Potion Belt"],"potions_floor_usage":[23,23,23],"damage_taken":[{"damage":1,"enemies":"2 Louse","floor":1,"turns":2},{"damage":22,"enemies":"3 Sentries","floor":6,"turns":10},{"damage":0,"enemies":"Small Slimes","floor":8,"turns":2},{"damage":10,"enemies":"Lagavulin","floor":11,"turns":6},{"damage":10,"enemies":"3 Sentries","floor":14,"turns":6},{"damage":19,"enemies":"The Guardian","floor":16,"turns":14},{"damage":11,"enemies":"3 Byrds","floor":18,"turns":3},{"damage":8,"enemies":"Spheric Guardian","floor":22,"turns":4},{"damage":48,"enemies":"Gremlin Leader","floor":23,"turns":12},{"damage":13,"enemies":"Centurion and Healer","floor":27,"turns":13},{"damage":0,"enemies":"Book of Stabbing","floor":29,"turns":6},{"damage":2,"enemies":"Snecko","floor":30,"turns":5},{"damage":24,"enemies":"Snake Plant","floor":31,"turns":5},{"damage":0,"enemies":"Automaton","floor":33,"turns":2}],"seed_played":"-6158280729709509348","potions_obtained":[{"floor":8,"key":"FearPotion"},{"floor":14,"key":"Weak Potion"},{"floor":16,"key":"LiquidBronze"},{"floor":27,"key":"Dexterity Potion"},{"floor":29,"key":"SkillPotion"},{"floor":30,"key":"PowerPotion"}],"is_trial":false,"path_per_floor":["M","$","?","$","?","E","?","M","T","R","E","T","?","E","R","B",null,"M","$","?","$","M","E","R","?","T","M","?","E","M","M","R","B"],"character_chosen":"DEFECT","items_purchased":["Cold Snap","Coolheaded","Membership Card","Capacitor","Redo"],"campfire_rested":3,"item_purchase_floors":[2,2,19,19,19],"current_hp_per_floor":[74,74,74,74,74,52,40,40,40,40,30,30,55,45,67,55,75,64,64,50,50,49,8,32,32,32,26,26,33,38,21,45,45],"gold":91,"neow_bonus":"RANDOM_COMMON_RELIC","is_prod":false,"is_daily":false,"chose_seed":false,"campfire_upgraded":1,"win_rate":0.0,"timestamp":1551771242,"path_taken":["M","$","?","$","?","E","?","M","T","R","E","?","?","E","R","BOSS","M","$","?","$","M","E","R","?","T","M","?","E","M","?","R","BOSS"],"build_version":"2019-01-23","purchased_purges":0,"victory":false,"max_hp_per_floor":[75,75,75,75,75,75,75,75,75,75,75,75,75,75,75,75,75,75,75,80,80,80,80,80,80,80,80,80,80,80,80,80,80],"card_choices":[{"not_picked":["BootSequence","Streamline"],"picked":"Conserve Battery","floor":1},{"not_picked":["Electrodynamics","Storm"],"picked":"Turbo","floor":6},{"not_picked":["Darkness","Compile Driver"],"picked":"Go for the Eyes","floor":8},{"not_picked":["Rebound","Melter"],"picked":"Undo","floor":11},{"not_picked":["Ball Lightning","Amplify"],"picked":"Self Repair","floor":14},{"not_picked":["Rainbow","Reboot"],"picked":"Machine Learning","floor":16},{"not_picked":["Cold Snap+1","Streamline"],"picked":"Steam","floor":18},{"not_picked":["Darkness+1","Ball Lightning"],"picked":"Chill","floor":22},{"not_picked":["Beam Cell+1","Go for the Eyes+1"],"picked":"Scrape","floor":23},{"not_picked":["Go for the Eyes","Streamline"],"picked":"Compile Driver","floor":27},{"not_picked":["Cold Snap","Reboot"],"picked":"Redo","floor":29},{"not_picked":["Steam Power","Coolheaded"],"picked":"Compile Driver","floor":30},{"not_picked":["Cold Snap+1","Defragment"],"picked":"Hologram","floor":31}],"player_experience":23029,"relics_obtained":[{"floor":6,"key":"Tiny Chest"},{"floor":9,"key":"Bag of Preparation"},{"floor":11,"key":"Ancient Tea Set"},{"floor":12,"key":"Boot"},{"floor":14,"key":"War Paint"},{"floor":23,"key":"Calipers"},{"floor":26,"key":"Nunchaku"},{"floor":29,"key":"Potion Belt"}],"event_choices":[{"damage_healed":0,"gold_gain":0,"player_choice":"Ignored","damage_taken":0,"max_hp_gain":0,"max_hp_loss":0,"event_name":"Golden Wing","floor":3,"gold_loss":0},{"damage_healed":0,"gold_gain":0,"player_choice":"Leave","damage_taken":0,"max_hp_gain":0,"max_hp_loss":0,"event_name":"The Cleric","floor":5,"gold_loss":0},{"damage_healed":0,"gold_gain":0,"player_choice":"Success","damage_taken":12,"relics_obtained":["Mercury Hourglass"],"max_hp_gain":0,"max_hp_loss":0,"event_name":"Scrap Ooze","floor":7,"gold_loss":0},{"damage_healed":25,"gold_gain":0,"player_choice":"Banana","damage_taken":0,"max_hp_gain":0,"max_hp_loss":0,"event_name":"Big Fish","floor":13,"gold_loss":0},{"damage_healed":0,"gold_gain":0,"player_choice":"Shed Blood","damage_taken":19,"max_hp_gain":5,"max_hp_loss":0,"event_name":"Forgotten Altar","floor":20,"gold_loss":0},{"cards_removed":["Strike_B"],"damage_healed":0,"gold_gain":0,"player_choice":"Gave Gold","damage_taken":0,"max_hp_gain":0,"max_hp_loss":0,"event_name":"Beggar","floor":25,"gold_loss":75},{"damage_healed":0,"gold_gain":0,"player_choice":"Read","damage_taken":0,"max_hp_gain":0,"max_hp_loss":0,"event_name":"The Library","floor":28,"gold_loss":0,"cards_obtained":["Seek"]}],"is_beta":false,"boss_relics":[{"not_picked":["Lizard Tail","Astrolabe"],"picked":"Nuclear Battery"}],"items_purged_floors":[],"is_endless":false,"potions_floor_spawned":[8,14,16,27,29,30],"killed_by":"Automaton","ascension_level":0}