{"gold_per_floor":[359,155,173,173,173,173,73,73,73,84,84,84,116,127,127,226,226,241,261,280,296,74,74,74,74,101,24,24,24,42,60,60,163,163,181,181,205,85,96,96,121,138,138,138,173,173,173,206,206,206],"floor_reached":51,"playtime":888,"items_purged":["Defend_R","Strike_R","Defend_R","Strike_R"],"score":731,"play_id":"3580c96e-12ac-4526-adc3-747a47c1ecd9","local_time":"20190625153445","is_ascension_mode":false,"campfire_choices":[{"data":"Flex","floor":6,"key":"SMITH"},{"data":"Panacea","floor":8,"key":"SMITH"},{"data":"Inflame","floor":12,"key":"SMITH"},{"data":"Cleave","floor":15,"key":"SMITH"},{"data":"Twin Strike","floor":23,"key":"SMITH"},{"data":"Clash","floor":25,"key":"SMITH"},{"data":"Limit Break","floor":29,"key":"SMITH"},{"data":"Sword Boomerang","floor":32,"key":"SMITH"},{"data":"Cleave","floor":40,"key":"SMITH"},{"data":"Reaper","floor":44,"key":"SMITH"},{"data":"Whirlwind","floor":47,"key":"SMITH"},{"floor":49,"key":"REST"}],"neow_cost":"PERCENT_DAMAGE","seed_source_timestamp":34461842965225,"circlet_count":0,"master_deck":["Strike_R","Strike_R","Defend_R+1","Bash+1","Cleave+1","Panacea+1","Flex+1","Inflame+1","Cleave+1","Offering+1","Clash+1","Twin Strike+1","Reaper+1","Sword Boomerang+1","Headbutt+1","Limit Break+1","Reaper","True Grit+1","Whirlwind+1"],"special_seed":0,"relics":["Burning Blood","The Courier","Strawberry","Busted Crown","Vajra","MutagenicStrength","Lantern","Black Star","Omamori","Pantograph","Bottled Tornado","Mummified Hand","Blood Vial","Toxic Egg 2","Bag of Marbles","Smiling Mask"],"potions_floor_usage":[27,33,50],"damage_taken":[{"damage":8.0,"enemies":"Jaw Worm","floor":1.0,"turns":5.0},{"damage":0,"enemies":"Small Slimes","floor":3,"turns":2},{"damage":0,"enemies":"Cultist","floor":10,"turns":2},{"damage":16,"enemies":"Gremlin Nob","floor":13,"turns":3},{"damage":6,"enemies":"Gremlin Gang","floor":14,"turns":1},{"damage":33,"enemies":"The Guardian","floor":16,"turns":5},{"damage":11,"enemies":"Chosen","floor":18,"turns":2},{"damage":15,"enemies":"Shell Parasite","floor":19,"turns":3},{"damage":8,"enemies":"Chosen and Byrds","floor":20,"turns":2},{"damage":10,"enemies":"Cultist and Chosen","floor":21,"turns":3},{"damage":6,"enemies":"Snecko","floor":30,"turns":1},{"damage":6,"enemies":"Centurion and Healer","floor":31,"turns":2},{"damage":13,"enemies":"Collector","floor":33,"turns":3},{"damage":18,"enemies":"3 Shapes","floor":35,"turns":2},{"damage":6,"enemies":"Orb Walker","floor":39,"turns":2},{"damage":19,"enemies":"Giant Head","floor":41,"turns":4},{"damage":30,"enemies":"Writhing Mass","floor":42,"turns":2},{"damage":45,"enemies":"Reptomancer","floor":45,"turns":3},{"damage":55,"enemies":"Nemesis","floor":48,"turns":3},{"damage":70,"enemies":"Donu and Deca","floor":50,"turns":5}],"seed_played":"3451609277144161933","potions_obtained":[{"floor":3,"key":"SpeedPotion"},{"floor":13,"key":"Fire Potion"},{"floor":14,"key":"SteroidPotion"},{"floor":30,"key":"Energy Potion"},{"floor":45,"key":"PowerPotion"}],"is_trial":false,"path_per_floor":["M","$","M","?","?","R","$","R","T","M","?","R","E","M","R","B",null,"M","M","M","M","$","R","?","R","T","$","?","R","M","M","R","B",null,"M","?","T","$","M","R","E","M","T","R","E","?","R","E","R","B",null],"character_chosen":"IRONCLAD","items_purchased":["Panacea","Flex","Vajra","Fruit Juice"],"campfire_rested":1,"item_purchase_floors":[2,2,22,27],"current_hp_per_floor":[54,54,60,53,37,37,37,37,37,43,43,43,40,40,40,13,87,87,87,87,87,87,87,87,87,87,92,92,92,92,92,92,85,92,92,87,87,87,87,87,80,87,87,87,87,87,87,38,64,32],"gold":206,"neow_bonus":"TWO_FIFTY_GOLD","is_prod":false,"is_daily":false,"chose_seed":false,"campfire_upgraded":11,"win_rate":0,"timestamp":1561498485,"path_taken":["M","$","M","?","?","R","?","R","T","M","?","R","E","?","R","BOSS","M","M","?","M","$","R","?","R","T","$","?","R","M","M","R","BOSS","M","?","?","$","M","R","E","?","T","R","E","?","R","E","R","BOSS"],"build_version":"2019-01-23","purchased_purges":4,"victory":true,"max_hp_per_floor":[80,80,80,80,80,80,80,80,80,80,80,80,87,87,87,87,87,87,87,87,87,87,87,87,87,87,92,92,92,92,92,92,92,92,92,87,87,87,87,87,87,87,87,87,87,87,87,87,87,87],"card_choices":[{"not_picked":["Havoc","Sword Boomerang"],"picked":"Cleave","floor":1.0},{"not_picked":["Thunderclap","Havoc"],"picked":"Inflame","floor":3},{"not_picked":["Bloodletting","Wild Strike"],"picked":"Cleave","floor":10},{"not_picked":["Headbutt","Pommel Strike"],"picked":"Clash","floor":13},{"not_picked":["Anger","Shrug It Off"],"picked":"Twin Strike","floor":14},{"not_picked":["Berserk","Demon Form"],"picked":"Reaper","floor":16},{"not_picked":["Perfected Strike"],"picked":"SKIP","floor":18},{"not_picked":[],"picked":"Sword Boomerang","floor":19},{"not_picked":[],"picked":"Headbutt+1","floor":20},{"not_picked":["Rampage"],"picked":"SKIP","floor":21},{"not_picked":["Cleave"],"picked":"SKIP","floor":30},{"not_picked":["Burning Pact+1"],"picked":"SKIP","floor":31},{"not_picked":[],"picked":"Reaper","floor":33},{"not_picked":[],"picked":"True Grit+1","floor":35},{"not_picked":["Fire Breathing+1"],"picked":"SKIP","floor":39},{"not_picked":["Sentinel+1"],"picked":"SKIP","floor":41},{"not_picked":["Shrug It Off+1"],"picked":"SKIP","floor":42},{"not_picked":["Warcry+1"],"picked":"SKIP","floor":45},{"not_picked":["Rage+1"],"picked":"SKIP","floor":48}],"player_experience":1509861,"relics_obtained":[{"floor":9,"key":"The Courier"},{"floor":13,"key":"Strawberry"},{"floor":26,"key":"Lantern"},{"floor":37,"key":"Omamori"},{"floor":41,"key":"Pantograph"},{"floor":41,"key":"Bottled Tornado"},{"floor":43,"key":"Mummified Hand"},{"floor":45,"key":"Blood Vial"},{"floor":45,"key":"Toxic Egg 2"},{"floor":48,"key":"Bag of Marbles"},{"floor":48,"key":"Smiling Mask"}],"event_choices":[{"cards_removed":["Defend_R"],"damage_healed":0,"gold_gain":0,"player_choice":"Card Removal","damage_taken":7,"max_hp_gain":0,"max_hp_loss":0,"event_name":"Golden Wing","floor":4,"gold_loss":0},{"damage_healed":0,"gold_gain":0,"player_choice":"Entered Light","damage_taken":16,"max_hp_gain":0,"max_hp_loss":0,"event_name":"Shining Light","floor":5,"gold_loss":0,"cards_upgraded":["Bash","Defend_R"]},{"cards_removed":["Strike_R"],"damage_healed":0,"gold_gain":0,"player_choice":"Took Card","damage_taken":0,"max_hp_gain":0,"max_hp_loss":0,"event_name":"NoteForYourself","floor":11,"gold_loss":0,"cards_obtained":["Offering"]},{"damage_healed":0,"gold_gain":0,"player_choice":"Inject Mutagens","damage_taken":0,"relics_obtained":["MutagenicStrength"],"max_hp_gain":0,"max_hp_loss":0,"event_name":"Drug Dealer","floor":24,"gold_loss":0},{"damage_healed":0,"gold_gain":0,"player_choice":"Read","damage_taken":0,"max_hp_gain":0,"max_hp_loss":0,"event_name":"The Library","floor":28,"gold_loss":0,"cards_obtained":["Limit Break"]},{"damage_healed":0,"gold_gain":0,"player_choice":"Max HP","damage_taken":0,"max_hp_gain":0,"max_hp_loss":5,"event_name":"Winding Halls","floor":36,"gold_loss":0},{"damage_healed":0,"gold_gain":0,"player_choice":"1 cards matched","damage_taken":0,"max_hp_gain":0,"max_hp_loss":0,"event_name":"Match and Keep!","floor":46,"gold_loss":0,"cards_obtained":["Whirlwind"]}],"is_beta":false,"boss_relics":[{"not_picked":["Fusion Hammer","Runic Cube"],"picked":"Busted Crown"},{"not_picked":["Lizard Tail","White Beast Statue"],"picked":"Black Star"}],"items_purged_floors":[2,7,22,38],"is_endless":false,"potions_floor_spawned":[3,13,14,18,21,30,45],"ascension_level":0}