{"gold_per_floor":[112,125,200,218,218,218,248,248,274,274],"floor_reached":10,"playtime":628,"items_purged":[],"score":112,"play_id":"b213023b-7174-491e-9f18-b6464fc7aa1d","local_time":"20190622100222","is_ascension_mode":true,"campfire_choices":[{"floor":6,"key":"REST"},{"floor":8,"key":"REST"}],"neow_cost":"NONE","seed_source_timestamp":414209567215058,"circlet_count":0,"master_deck":["AscendersBane","Defend_G","Defend_G","Defend_G","Defend_G","Defend_G","Strike_G","Strike_G","Strike_G","Strike_G","Survivor","Neutralize","Grand Finale","Quick Slash","Well Laid Plans","Footwork","Sucker Punch"],"relics":["Ring of the Snake","Oddly Smooth Stone","Gremlin Horn","Ancient Tea Set"],"potions_floor_usage":[],"damage_taken":[{"damage":0,"enemies":"2 Louse","floor":1,"turns":5},{"damage":8,"enemies":"Jaw Worm","floor":2,"turns":6},{"damage":1,"enemies":"Small Slimes","floor":4,"turns":4},{"damage":46,"enemies":"3 Sentries","floor":7,"turns":17},{"damage":28,"enemies":"Gremlin Nob","floor":10,"turns":5}],"seed_played":"-8687925658164765745","potions_obtained":[{"floor":2,"key":"SneckoOil"},{"floor":4,"key":"LiquidBronze"}],"is_trial":false,"path_per_floor":["M","M","?","M","?","R","E","R","T","E"],"character_chosen":"THE_SILENT","items_purchased":[],"campfire_rested":2,"item_purchase_floors":[],"current_hp_per_floor":[59,51,40,39,36,55,9,28,28,0],"gold":274,"neow_bonus":"TRANSFORM_CARD","is_prod":false,"is_daily":false,"chose_seed":false,"campfire_upgraded":0,"win_rate":0,"timestamp":1561208542,"path_taken":["M","M","?","M","?","R","E","R","T","E"],"build_version":"2019-01-23","purchased_purges":0,"victory":false,"max_hp_per_floor":[66,66,66,66,66,66,66,66,66,66],"card_choices":[{"not_picked":["Sucker Punch","Terror"],"picked":"Quick Slash","floor":1},{"not_picked":["PiercingWail","Crippling Poison"],"picked":"Well Laid Plans","floor":2},{"not_picked":["Deadly Poison","Dodge and Roll"],"picked":"Footwork","floor":4},{"not_picked":["Underhanded Strike","Calculated Gamble"],"picked":"Sucker Punch","floor":7}],"player_experience":1134064,"relics_obtained":[{"floor":7,"key":"Gremlin Horn"},{"floor":9,"key":"Ancient Tea Set"}],"event_choices":[{"damage_healed":0,"gold_gain":75,"player_choice":"Gather Gold","damage_taken":11,"max_hp_gain":0,"max_hp_loss":0,"event_name":"World of Goop","floor":3,"gold_loss":0},{"damage_healed":0,"gold_gain":0,"player_choice":"Success","damage_taken":3,"relics_obtained":["Oddly Smooth Stone"],"max_hp_gain":0,"max_hp_loss":0,"event_name":"Scrap Ooze","floor":5,"gold_loss":0}],"is_beta":false,"boss_relics":[],"items_purged_floors":[],"is_endless":false,"potions_floor_spawned":[2,4],"killed_by":"Gremlin Nob","ascension_level":14}