{"gold_per_floor":[131,160,192,204,226,238,284,296,362,374,311,311,328,361,361,465,465,432,452,270,283,283],"floor_reached":22,"playtime":2094,"items_purged":["Strike_R","Strike_R"],"score":206,"play_id":"bc873fbd-eb29-42e1-a468-d14b35bfb270","local_time":"20190605120155","is_ascension_mode":true,"campfire_choices":[{"data":"Juggernaut","floor":6,"key":"SMITH"},{"data":"Bash","floor":8,"key":"SMITH"},{"data":"Corruption","floor":12,"key":"SMITH"},{"floor":15,"key":"RECALL"}],"neow_cost":"NONE","seed_source_timestamp":386244499746136,"circlet_count":0,"master_deck":["Strike_R","Strike_R","Defend_R","Defend_R","Defend_R","Defend_R","Bash+1","Corruption+1","Juggernaut+1","Juggernaut","True Grit","Dual Wield","Metallicize"],"relics":["Burning Blood","MawBank","Pantograph","Lantern","Oddly Smooth Stone","Black Star"],"potions_floor_usage":[7,7,13,14,14,16,22],"damage_taken":[{"damage":1,"enemies":"Cultist","floor":1,"turns":3},{"damage":5,"enemies":"Small Slimes","floor":2,"turns":4},{"damage":5,"enemies":"2 Louse","floor":3,"turns":2},{"damage":11,"enemies":"Gremlin Gang","floor":5,"turns":6},{"damage":26,"enemies":"Lagavulin","floor":7,"turns":8},{"damage":5,"enemies":"3 Louse","floor":13,"turns":3},{"damage":8,"enemies":"Gremlin Nob","floor":14,"turns":3},{"damage":49,"enemies":"Slime Boss","floor":16,"turns":17},{"damage":32,"enemies":"2 Thieves","floor":18,"turns":5},{"damage":26,"enemies":"Shell Parasite","floor":19,"turns":8},{"damage":31,"enemies":"Cultist and Chosen","floor":21,"turns":7},{"damage":14,"enemies":"Chosen and Byrds","floor":22,"turns":6}],"seed_played":"310260856406383129","potions_obtained":[{"floor":3,"key":"Weak Potion"},{"floor":5,"key":"Strength Potion"},{"floor":10,"key":"AttackPotion"},{"floor":10,"key":"AttackPotion"},{"floor":10,"key":"LiquidBronze"},{"floor":13,"key":"PowerPotion"},{"floor":14,"key":"Block Potion"}],"is_trial":false,"path_per_floor":["M","M","M","?","M","R","E","R","T","?","$","R","M","E","R","B",null,"M","M","$","M","M"],"character_chosen":"IRONCLAD","items_purchased":["Metallicize"],"campfire_rested":0,"item_purchase_floors":[20],"current_hp_per_floor":[80,80,80,80,75,75,55,55,55,55,55,55,56,54,54,36,80,54,34,34,9,0],"gold":283,"neow_bonus":"RANDOM_COMMON_RELIC","is_prod":false,"is_daily":false,"chose_seed":false,"campfire_upgraded":3,"win_rate":0,"timestamp":1559754115,"path_taken":["M","?","M","?","?","R","E","R","T","?","$","R","?","E","R","BOSS","M","M","$","M","M"],"build_version":"2019-01-23","purchased_purges":2,"victory":false,"max_hp_per_floor":[80,80,80,80,80,80,80,80,80,80,80,80,80,80,80,80,80,80,80,80,80,80],"card_choices":[{"not_picked":["Twin Strike","Cleave"],"picked":"Corruption","floor":1},{"not_picked":["Clothesline","Rampage","Sentinel"],"picked":"SKIP","floor":2},{"not_picked":["Uppercut","Warcry"],"picked":"Juggernaut","floor":3},{"not_picked":["Flex","Cleave","Anger"],"picked":"SKIP","floor":5},{"not_picked":["Spot Weakness","Heavy Blade","Fire Breathing"],"picked":"SKIP","floor":7},{"not_picked":["Thunderclap","Sword Boomerang","Second Wind"],"picked":"SKIP","floor":13},{"not_picked":["Carnage","Bludgeon","Burning Pact"],"picked":"SKIP","floor":14},{"not_picked":["Berserk","Demon Form"],"picked":"Juggernaut","floor":16},{"not_picked":["Headbutt","Rampage"],"picked":"True Grit","floor":18},{"not_picked":["Shockwave","Body Slam+1"],"picked":"Dual Wield","floor":19},{"not_picked":["Perfected Strike","Combust","Twin Strike"],"picked":"SKIP","floor":21}],"player_experience":92250,"relics_obtained":[{"floor":7,"key":"Pantograph"},{"floor":9,"key":"Lantern"},{"floor":14,"key":"Oddly Smooth Stone"}],"event_choices":[{"cards_removed":["Strike_R"],"damage_healed":0,"gold_gain":0,"player_choice":"Card Removal","damage_taken":0,"max_hp_gain":0,"max_hp_loss":0,"event_name":"Wheel of Change","floor":4,"gold_loss":0},{"damage_healed":0,"gold_gain":0,"player_choice":"Got Potions","damage_taken":0,"max_hp_gain":0,"max_hp_loss":0,"event_name":"Lab","floor":10,"gold_loss":0}],"is_beta":false,"boss_relics":[{"not_picked":["Lizard Tail","Pandora\u0027s Box"],"picked":"Black Star"}],"items_purged_floors":[11,20],"is_endless":false,"potions_floor_spawned":[3,5,13,14],"killed_by":"Chosen and Byrds","ascension_level":1}