{"gold_per_floor":[112,112,129,141,316,316,344,171,198,226,226],"floor_reached":11,"playtime":245,"items_purged":["Doubt"],"score":93,"play_id":"4e1876c8-bfdd-4a35-8334-82b6be7610e3","local_time":"20190426004154","is_ascension_mode":true,"campfire_choices":[{"data":"Perfected Strike","floor":6,"key":"SMITH"}],"neow_cost":"NONE","seed_source_timestamp":453990864654577,"circlet_count":0,"master_deck":["Strike_R","Strike_R","Strike_R","Strike_R","Strike_R","Defend_R","Defend_R","Defend_R","Defend_R","Bash","Pummel","Perfected Strike+1","Twin Strike","Fiend Fire"],"relics":["Burning Blood","NeowsBlessing","GremlinMask","Potion Belt","Juzu Bracelet","Torii"],"potions_floor_usage":[7],"damage_taken":[{"damage":0,"enemies":"Jaw Worm","floor":1,"turns":1},{"damage":0,"enemies":"Cultist","floor":3,"turns":1},{"damage":0,"enemies":"2 Louse","floor":4,"turns":1},{"damage":41,"enemies":"Lagavulin","floor":7,"turns":6},{"damage":35,"enemies":"3 Sentries","floor":10,"turns":11},{"damage":19,"enemies":"Exordium Wildlife","floor":11,"turns":1}],"seed_played":"-6136728521839852799","potions_obtained":[{"floor":1,"key":"FearPotion"},{"floor":3,"key":"FearPotion"},{"floor":7,"key":"Weak Potion"}],"is_trial":false,"path_per_floor":["M","?","M","M","?","R","E","$","T","E","M"],"character_chosen":"IRONCLAD","items_purchased":["Strength Potion","PowerPotion"],"campfire_rested":0,"item_purchase_floors":[8,8],"current_hp_per_floor":[80,80,80,80,80,80,45,45,45,16,0],"gold":226,"neow_bonus":"THREE_ENEMY_KILL","is_prod":false,"is_daily":false,"chose_seed":false,"campfire_upgraded":1,"win_rate":0,"timestamp":1556253714,"path_taken":["M","?","?","M","?","R","E","?","T","E","M"],"build_version":"2019-01-23","purchased_purges":1,"victory":false,"max_hp_per_floor":[80,80,80,80,80,80,80,80,80,80,80],"card_choices":[{"not_picked":["Second Wind","Clash","Pummel"],"picked":"SKIP","floor":1},{"not_picked":["Second Wind","Clash"],"picked":"Pummel","floor":1},{"not_picked":["Twin Strike","Body Slam"],"picked":"Perfected Strike","floor":3},{"not_picked":["Heavy Blade","Evolve","Body Slam"],"picked":"SKIP","floor":4},{"not_picked":["Evolve","Infernal Blade"],"picked":"Twin Strike","floor":7},{"not_picked":["Intimidate","Pummel"],"picked":"Fiend Fire","floor":10}],"player_experience":107308,"relics_obtained":[{"floor":7,"key":"Potion Belt"},{"floor":9,"key":"Juzu Bracelet"},{"floor":10,"key":"Torii"}],"event_choices":[{"damage_healed":0,"gold_gain":0,"player_choice":"Trade","damage_taken":0,"relics_obtained":["GremlinMask"],"max_hp_gain":0,"max_hp_loss":0,"event_name":"FaceTrader","floor":2,"gold_loss":0},{"damage_healed":0,"gold_gain":175,"player_choice":"AGREE","damage_taken":0,"max_hp_gain":0,"max_hp_loss":0,"event_name":"Liars Game","floor":5,"gold_loss":0,"cards_obtained":["Doubt"]}],"is_beta":false,"boss_relics":[],"items_purged_floors":[8],"is_endless":false,"potions_floor_spawned":[1,3,7],"killed_by":"Exordium Wildlife","ascension_level":3}