{"gold_per_floor":[117,137,155,155,155,185,0,0,0,0,20,20,32,49,49,147,147,167,167,15,29,41,41,68,68,68,97,97,113,144,160,160,255,255,268,18,18,18,30,30,30,61,61,75,75,75],"floor_reached":46,"playtime":2829,"items_purged":["Strike_R","Strike_R"],"score":743,"play_id":"93983dbe-2d3d-4e7b-8316-0f531842f7f9","local_time":"20190627021442","is_ascension_mode":true,"campfire_choices":[{"data":"Inflame","floor":10,"key":"SMITH"},{"data":"Cleave","floor":12,"key":"SMITH"},{"data":"Flame Barrier","floor":15,"key":"SMITH"},{"data":"Disarm","floor":23,"key":"SMITH"},{"data":"Demon Form","floor":25,"key":"SMITH"},{"floor":28,"key":"REST"},{"floor":32,"key":"REST"},{"data":"Heavy Blade","floor":40,"key":"SMITH"}],"neow_cost":"NONE","seed_source_timestamp":260095012441871,"circlet_count":0,"master_deck":["Strike_R+1","Strike_R+1","Strike_R+1","Defend_R+1","Defend_R+1","Defend_R+1","Defend_R+1","Bash+1","Rampage+1","Armaments+1","Flame Barrier+1","Inflame+1","Corruption+1","Sentinel+1","Cleave+1","Disarm+1","Shockwave+1","Juggernaut+1","Heavy Blade+1","True Grit+1","Warcry+1","Feed+1","Spot Weakness+1","Demon Form+1","Seeing Red+1","Fiend Fire+1","Inflame+1","Barricade+1","Shrug It Off+1","Twin Strike+1","Bash"],"relics":["Runic Pyramid","Pear","Orrery","Nloth\u0027s Gift","Dream Catcher","Blue Candle","Gambling Chip","Sundial","Black Star","Happy Flower","Mark of the Bloom","Kunai","Shuriken","Magic Flower"],"potions_floor_usage":[27,27,27,35],"damage_taken":[{"damage":1,"enemies":"Cultist","floor":1,"turns":3},{"damage":3,"enemies":"Jaw Worm","floor":2,"turns":5},{"damage":6,"enemies":"2 Louse","floor":3,"turns":2},{"damage":2,"enemies":"3 Sentries","floor":6,"turns":9},{"damage":9,"enemies":"Lots of Slimes","floor":11,"turns":4},{"damage":3,"enemies":"Blue Slaver","floor":13,"turns":3},{"damage":0,"enemies":"Large Slime","floor":14,"turns":6},{"damage":23,"enemies":"Slime Boss","floor":16,"turns":9},{"damage":6,"enemies":"Shell Parasite","floor":18,"turns":5},{"damage":0,"enemies":"3 Byrds","floor":21,"turns":5},{"damage":26,"enemies":"Centurion and Healer","floor":22,"turns":7},{"damage":15,"enemies":"Book of Stabbing","floor":24,"turns":5},{"damage":10,"enemies":"Gremlin Leader","floor":27,"turns":8},{"damage":0,"enemies":"3 Cultists","floor":29,"turns":5},{"damage":11,"enemies":"Book of Stabbing","floor":30,"turns":6},{"damage":32,"enemies":"Shelled Parasite and Fungi","floor":31,"turns":5},{"damage":67,"enemies":"Automaton","floor":33,"turns":9},{"damage":24,"enemies":"3 Shapes","floor":35,"turns":5},{"damage":12,"enemies":"Orb Walker","floor":39,"turns":3},{"damage":27,"enemies":"Reptomancer","floor":42,"turns":6},{"damage":15,"enemies":"Maw","floor":44,"turns":6},{"damage":9,"enemies":"Writhing Mass","floor":46,"turns":2}],"seed_played":"-6105935898784409330","potions_obtained":[{"floor":1,"key":"Swift Potion"},{"floor":2,"key":"Strength Potion"},{"floor":3,"key":"EssenceOfSteel"},{"floor":6,"key":"Fire Potion"},{"floor":21,"key":"Weak Potion"},{"floor":30,"key":"LiquidBronze"},{"floor":33,"key":"AttackPotion"},{"floor":35,"key":"SpeedPotion"},{"floor":42,"key":"Energy Potion"}],"is_trial":false,"path_per_floor":["M","M","M","?","?","E","$","?","T","R","M","R","M","M","R","B",null,"M","?","$","M","M","R","E","R","T","E","R","M","E","M","R","B",null,"M","$","$","?","M","R","?","E","T","M","?","M"],"character_chosen":"IRONCLAD","items_purchased":["Corruption","Sentinel","Feed","Happy Flower"],"campfire_rested":2,"item_purchase_floors":[7,7,20,36],"current_hp_per_floor":[71,68,62,62,46,54,54,84,84,84,75,75,72,72,72,49,80,74,74,74,78,55,55,44,44,44,38,69,72,64,35,69,2,86,62,62,62,62,50,50,50,23,23,8,8,0],"gold":75,"neow_bonus":"BOSS_RELIC","is_prod":false,"is_daily":false,"chose_seed":false,"campfire_upgraded":6,"win_rate":0,"timestamp":1561616082,"path_taken":["M","?","M","?","?","E","?","?","T","R","M","R","M","M","R","BOSS","M","?","$","M","M","R","E","R","T","E","R","M","E","M","R","BOSS","M","?","$","?","M","R","?","E","T","?","?","M"],"build_version":"2019-01-23","purchased_purges":2,"victory":false,"max_hp_per_floor":[80,80,80,80,80,90,90,90,90,90,90,90,90,90,90,90,90,90,90,90,94,97,97,101,101,101,105,105,108,111,114,114,114,114,114,114,114,108,108,108,108,108,108,112,112,112],"card_choices":[{"not_picked":["Wild Strike","Sentinel"],"picked":"Rampage","floor":1},{"not_picked":["Metallicize","Flex"],"picked":"Armaments","floor":2},{"not_picked":["Body Slam","Clothesline"],"picked":"Flame Barrier","floor":3},{"not_picked":["Infernal Blade","Wild Strike"],"picked":"Inflame","floor":6},{"not_picked":["Heavy Blade","Seeing Red"],"picked":"Cleave","floor":11},{"not_picked":["Rampage","Clothesline"],"picked":"Disarm","floor":13},{"not_picked":["Headbutt","Anger"],"picked":"Shockwave","floor":14},{"not_picked":["Reaper","Brutality"],"picked":"Juggernaut","floor":16},{"not_picked":["Dark Embrace","Armaments"],"picked":"Heavy Blade","floor":17},{"not_picked":["Uppercut","Iron Wave"],"picked":"True Grit","floor":17},{"not_picked":["Thunderclap","Havoc"],"picked":"Warcry","floor":17},{"not_picked":["Havoc","Bloodletting","Sword Boomerang"],"picked":"SKIP","floor":18},{"not_picked":["Barricade","Sword Boomerang","Cleave"],"picked":"SKIP","floor":21},{"not_picked":["Rampage","Flex"],"picked":"Spot Weakness","floor":22},{"not_picked":["Twin Strike","Dark Embrace"],"picked":"Demon Form","floor":24},{"not_picked":["Clash","Havoc","Flex"],"picked":"SKIP","floor":27},{"not_picked":["Clothesline","Havoc"],"picked":"Seeing Red","floor":28},{"not_picked":["Hemokinesis+1","Wild Strike","Flex"],"picked":"SKIP","floor":29},{"not_picked":["Headbutt","Carnage+1"],"picked":"Fiend Fire","floor":30},{"not_picked":["Armaments","Bloodletting"],"picked":"Inflame","floor":31},{"not_picked":["Brutality","Demon Form"],"picked":"Barricade","floor":33},{"not_picked":["Body Slam","True Grit","Flex+1"],"picked":"SKIP","floor":35},{"not_picked":["Pommel Strike","Wild Strike","Body Slam+1"],"picked":"SKIP","floor":39},{"not_picked":["Uppercut","Intimidate"],"picked":"Shrug It Off+1","floor":42},{"not_picked":["Rage","Flex+1"],"picked":"Twin Strike+1","floor":44}],"player_experience":176853,"relics_obtained":[{"floor":6,"key":"Pear"},{"floor":9,"key":"Smiling Mask"},{"floor":24,"key":"Dream Catcher"},{"floor":26,"key":"Blue Candle"},{"floor":27,"key":"Gambling Chip"},{"floor":30,"key":"Sundial"},{"floor":42,"key":"Kunai"},{"floor":42,"key":"Shuriken"},{"floor":43,"key":"Magic Flower"}],"event_choices":[{"damage_healed":0,"gold_gain":0,"player_choice":"Grow","damage_taken":0,"max_hp_gain":0,"max_hp_loss":0,"event_name":"Living Wall","floor":4,"gold_loss":0,"cards_upgraded":["Armaments"]},{"damage_healed":0,"gold_gain":0,"player_choice":"Entered Light","damage_taken":16,"max_hp_gain":0,"max_hp_loss":0,"event_name":"Shining Light","floor":5,"gold_loss":0,"cards_upgraded":["Strike_R","Rampage"]},{"damage_healed":30,"gold_gain":0,"player_choice":"Banana","damage_taken":0,"max_hp_gain":0,"max_hp_loss":0,"event_name":"Big Fish","floor":8,"gold_loss":0},{"damage_healed":0,"gold_gain":0,"player_choice":"Traded Relic","damage_taken":0,"relics_obtained":["Nloth\u0027s Gift"],"max_hp_gain":0,"max_hp_loss":0,"event_name":"N\u0027loth","floor":19,"relics_lost":["Smiling Mask"],"gold_loss":0},{"damage_healed":0,"gold_gain":0,"player_choice":"Max HP","damage_taken":0,"max_hp_gain":0,"max_hp_loss":6,"event_name":"Winding Halls","floor":38,"gold_loss":0},{"damage_healed":0,"gold_gain":0,"player_choice":"Upgrade","damage_taken":0,"relics_obtained":["Mark of the Bloom"],"max_hp_gain":0,"max_hp_loss":0,"event_name":"MindBloom","floor":41,"gold_loss":0,"cards_upgraded":["Strike_R","Strike_R","Defend_R","Defend_R","Defend_R","Defend_R","Bash","Corruption","Sentinel","Shockwave","Juggernaut","True Grit","Warcry","Feed","Spot Weakness","Seeing Red","Fiend Fire","Inflame","Barricade"]},{"damage_healed":0,"gold_gain":0,"player_choice":"1 cards matched","damage_taken":0,"max_hp_gain":0,"max_hp_loss":0,"event_name":"Match and Keep!","floor":45,"gold_loss":0,"cards_obtained":["Bash"]}],"is_beta":false,"boss_relics":[{"not_picked":["Coffee Dripper","Astrolabe"],"picked":"Orrery"},{"not_picked":["Calling Bell","Runic Dome"],"picked":"Black Star"}],"items_purged_floors":[7,36],"is_endless":false,"potions_floor_spawned":[1,2,3,6,18,21,24,30,33,35,42,44],"killed_by":"Writhing Mass","ascension_level":6}