{"gold_per_floor":[114,114,114,125,144,169,169,204,272,272,289,289,35,35,35,35],"floor_reached":16,"playtime":484,"items_purged":["Strike_R"],"score":130,"play_id":"0a2780a7-3e73-4c6b-9f8e-0318b7a0745d","local_time":"20190621141145","is_ascension_mode":true,"campfire_choices":[{"data":"Pommel Strike","floor":7,"key":"SMITH"},{"data":"Armaments","floor":10,"key":"SMITH"},{"data":"Battle Trance","floor":12,"key":"SMITH"},{"data":"Headbutt","floor":15,"key":"SMITH"}],"neow_cost":"NONE","seed_source_timestamp":216194429624,"circlet_count":0,"master_deck":["Strike_R","Strike_R","Strike_R","Defend_R","Defend_R","Defend_R","Defend_R","Bash+1","Armaments+1","Pommel Strike+1","Headbutt+1","Battle Trance+1","Offering","Feel No Pain"],"relics":["Burning Blood","NeowsBlessing","Ginger","Bag of Marbles","Singing Bowl"],"potions_floor_usage":[6,6],"damage_taken":[{"damage":0,"enemies":"Jaw Worm","floor":1,"turns":1},{"damage":0,"enemies":"Cultist","floor":4,"turns":1},{"damage":0,"enemies":"Small Slimes","floor":5,"turns":1},{"damage":26,"enemies":"Lagavulin","floor":6,"turns":7},{"damage":32,"enemies":"Gremlin Nob","floor":8,"turns":4},{"damage":11,"enemies":"Gremlin Gang","floor":11,"turns":4},{"damage":32,"enemies":"Hexaghost","floor":16,"turns":9}],"seed_played":"-4420873669268845419","potions_obtained":[{"floor":4,"key":"Energy Potion"},{"floor":5,"key":"GamblersBrew"},{"floor":8,"key":"Explosive Potion"}],"is_trial":false,"path_per_floor":["M","?","?","M","M","E","R","E","T","R","M","R","$","?","R","B"],"character_chosen":"IRONCLAD","items_purchased":["Offering","Feel No Pain"],"campfire_rested":0,"item_purchase_floors":[13,13],"current_hp_per_floor":[80,80,80,80,80,60,60,34,34,34,31,31,31,31,31,0],"gold":35,"neow_bonus":"THREE_ENEMY_KILL","is_prod":false,"is_daily":false,"chose_seed":false,"campfire_upgraded":4,"win_rate":0,"timestamp":1561140705,"path_taken":["M","?","?","M","M","E","R","E","T","R","?","R","?","?","R","BOSS"],"build_version":"2019-01-23","purchased_purges":1,"victory":false,"max_hp_per_floor":[80,80,80,80,80,80,80,80,80,80,82,82,82,82,82,82],"card_choices":[{"not_picked":["Body Slam","Fire Breathing"],"picked":"Armaments","floor":1},{"not_picked":["Thunderclap","Searing Blow"],"picked":"Pommel Strike","floor":4},{"not_picked":["Seeing Red","Sever Soul"],"picked":"Headbutt","floor":5},{"not_picked":["Sword Boomerang","Flex"],"picked":"Battle Trance","floor":6},{"not_picked":["Wild Strike","Infernal Blade","Pummel"],"picked":"SKIP","floor":8},{"not_picked":["Twin Strike","Flex","Headbutt"],"picked":"Singing Bowl","floor":11}],"player_experience":145542,"relics_obtained":[{"floor":6,"key":"Ginger"},{"floor":8,"key":"Bag of Marbles"},{"floor":9,"key":"Singing Bowl"}],"event_choices":[{"damage_healed":0,"gold_gain":0,"player_choice":"Grow","damage_taken":0,"max_hp_gain":0,"max_hp_loss":0,"event_name":"Living Wall","floor":2,"gold_loss":0,"cards_upgraded":["Bash"]},{"damage_healed":0,"gold_gain":0,"player_choice":"Ignored","damage_taken":0,"max_hp_gain":0,"max_hp_loss":0,"event_name":"Liars Game","floor":3,"gold_loss":0},{"cards_removed":["Strike_R"],"damage_healed":0,"gold_gain":0,"player_choice":"Card Removal","damage_taken":0,"max_hp_gain":0,"max_hp_loss":0,"event_name":"Wheel of Change","floor":14,"gold_loss":0}],"is_beta":false,"boss_relics":[],"items_purged_floors":[13],"is_endless":false,"potions_floor_spawned":[4,5,8],"killed_by":"Hexaghost","ascension_level":4}