{"gold_per_floor":[119,119,143,163,87,87,55,90,90,90],"floor_reached":10,"playtime":1064,"items_purged":[],"score":68,"play_id":"90e6279f-7aff-48f8-b53a-307d0c09d024","local_time":"20190223011951","is_ascension_mode":false,"campfire_choices":[{"data":"Strike_R","floor":6,"key":"SMITH"}],"neow_cost":"","seed_source_timestamp":77441572945711,"circlet_count":0,"master_deck":["Strike_R+1","Strike_R","Strike_R","Strike_R","Strike_R","Defend_R","Defend_R","Defend_R","Defend_R","Bash","Battle Trance","Injury","Shrug It Off","Clash","Rage","Rampage","Entrench"],"relics":["Burning Blood","Golden Idol","Charon\u0027s Ashes"],"potions_floor_usage":[],"damage_taken":[{"damage":5,"enemies":"Jaw Worm","floor":1,"turns":6},{"damage":5,"enemies":"Small Slimes","floor":3,"turns":4},{"damage":0,"enemies":"2 Louse","floor":4,"turns":3},{"damage":27,"enemies":"Exordium Thugs","floor":7,"turns":7},{"damage":55,"enemies":"3 Sentries","floor":8,"turns":11},{"damage":12,"enemies":"2 Fungi Beasts","floor":10,"turns":1}],"seed_played":"-847576970141223948","potions_obtained":[{"floor":1,"key":"AttackPotion"},{"floor":4,"key":"SneckoOil"},{"floor":8,"key":"EssenceOfSteel"}],"is_trial":false,"path_per_floor":["M","?","M","M","$","R","M","E","T","M"],"character_chosen":"IRONCLAD","items_purchased":["Rage"],"campfire_rested":0,"item_purchase_floors":[5],"current_hp_per_floor":[80,80,80,80,80,80,59,10,10,0],"gold":90,"neow_bonus":"","is_prod":false,"is_daily":false,"chose_seed":false,"campfire_upgraded":1,"win_rate":0.0,"timestamp":1550902791,"path_taken":["M","?","M","M","$","R","M","E","T","M"],"build_version":"2019-01-23","purchased_purges":0,"victory":false,"max_hp_per_floor":[80,80,80,80,80,80,80,80,80,80],"card_choices":[{"not_picked":["Corruption","Metallicize"],"picked":"Battle Trance","floor":1},{"not_picked":["Cleave","Fire Breathing"],"picked":"Shrug It Off","floor":3},{"not_picked":["Reckless Charge","Sword Boomerang"],"picked":"Clash","floor":4},{"not_picked":["Anger","Inflame"],"picked":"Rampage","floor":7},{"not_picked":["Inflame","Armaments"],"picked":"Entrench","floor":8}],"player_experience":0,"relics_obtained":[{"floor":8,"key":"Charon\u0027s Ashes"}],"event_choices":[{"damage_healed":0,"gold_gain":0,"player_choice":"Take Wound","damage_taken":0,"relics_obtained":["Golden Idol"],"max_hp_gain":0,"max_hp_loss":0,"event_name":"Golden Idol","floor":2,"gold_loss":0,"cards_obtained":["Injury"]}],"is_beta":false,"boss_relics":[],"items_purged_floors":[],"is_endless":false,"potions_floor_spawned":[1,4,8],"killed_by":"2 Fungi Beasts","ascension_level":0}