{"gold_per_floor":[116,116,34,51,51,51,226,151,175,175,175,193,193,210,210,313,313,332,181,131,150,25,25,37,37],"floor_reached":25,"playtime":1175,"items_purged":["Regret","Strike_B","Strike_B"],"score":236,"play_id":"af552936-cb14-48cf-ab2b-e3b44c1d8705","local_time":"20190614201158","is_ascension_mode":true,"campfire_choices":[{"data":"Zap","floor":6,"key":"SMITH"},{"data":"Dualcast","floor":10,"key":"SMITH"},{"data":"BootSequence","floor":13,"key":"SMITH"},{"data":"Rip and Tear","floor":15,"key":"SMITH"},{"data":"Turbo","floor":23,"key":"SMITH"}],"neow_cost":"NONE","seed_source_timestamp":267527423945595,"circlet_count":0,"master_deck":["Strike_B+1","Strike_B","Defend_B","Defend_B+1","Defend_B","Defend_B","Zap+1","Dualcast+1","Self Repair","BootSequence+1","Rip and Tear+1","Reboot","Steam","Turbo+1","Undo+1"],"relics":["Cracked Core","Dream Catcher","Omamori","Potion Belt","Pocketwatch","Sozu"],"potions_floor_usage":[25,25],"damage_taken":[{"damage":0,"enemies":"2 Louse","floor":1,"turns":3},{"damage":0,"enemies":"Jaw Worm","floor":4,"turns":3},{"damage":0,"enemies":"Small Slimes","floor":12,"turns":3},{"damage":0,"enemies":"3 Louse","floor":14,"turns":3},{"damage":72,"enemies":"Hexaghost","floor":16,"turns":11},{"damage":0,"enemies":"Chosen","floor":18,"turns":3},{"damage":2,"enemies":"Shell Parasite","floor":21,"turns":4},{"damage":14,"enemies":"Snake Plant","floor":24,"turns":3},{"damage":82,"enemies":"Slavers","floor":25,"turns":4}],"seed_played":"8794396909422095046","potions_obtained":[{"floor":4,"key":"Regen Potion"},{"floor":16,"key":"Poison Potion"}],"is_trial":false,"path_per_floor":["M","?","$","M","?","R","?","$","T","R","?","M","R","M","R","B",null,"M","$","?","M","$","R","M","E"],"character_chosen":"DEFECT","items_purchased":["BootSequence","Turbo"],"campfire_rested":0,"item_purchase_floors":[3,19],"current_hp_per_floor":[75,60,60,67,67,67,67,67,67,67,67,74,74,74,74,9,59,66,66,66,71,71,71,64,0],"gold":37,"neow_bonus":"RANDOM_COMMON_RELIC","is_prod":false,"is_daily":false,"chose_seed":false,"campfire_upgraded":5,"win_rate":0,"timestamp":1560561118,"path_taken":["M","?","$","M","?","R","?","$","T","R","?","?","R","M","R","BOSS","M","$","?","M","$","R","?","E"],"build_version":"2019-01-23","purchased_purges":3,"victory":false,"max_hp_per_floor":[75,75,75,75,75,75,75,75,75,75,75,75,75,75,75,75,75,75,75,75,75,75,75,75,75],"card_choices":[{"not_picked":["Ball Lightning","Barrage"],"picked":"Self Repair","floor":1},{"not_picked":["Defragment","Barrage","Doom and Gloom"],"picked":"SKIP","floor":4},{"not_picked":["Recycle","Heatsinks","Hello World"],"picked":"SKIP","floor":12},{"not_picked":["Coolheaded","Recycle"],"picked":"Rip and Tear","floor":14},{"not_picked":["Machine Learning","Creative AI"],"picked":"Reboot","floor":16},{"not_picked":["Beam Cell","Stack"],"picked":"Steam","floor":18},{"not_picked":["Steam Power+1","Stack+1","Consume+1"],"picked":"SKIP","floor":21},{"not_picked":["Ball Lightning+1","Stack"],"picked":"Undo+1","floor":24}],"player_experience":255214,"relics_obtained":[{"floor":9,"key":"Potion Belt"},{"floor":11,"key":"Pocketwatch"}],"event_choices":[{"damage_healed":0,"gold_gain":0,"player_choice":"Entered Light","damage_taken":15,"max_hp_gain":0,"max_hp_loss":0,"event_name":"Shining Light","floor":2,"gold_loss":0,"cards_upgraded":["Defend_B","Strike_B"]},{"damage_healed":0,"gold_gain":0,"player_choice":"Box","damage_taken":0,"relics_obtained":["Omamori"],"max_hp_gain":0,"max_hp_loss":0,"event_name":"Big Fish","floor":5,"gold_loss":0,"cards_obtained":["Regret"]},{"damage_healed":0,"gold_gain":175,"player_choice":"AGREE","damage_taken":0,"max_hp_gain":0,"max_hp_loss":0,"event_name":"Liars Game","floor":7,"gold_loss":0,"cards_obtained":["Doubt"]},{"damage_healed":0,"gold_gain":0,"player_choice":"Relic","damage_taken":0,"max_hp_gain":0,"max_hp_loss":0,"event_name":"Wheel of Change","floor":11,"gold_loss":0},{"damage_healed":0,"gold_gain":0,"player_choice":"Bet on Murderer","damage_taken":0,"max_hp_gain":0,"max_hp_loss":0,"event_name":"The Joust","floor":20,"gold_loss":50}],"is_beta":false,"boss_relics":[{"not_picked":["Runic Pyramid","Velvet Choker"],"picked":"Sozu"}],"items_purged_floors":[8,19,22],"is_endless":false,"potions_floor_spawned":[4,16,21],"killed_by":"Slavers","ascension_level":5}