{"gold_per_floor":[117,117,117,134,144,144,172,172,172,172,187,207,207,228,228,228],"floor_reached":16,"playtime":639,"items_purged":[],"score":204,"play_id":"f66c5d79-3bb9-444c-8530-fd4161c35f0b","local_time":"20190626152538","is_ascension_mode":true,"campfire_choices":[{"data":"Crippling Poison","floor":6,"key":"SMITH"},{"floor":10,"key":"REST"},{"floor":15,"key":"REST"}],"neow_cost":"NONE","seed_source_timestamp":107675887598500,"circlet_count":0,"master_deck":["AscendersBane","Defend_G+1","Defend_G","Defend_G","Defend_G","Defend_G","Strike_G","Strike_G","Strike_G","Strike_G","Survivor","Neutralize","Deadly Poison","Calculated Gamble","Crippling Poison+1","Backflip","Caltrops","Terror"],"relics":["Ring of the Snake","Bottled Flame","Golden Idol","Ornamental Fan"],"potions_floor_usage":[16],"damage_taken":[{"damage":1,"enemies":"Small Slimes","floor":1,"turns":6},{"damage":1,"enemies":"Jaw Worm","floor":4,"turns":4},{"damage":0,"enemies":"Cultist","floor":5,"turns":4},{"damage":35,"enemies":"Lagavulin","floor":7,"turns":8},{"damage":4,"enemies":"2 Fungi Beasts","floor":11,"turns":3},{"damage":17,"enemies":"Large Slime","floor":12,"turns":9},{"damage":12,"enemies":"3 Louse","floor":14,"turns":3},{"damage":32,"enemies":"Hexaghost","floor":16,"turns":9}],"seed_played":"-7181018502979626614","potions_obtained":[{"floor":7,"key":"Ancient Potion"},{"floor":11,"key":"Swift Potion"},{"floor":14,"key":"SpeedPotion"}],"is_trial":false,"path_per_floor":["M","?","?","M","M","R","E","?","T","R","M","M","?","M","R","B"],"character_chosen":"THE_SILENT","items_purchased":[],"campfire_rested":2,"item_purchase_floors":[],"current_hp_per_floor":[58,63,63,62,62,62,27,27,27,46,42,25,25,13,32,0],"gold":228,"neow_bonus":"UPGRADE_CARD","is_prod":false,"is_daily":false,"chose_seed":false,"campfire_upgraded":1,"win_rate":0,"timestamp":1561577138,"path_taken":["M","?","?","M","M","R","E","?","T","R","M","M","?","?","R","BOSS"],"build_version":"2019-01-23","purchased_purges":0,"victory":false,"max_hp_per_floor":[66,71,71,71,71,71,71,64,64,64,64,64,64,64,64,64],"card_choices":[{"not_picked":["Outmaneuver","Dodge and Roll"],"picked":"Deadly Poison","floor":1},{"not_picked":["Slice","Choke"],"picked":"Calculated Gamble","floor":4},{"not_picked":["Sucker Punch","Riddle With Holes"],"picked":"Crippling Poison","floor":5},{"not_picked":["Prepared","Skewer"],"picked":"Backflip","floor":7},{"not_picked":["Infinite Blades","Flying Knee","Outmaneuver"],"picked":"SKIP","floor":11},{"not_picked":["Tactician","Well Laid Plans"],"picked":"Caltrops","floor":12},{"not_picked":["Deflect","Choke"],"picked":"Terror","floor":14}],"player_experience":1435096,"relics_obtained":[{"floor":7,"key":"Bottled Flame"},{"floor":9,"key":"Ornamental Fan"}],"event_choices":[{"damage_healed":0,"gold_gain":0,"player_choice":"Donut","damage_taken":0,"max_hp_gain":5,"max_hp_loss":0,"event_name":"Big Fish","floor":2,"gold_loss":0},{"damage_healed":0,"gold_gain":0,"player_choice":"Ignored","damage_taken":0,"max_hp_gain":0,"max_hp_loss":0,"event_name":"Shining Light","floor":3,"gold_loss":0},{"damage_healed":0,"gold_gain":0,"player_choice":"Lose Max HP","damage_taken":0,"relics_obtained":["Golden Idol"],"max_hp_gain":0,"max_hp_loss":7,"event_name":"Golden Idol","floor":8,"gold_loss":0},{"cards_removed":["Strike_G"],"damage_healed":0,"gold_gain":0,"player_choice":"Purged","damage_taken":0,"max_hp_gain":0,"max_hp_loss":0,"event_name":"Purifier","floor":13,"gold_loss":0}],"is_beta":false,"boss_relics":[],"items_purged_floors":[],"is_endless":false,"potions_floor_spawned":[7,11,14],"killed_by":"Hexaghost","ascension_level":20}