{"gold_per_floor":[115,190,190,115,129,129,160,178,178,51,51,69,82,97,97,202,202,215,215,263,278,76,76,26,26],"floor_reached":25,"playtime":629,"items_purged":["Regret","Strike_B","Strike_B","Strike_B"],"score":251,"play_id":"ab410e9f-581b-4fc0-bfbe-90dd74143ce0","local_time":"20190613124426","is_ascension_mode":true,"campfire_choices":[{"data":"Zap","floor":6,"key":"SMITH"},{"data":"Defragment","floor":11,"key":"SMITH"},{"floor":15,"key":"REST"},{"floor":23,"key":"REST"}],"neow_cost":"NONE","seed_source_timestamp":154827723523021,"circlet_count":0,"master_deck":["Strike_B","Defend_B","Defend_B","Defend_B","Defend_B","Zap+1","Dualcast","Core Surge","Conserve Battery","Ball Lightning","Defragment+1","Creative AI","Defragment"],"relics":["Cracked Core","Matryoshka","Orichalcum","Smiling Mask","Blue Candle","Black Star","Bottled Tornado","Centennial Puzzle","Happy Flower"],"potions_floor_usage":[16,16,16,25],"damage_taken":[{"damage":2,"enemies":"2 Louse","floor":1,"turns":3},{"damage":2,"enemies":"Jaw Worm","floor":5,"turns":3},{"damage":23,"enemies":"Lagavulin","floor":7,"turns":6},{"damage":5,"enemies":"Small Slimes","floor":8,"turns":3},{"damage":7,"enemies":"Exordium Wildlife","floor":12,"turns":3},{"damage":4,"enemies":"Blue Slaver","floor":13,"turns":3},{"damage":6,"enemies":"Looter","floor":14,"turns":3},{"damage":19,"enemies":"Slime Boss","floor":16,"turns":6},{"damage":43,"enemies":"3 Byrds","floor":18,"turns":6},{"damage":5,"enemies":"Chosen","floor":21,"turns":4},{"damage":38,"enemies":"Slavers","floor":25,"turns":3}],"seed_played":"-8490816695117936946","potions_obtained":[{"floor":1,"key":"Swift Potion"},{"floor":8,"key":"SkillPotion"},{"floor":12,"key":"FocusPotion"},{"floor":21,"key":"PowerPotion"}],"is_trial":false,"path_per_floor":["M","?","?","$","M","R","E","M","T","$","R","M","M","M","R","B",null,"M","?","T","M","$","R","$","E"],"character_chosen":"DEFECT","items_purchased":["Defragment","Happy Flower"],"campfire_rested":2,"item_purchase_floors":[10,22],"current_hp_per_floor":[73,62,62,62,60,60,37,32,32,32,32,25,21,15,37,18,61,18,18,18,13,13,35,35,0],"gold":26,"neow_bonus":"ONE_RANDOM_RARE_CARD","is_prod":false,"is_daily":false,"chose_seed":false,"campfire_upgraded":2,"win_rate":0,"timestamp":1560447866,"path_taken":["M","?","?","$","M","R","E","M","T","$","R","M","M","M","R","BOSS","M","?","?","M","$","R","$","E"],"build_version":"2019-01-23","purchased_purges":4,"victory":false,"max_hp_per_floor":[75,75,75,75,75,75,75,75,75,75,75,75,75,75,75,75,75,75,75,75,75,75,75,75,75],"card_choices":[{"not_picked":["Steam","Gash"],"picked":"Conserve Battery","floor":1},{"not_picked":["Multi-Cast","Barrage","Beam Cell"],"picked":"SKIP","floor":5},{"not_picked":["Chill","Gash","Leap"],"picked":"SKIP","floor":7},{"not_picked":["Compile Driver","Leap"],"picked":"Ball Lightning","floor":8},{"not_picked":["Go for the Eyes","Cold Snap"],"picked":"Creative AI","floor":12},{"not_picked":["Heatsinks","Hologram"],"picked":"Defragment","floor":13},{"not_picked":["Beam Cell","Aggregate","Streamline"],"picked":"SKIP","floor":14},{"not_picked":["Stack+1","BootSequence+1","Streamline"],"picked":"SKIP","floor":18},{"not_picked":["Compile Driver","Leap+1","Chill"],"picked":"SKIP","floor":21}],"player_experience":248652,"relics_obtained":[{"floor":7,"key":"Orichalcum"},{"floor":9,"key":"Smiling Mask"},{"floor":9,"key":"Blue Candle"},{"floor":20,"key":"Bottled Tornado"},{"floor":20,"key":"Centennial Puzzle"}],"event_choices":[{"damage_healed":0,"gold_gain":75,"player_choice":"Gather Gold","damage_taken":11,"max_hp_gain":0,"max_hp_loss":0,"event_name":"World of Goop","floor":2,"gold_loss":0},{"damage_healed":0,"gold_gain":0,"player_choice":"Box","damage_taken":0,"relics_obtained":["Matryoshka"],"max_hp_gain":0,"max_hp_loss":0,"event_name":"Big Fish","floor":3,"gold_loss":0,"cards_obtained":["Regret"]},{"damage_healed":0,"gold_gain":0,"player_choice":"Ignored","damage_taken":0,"max_hp_gain":0,"max_hp_loss":0,"event_name":"Ghosts","floor":19,"gold_loss":0}],"is_beta":false,"boss_relics":[{"not_picked":["Busted Crown","FrozenCore"],"picked":"Black Star"}],"items_purged_floors":[4,10,22,24],"is_endless":false,"potions_floor_spawned":[1,8,12,13,21],"killed_by":"Slavers","ascension_level":5}