{"gold_per_floor":[116,116,41,41,41,74,74,74,74,105,125,135,161,336,336,432,432,449,364,364,381,401,401],"floor_reached":23,"playtime":2051,"items_purged":["Defend_G"],"score":282,"play_id":"42f673f3-7ad3-4f83-b46c-57a063808ffd","local_time":"20190626101109","is_ascension_mode":false,"campfire_choices":[{"data":"Dagger Throw","floor":15.0,"key":"SMITH"}],"neow_cost":"NONE","seed_source_timestamp":0,"circlet_count":0,"master_deck":["Defend_G","Defend_G","Defend_G","Defend_G","Strike_G","Strike_G","Strike_G+1","Strike_G","Strike_G","Survivor+1","Neutralize","Underhanded Strike+1","Dagger Throw+1","Underhanded Strike","Acrobatics","Doubt","A Thousand Cuts","Acrobatics","Reflex+1","Prepared"],"special_seed":0,"relics":["Ring of the Snake","NeowsBlessing","Kunai","Bottled Flame","Bag of Marbles","Mummified Hand","Darkstone Periapt","Black Star","Paper Crane"],"potions_floor_usage":[],"damage_taken":[{"damage":0.0,"enemies":"2 Louse","floor":1.0,"turns":1.0},{"damage":0.0,"enemies":"Gremlin Nob","floor":6.0,"turns":1.0},{"damage":0.0,"enemies":"3 Sentries","floor":10.0,"turns":1.0},{"damage":0.0,"enemies":"Cultist","floor":11.0,"turns":2.0},{"damage":0.0,"enemies":"Small Slimes","floor":12.0,"turns":2.0},{"damage":0.0,"enemies":"Gremlin Nob","floor":13.0,"turns":2.0},{"damage":56.0,"enemies":"Slime Boss","floor":16.0,"turns":17.0},{"damage":42,"enemies":"Shell Parasite","floor":18,"turns":14},{"damage":7,"enemies":"Spheric Guardian","floor":21,"turns":4},{"damage":16,"enemies":"Snake Plant","floor":22,"turns":6},{"damage":36,"enemies":"Gremlin Leader","floor":23,"turns":6}],"seed_played":"-4150567096994604878","potions_obtained":[{"floor":2.0,"key":"Dexterity Potion"},{"floor":2.0,"key":"Weak Potion"},{"floor":2.0,"key":"Ancient Potion"}],"is_trial":false,"path_per_floor":["M","?","$","?","?","E","T","$","T","E","M","M","E","?","R","B",null,"M","?","?","M","M","E"],"character_chosen":"THE_SILENT","items_purchased":[],"campfire_rested":0,"item_purchase_floors":[],"current_hp_per_floor":[70,70,70,56,56,56,56,56,56,56,56,56,56,62,62,6,76,34,34,76,69,53,17],"gold":401,"neow_bonus":"THREE_ENEMY_KILL","is_prod":false,"is_daily":false,"chose_seed":false,"campfire_upgraded":1,"win_rate":0.0,"timestamp":1561515069,"path_taken":["M","?","?","?","?","E","?","$","T","E","?","M","E","?","R","BOSS","M","?","?","?","M","E"],"build_version":"2019-01-23","purchased_purges":1,"victory":false,"max_hp_per_floor":[70,70,70,70,70,70,70,70,70,70,70,70,70,76,76,76,76,76,76,76,76,76,76],"card_choices":[{"not_picked":["Dagger Spray","Blur"],"picked":"Underhanded Strike","floor":1.0},{"not_picked":["Riddle With Holes","PiercingWail","Dodge and Roll"],"picked":"SKIP","floor":6.0},{"not_picked":["Dodge and Roll","Finisher"],"picked":"Dagger Throw","floor":10.0},{"not_picked":["Blur","Deflect","Slice"],"picked":"SKIP","floor":11.0},{"not_picked":["Blade Dance","Eviscerate"],"picked":"Underhanded Strike","floor":12.0},{"not_picked":["Sucker Punch","PiercingWail"],"picked":"Acrobatics","floor":13.0},{"not_picked":["Bullet Time","Die Die Die"],"picked":"A Thousand Cuts","floor":16.0},{"not_picked":["Slice","Poisoned Stab"],"picked":"Acrobatics","floor":18},{"not_picked":["Slice","Heel Hook+1"],"picked":"Reflex+1","floor":21},{"not_picked":["Quick Slash","Backflip+1"],"picked":"Prepared","floor":22}],"player_experience":16329,"relics_obtained":[{"floor":6.0,"key":"Kunai"},{"floor":7.0,"key":"Bottled Flame"},{"floor":9.0,"key":"Bag of Marbles"},{"floor":10.0,"key":"Mummified Hand"},{"floor":13.0,"key":"Darkstone Periapt"}],"event_choices":[{"damage_healed":0.0,"max_hp_gain":0.0,"max_hp_loss":0.0,"gold_gain":0.0,"event_name":"Lab","player_choice":"Got Potions","floor":2.0,"gold_loss":0.0,"damage_taken":0.0},{"damage_healed":0.0,"max_hp_gain":0.0,"max_hp_loss":0.0,"gold_gain":0.0,"event_name":"Shining Light","player_choice":"Entered Light","floor":4.0,"gold_loss":0.0,"damage_taken":14.0,"cards_upgraded":["Strike_G","Underhanded Strike"]},{"damage_healed":0.0,"max_hp_gain":0.0,"max_hp_loss":0.0,"gold_gain":0.0,"event_name":"Living Wall","player_choice":"Grow","floor":5.0,"gold_loss":0.0,"damage_taken":0.0,"cards_upgraded":["Survivor"]},{"damage_healed":0.0,"max_hp_gain":0.0,"max_hp_loss":0.0,"gold_gain":175.0,"event_name":"Liars Game","player_choice":"AGREE","floor":14.0,"gold_loss":0.0,"damage_taken":0.0,"cards_obtained":["Doubt"]},{"damage_healed":0,"gold_gain":0,"player_choice":"Obtained Relic","damage_taken":0,"relics_obtained":["Paper Crane"],"max_hp_gain":0,"max_hp_loss":0,"event_name":"Addict","floor":19,"gold_loss":85},{"damage_healed":42,"gold_gain":0,"player_choice":"Full Heal","damage_taken":0,"max_hp_gain":0,"max_hp_loss":0,"event_name":"Wheel of Change","floor":20,"gold_loss":0}],"is_beta":false,"boss_relics":[{"not_picked":["Coffee Dripper","Runic Dome"],"picked":"Black Star"}],"items_purged_floors":[3],"is_endless":false,"potions_floor_spawned":[6,12],"killed_by":"Gremlin Leader","ascension_level":0}