{"gold_per_floor":[109,109,6,6,20,33,33,72,72,72,16,56,56,74,74,172,172,193,49,65,90,103,103],"floor_reached":23,"playtime":2343,"items_purged":["Strike_G","Injury"],"score":429,"play_id":"70ef28c6-5536-4631-a016-f3f8ea8ad036","local_time":"20190626005548","is_ascension_mode":true,"campfire_choices":[{"data":"Bouncing Flask","floor":10,"key":"SMITH"},{"data":"Venomology","floor":13,"key":"SMITH"},{"data":"Setup","floor":15,"key":"SMITH"}],"neow_cost":"TEN_PERCENT_HP_LOSS","seed_source_timestamp":0,"circlet_count":0,"master_deck":["AscendersBane","Defend_G","Defend_G","Defend_G","Defend_G","Defend_G","Strike_G","Strike_G","Strike_G","Survivor+1","Neutralize","Well Laid Plans","Poisoned Stab","Bouncing Flask+1","Skewer","Backflip","Venomology+1","Setup+1","Burst","Caltrops","PiercingWail+1","Backflip"],"special_seed":0,"relics":["Ring of the Snake","Calipers","Golden Idol","Letter Opener","Matryoshka","Regal Pillow","Fusion Hammer"],"potions_floor_usage":[8,8,12,14,16,16,18,18,18,21,23,23,23],"damage_taken":[{"damage":0.0,"enemies":"2 Louse","floor":1.0,"turns":5.0},{"damage":1,"enemies":"Cultist","floor":5,"turns":4},{"damage":1,"enemies":"Jaw Worm","floor":6,"turns":7},{"damage":14,"enemies":"Gremlin Nob","floor":8,"turns":4},{"damage":0,"enemies":"Lagavulin","floor":12,"turns":5},{"damage":4,"enemies":"Large Slime","floor":14,"turns":8},{"damage":28,"enemies":"The Guardian","floor":16,"turns":9},{"damage":6,"enemies":"2 Thieves","floor":18,"turns":4},{"damage":8,"enemies":"Spheric Guardian","floor":20,"turns":4},{"damage":12,"enemies":"Centurion and Healer","floor":21,"turns":7},{"damage":3,"enemies":"Snake Plant","floor":22,"turns":4},{"damage":39,"enemies":"Slavers","floor":23,"turns":4}],"seed_played":"7925234605786724812","potions_obtained":[{"floor":1,"key":"Ancient Potion"},{"floor":5,"key":"Swift Potion"},{"floor":8,"key":"PowerPotion"},{"floor":12,"key":"SkillPotion"},{"floor":18,"key":"SteroidPotion"}],"is_trial":false,"path_per_floor":["M","?","$","?","M","M","?","E","T","R","$","E","R","M","R","B",null,"M","$","M","M","M","E"],"character_chosen":"THE_SILENT","items_purchased":["Poisoned Stab","Poison Potion","Caltrops"],"campfire_rested":0,"item_purchase_floors":[3,11,19],"current_hp_per_floor":[59,52,52,52,51,50,50,36,36,36,36,36,36,32,32,4,46,40,40,32,20,17,0],"gold":103,"neow_bonus":"ONE_RARE_RELIC","is_prod":false,"is_daily":false,"chose_seed":false,"campfire_upgraded":3,"win_rate":0,"timestamp":1561524948,"path_taken":["M","?","$","?","M","?","?","E","T","R","$","E","R","M","R","BOSS","M","$","M","M","M","E"],"build_version":"2019-01-23","purchased_purges":2,"victory":false,"max_hp_per_floor":[60,60,60,60,60,60,60,60,60,60,60,60,60,60,60,60,60,60,60,60,60,60,60],"card_choices":[{"not_picked":["Underhanded Strike","Outmaneuver"],"picked":"Well Laid Plans","floor":1},{"not_picked":["Dodge and Roll","Cloak And Dagger"],"picked":"Bouncing Flask","floor":5},{"not_picked":["Dagger Spray","Slice"],"picked":"Skewer","floor":6},{"not_picked":["Slice","Dagger Throw"],"picked":"Backflip","floor":8},{"not_picked":["Infinite Blades","Dodge and Roll"],"picked":"Venomology","floor":12},{"not_picked":["Eviscerate","Reflex"],"picked":"Setup","floor":14},{"not_picked":["A Thousand Cuts","Wraith Form v2"],"picked":"Burst","floor":16},{"not_picked":["Terror","Dodge and Roll","Sucker Punch"],"picked":"SKIP","floor":18},{"not_picked":["Outmaneuver","Dash"],"picked":"PiercingWail+1","floor":20},{"not_picked":["Outmaneuver","Setup","Terror"],"picked":"SKIP","floor":21},{"not_picked":["Endless Agony+1","Reflex"],"picked":"Backflip","floor":22}],"player_experience":704493,"relics_obtained":[{"floor":8,"key":"Letter Opener"},{"floor":9,"key":"Matryoshka"},{"floor":12,"key":"Regal Pillow"}],"event_choices":[{"cards_removed":["Strike_G"],"damage_healed":0,"gold_gain":0,"player_choice":"Card Removal","damage_taken":7,"max_hp_gain":0,"max_hp_loss":0,"event_name":"Golden Wing","floor":2,"gold_loss":0},{"damage_healed":0,"gold_gain":0,"player_choice":"Forge","damage_taken":0,"max_hp_gain":0,"max_hp_loss":0,"event_name":"Accursed Blacksmith","floor":4,"gold_loss":0,"cards_upgraded":["Survivor"]},{"damage_healed":0,"gold_gain":0,"player_choice":"Take Wound","damage_taken":0,"relics_obtained":["Golden Idol"],"max_hp_gain":0,"max_hp_loss":0,"event_name":"Golden Idol","floor":7,"gold_loss":0,"cards_obtained":["Injury"]}],"is_beta":false,"boss_relics":[{"not_picked":["Ring of the Serpent","Sozu"],"picked":"Fusion Hammer"}],"items_purged_floors":[3,19],"is_endless":false,"potions_floor_spawned":[1,5,8,12,18,21,22],"killed_by":"Slavers","ascension_level":18}