{"gold_per_floor":[114,40,59,69,84,116,116,134,181,209,229,246,246],"floor_reached":13,"playtime":775,"items_purged":[],"score":114,"play_id":"3a333bba-5615-47c5-9f7e-05a0de77f2ab","local_time":"20190421041252","is_ascension_mode":true,"campfire_choices":[{"data":"Neutralize","floor":7,"key":"SMITH"}],"neow_cost":"NONE","seed_source_timestamp":34105702695399,"circlet_count":0,"master_deck":["Defend_G","Defend_G","Defend_G","Defend_G","Defend_G","Strike_G","Strike_G","Strike_G","Strike_G","Survivor","Neutralize+1","Infinite Blades","Backflip","Poisoned Stab","Leg Sweep","Dagger Spray","Blade Dance","Riddle With Holes","Backflip","Blade Dance","After Image","Deadly Poison"],"relics":["Ring of the Snake","Bottled Tornado","Pen Nib","Mercury Hourglass"],"potions_floor_usage":[10,10,10,10,11,13],"damage_taken":[{"damage":0,"enemies":"Cultist","floor":1,"turns":4},{"damage":1,"enemies":"Jaw Worm","floor":3,"turns":3},{"damage":5,"enemies":"2 Louse","floor":4,"turns":2},{"damage":15,"enemies":"2 Fungi Beasts","floor":5,"turns":4},{"damage":37,"enemies":"Lagavulin","floor":6,"turns":10},{"damage":1,"enemies":"Red Slaver","floor":8,"turns":4},{"damage":2,"enemies":"Gremlin Nob","floor":10,"turns":3},{"damage":6,"enemies":"Exordium Thugs","floor":11,"turns":3},{"damage":0,"enemies":"3 Louse","floor":12,"turns":2},{"damage":14,"enemies":"Red Slaver","floor":13,"turns":1}],"seed_played":"2187655360682576311","potions_obtained":[{"floor":5,"key":"EssenceOfSteel"},{"floor":6,"key":"EntropicBrew"},{"floor":10,"key":"Poison Potion"},{"floor":12,"key":"SteroidPotion"}],"is_trial":false,"path_per_floor":["M","$","M","M","M","E","R","M","T","E","M","M","M"],"character_chosen":"THE_SILENT","items_purchased":["Backflip","Poisoned Stab"],"campfire_rested":0,"item_purchase_floors":[2,2],"current_hp_per_floor":[70,70,69,64,49,12,12,11,11,9,3,3,0],"gold":246,"neow_bonus":"REMOVE_CARD","is_prod":false,"is_daily":false,"chose_seed":false,"campfire_upgraded":1,"win_rate":0,"timestamp":1555834372,"path_taken":["M","$","M","M","M","E","R","M","T","E","M","?","M"],"build_version":"2019-01-23","purchased_purges":0,"victory":false,"max_hp_per_floor":[70,70,70,70,70,70,70,70,70,70,70,70,70],"card_choices":[{"not_picked":["Underhanded Strike","Prepared"],"picked":"Infinite Blades","floor":1},{"not_picked":["Dagger Throw","Sucker Punch"],"picked":"Leg Sweep","floor":3},{"not_picked":["Bane","Predator"],"picked":"Dagger Spray","floor":4},{"not_picked":["Heel Hook","All Out Attack"],"picked":"Blade Dance","floor":5},{"not_picked":["Flechettes","Underhanded Strike"],"picked":"Riddle With Holes","floor":6},{"not_picked":["Blade Dance","Bane"],"picked":"Backflip","floor":8},{"not_picked":["Reflex","Endless Agony"],"picked":"Blade Dance","floor":10},{"not_picked":["Backflip","Dagger Throw"],"picked":"After Image","floor":11},{"not_picked":["Deflect","Bane"],"picked":"Deadly Poison","floor":12}],"player_experience":91689,"relics_obtained":[{"floor":6,"key":"Bottled Tornado"},{"floor":9,"key":"Pen Nib"},{"floor":10,"key":"Mercury Hourglass"}],"event_choices":[],"is_beta":false,"boss_relics":[],"items_purged_floors":[],"is_endless":false,"potions_floor_spawned":[5,6,10,12],"killed_by":"Red Slaver","ascension_level":3}