{"gold_per_floor":[209,64,74,88,88,88,88,98,98,57,85,85,50,50,50,50],"floor_reached":16,"playtime":780,"items_purged":[],"score":98,"play_id":"809ef295-7f85-41ad-a847-838d31a4d17d","local_time":"20190224013719","is_ascension_mode":false,"campfire_choices":[{"data":"Infinite Blades","floor":6,"key":"SMITH"},{"floor":12,"key":"REST"},{"floor":15,"key":"REST"}],"neow_cost":"NONE","seed_source_timestamp":27489686179816,"circlet_count":0,"master_deck":["Defend_G","Defend_G","Defend_G","Defend_G","Defend_G","Strike_G","Strike_G","Strike_G","Strike_G","Strike_G","Survivor","Neutralize+1","Acrobatics","Infinite Blades+1","Blur","Slice","Predator","Distraction"],"relics":["Ring of the Snake","Blood Vial","Sundial","Peace Pipe","Snake Skull","Golden Idol"],"potions_floor_usage":[16,16],"damage_taken":[{"damage":0,"enemies":"Small Slimes","floor":1,"turns":6},{"damage":9,"enemies":"2 Louse","floor":3,"turns":3},{"damage":1,"enemies":"Jaw Worm","floor":4,"turns":6},{"damage":2,"enemies":"2 Fungi Beasts","floor":8,"turns":4},{"damage":22,"enemies":"3 Sentries","floor":11,"turns":8},{"damage":74,"enemies":"Slime Boss","floor":16,"turns":23}],"seed_played":"-6045626577766694036","potions_obtained":[{"floor":8,"key":"EssenceOfSteel"},{"floor":11,"key":"SpeedPotion"}],"is_trial":false,"path_per_floor":["M","$","M","M","?","R","?","M","T","$","E","R","?","?","R","B"],"character_chosen":"THE_SILENT","items_purchased":["Blood Vial","Predator"],"campfire_rested":2,"item_purchase_floors":[2,10],"current_hp_per_floor":[70,70,61,62,55,55,55,55,55,55,35,56,70,53,70,0],"gold":50,"neow_bonus":"HUNDRED_GOLD","is_prod":false,"is_daily":false,"chose_seed":false,"campfire_upgraded":1,"win_rate":0.0,"timestamp":1550990239,"path_taken":["M","$","M","M","?","R","?","M","T","$","E","R","?","?","R","BOSS"],"build_version":"2019-01-23","purchased_purges":0,"victory":false,"max_hp_per_floor":[70,70,70,70,70,70,70,70,70,70,70,70,70,70,70,70],"card_choices":[{"not_picked":["Poisoned Stab","Outmaneuver"],"picked":"Acrobatics","floor":1},{"not_picked":["Deadly Poison","After Image"],"picked":"Infinite Blades","floor":3},{"not_picked":["Expertise","Poisoned Stab"],"picked":"Blur","floor":4},{"not_picked":["Poisoned Stab","Heel Hook"],"picked":"Slice","floor":8},{"not_picked":["Outmaneuver","Acrobatics"],"picked":"Distraction","floor":11}],"player_experience":8992,"relics_obtained":[{"floor":9,"key":"Peace Pipe"},{"floor":11,"key":"Snake Skull"}],"event_choices":[{"damage_healed":0,"gold_gain":0,"player_choice":"Success","damage_taken":7,"relics_obtained":["Sundial"],"max_hp_gain":0,"max_hp_loss":0,"event_name":"Scrap Ooze","floor":5,"gold_loss":0},{"damage_healed":0,"gold_gain":0,"player_choice":"Grow","damage_taken":0,"max_hp_gain":0,"max_hp_loss":0,"event_name":"Living Wall","floor":7,"gold_loss":0,"cards_upgraded":["Neutralize"]},{"damage_healed":17,"gold_gain":0,"player_choice":"Healed","damage_taken":0,"max_hp_gain":0,"max_hp_loss":0,"event_name":"The Cleric","floor":13,"gold_loss":35},{"damage_healed":0,"gold_gain":0,"player_choice":"Take Damage","damage_taken":17,"relics_obtained":["Golden Idol"],"max_hp_gain":0,"max_hp_loss":0,"event_name":"Golden Idol","floor":14,"gold_loss":0}],"is_beta":false,"boss_relics":[],"items_purged_floors":[],"is_endless":false,"potions_floor_spawned":[8,11],"killed_by":"Slime Boss","ascension_level":0}