{"gold_per_floor":[112,125,52,66,85,85,120,75,122,136,147,147,180,192,192,271,271,286,302,302,227,245,245,273,273,273,286,286,286,314,333,333,333],"floor_reached":33,"playtime":2279,"items_purged":[],"score":526,"play_id":"b8e239bf-5c54-4807-866b-d6f04107f481","local_time":"20190626110053","is_ascension_mode":true,"campfire_choices":[{"floor":6.0,"key":"REST"},{"floor":15.0,"key":"REST"},{"floor":23.0,"key":"REST"},{"floor":25.0,"key":"REST"},{"floor":29,"key":"REST"},{"floor":32,"key":"REST"}],"neow_cost":"PERCENT_DAMAGE","seed_source_timestamp":0,"circlet_count":0,"master_deck":["AscendersBane","Strike_B","Strike_B","Defend_B","Defend_B","Defend_B","Zap","Dualcast","Cold Snap","Compile Driver","Defragment","Barrage","Ball Lightning","Static Discharge","Conserve Battery+1","Undo+1","Redo+1","Fission+1","Hologram+1","Coolheaded+1","Coolheaded+1","FTL","Leap+1","Buffer+1"],"special_seed":0,"relics":["Cracked Core","Toxic Egg 2","Bag of Marbles","Potion Belt","Ornamental Fan","Nuclear Battery","Darkstone Periapt","Boot","Frozen Egg 2","Juzu Bracelet"],"potions_floor_usage":[33,33],"damage_taken":[{"damage":1.0,"enemies":"Cultist","floor":1.0,"turns":3.0},{"damage":7.0,"enemies":"Small Slimes","floor":2.0,"turns":3.0},{"damage":0.0,"enemies":"2 Louse","floor":4.0,"turns":2.0},{"damage":3.0,"enemies":"Blue Slaver","floor":5.0,"turns":3.0},{"damage":13.0,"enemies":"Gremlin Nob","floor":7.0,"turns":3.0},{"damage":0.0,"enemies":"Looter","floor":10.0,"turns":2.0},{"damage":4.0,"enemies":"Red Slaver","floor":11.0,"turns":2.0},{"damage":8.0,"enemies":"Lagavulin","floor":13.0,"turns":7.0},{"damage":4.0,"enemies":"Blue Slaver","floor":14.0,"turns":4.0},{"damage":32.0,"enemies":"Slime Boss","floor":16.0,"turns":10.0},{"damage":13.0,"enemies":"Shell Parasite","floor":18.0,"turns":4.0},{"damage":0.0,"enemies":"Spheric Guardian","floor":19.0,"turns":3.0},{"damage":25.0,"enemies":"Cultist and Chosen","floor":22.0,"turns":6.0},{"damage":13.0,"enemies":"Book of Stabbing","floor":24.0,"turns":5.0},{"damage":18.0,"enemies":"Snecko","floor":27.0,"turns":6.0},{"damage":22.0,"enemies":"Gremlin Leader","floor":28.0,"turns":8.0},{"damage":33,"enemies":"Book of Stabbing","floor":30,"turns":7},{"damage":0,"enemies":"Centurion and Healer","floor":31,"turns":7},{"damage":45,"enemies":"Champ","floor":33,"turns":12}],"seed_played":"-110639216739090268","potions_obtained":[{"floor":2.0,"key":"SmokeBomb"},{"floor":5.0,"key":"SpeedPotion"},{"floor":11.0,"key":"AttackPotion"},{"floor":13.0,"key":"Swift Potion"},{"floor":22.0,"key":"Block Potion"},{"floor":24.0,"key":"EntropicBrew"},{"floor":30,"key":"Swift Potion"}],"is_trial":false,"path_per_floor":["M","M","$","M","M","R","E","$","T","M","M","?","E","M","R","B",null,"M","M","?","?","M","R","E","R","T","M","E","R","E","M","R","B"],"character_chosen":"DEFECT","items_purchased":["Defragment","Conserve Battery+1"],"campfire_rested":6,"item_purchase_floors":[3,8],"current_hp_per_floor":[49,42,42,42,39,61,48,48,48,48,44,41,33,29,51,19,61,48,48,48,48,23,45,32,54,54,36,23,45,12,12,34,0],"gold":333,"neow_bonus":"REMOVE_TWO","is_prod":false,"is_daily":false,"chose_seed":false,"campfire_upgraded":0,"win_rate":0,"timestamp":1561557653,"path_taken":["M","M","?","M","M","R","E","$","T","M","M","?","E","M","R","BOSS","M","M","?","?","M","R","E","R","T","M","E","R","E","M","R","BOSS"],"build_version":"2019-01-23","purchased_purges":0,"victory":false,"max_hp_per_floor":[75,75,75,75,75,75,75,75,75,75,75,75,75,75,75,75,75,75,75,75,75,75,75,75,75,75,75,75,75,75,75,75,75],"card_choices":[{"not_picked":["Hologram","Beam Cell"],"picked":"Cold Snap","floor":1.0},{"not_picked":["Scrape","Reprogram"],"picked":"Compile Driver","floor":2.0},{"not_picked":["Capacitor","Compile Driver"],"picked":"Barrage","floor":4.0},{"not_picked":["Compile Driver","Coolheaded"],"picked":"Ball Lightning","floor":5.0},{"not_picked":["Static Discharge","Ball Lightning","Turbo"],"picked":"SKIP","floor":7.0},{"not_picked":["Ball Lightning","Turbo"],"picked":"Static Discharge","floor":7.0},{"not_picked":["Loop","Hologram+1"],"picked":"Undo+1","floor":10.0},{"not_picked":["Rip and Tear","Lockon","Turbo+1"],"picked":"SKIP","floor":11.0},{"not_picked":["Stack+1","Barrage"],"picked":"Redo+1","floor":13.0},{"not_picked":["Ball Lightning","Rebound","Streamline"],"picked":"SKIP","floor":14.0},{"not_picked":["Echo Form","Buffer"],"picked":"Fission+1","floor":16.0},{"not_picked":["Ball Lightning","Compile Driver"],"picked":"Hologram+1","floor":18.0},{"not_picked":["Loop","Streamline"],"picked":"Coolheaded+1","floor":19.0},{"not_picked":["Barrage","Rebound"],"picked":"Coolheaded+1","floor":22.0},{"not_picked":["Heatsinks","Static Discharge"],"picked":"FTL","floor":24.0},{"not_picked":["Storm+1","Ball Lightning"],"picked":"Leap+1","floor":27.0},{"not_picked":["Compile Driver","Auto Shields+1"],"picked":"Buffer+1","floor":30},{"not_picked":["Hologram+1","Rebound","Compile Driver"],"picked":"SKIP","floor":31}],"player_experience":1187197,"relics_obtained":[{"floor":7.0,"key":"Toxic Egg 2"},{"floor":9.0,"key":"Bag of Marbles"},{"floor":13.0,"key":"Ornamental Fan"},{"floor":24.0,"key":"Boot"},{"floor":26.0,"key":"Frozen Egg 2"},{"floor":30,"key":"Juzu Bracelet"}],"event_choices":[{"damage_healed":0.0,"max_hp_gain":0.0,"max_hp_loss":0.0,"gold_gain":0.0,"event_name":"Scrap Ooze","player_choice":"Success","floor":12.0,"gold_loss":0.0,"damage_taken":3.0,"relics_obtained":["Potion Belt"]},{"damage_healed":0.0,"max_hp_gain":0.0,"max_hp_loss":0.0,"gold_gain":0.0,"event_name":"The Mausoleum","player_choice":"Opened","floor":20.0,"gold_loss":0.0,"damage_taken":0.0,"relics_obtained":["Darkstone Periapt"]},{"cards_removed":["Defend_B"],"damage_healed":0.0,"max_hp_gain":0.0,"max_hp_loss":0.0,"gold_gain":0.0,"event_name":"Beggar","player_choice":"Gave Gold","floor":21.0,"gold_loss":75.0,"damage_taken":0.0}],"is_beta":false,"boss_relics":[{"not_picked":["Pandora\u0027s Box","Sozu"],"picked":"Nuclear Battery"}],"items_purged_floors":[],"is_endless":false,"potions_floor_spawned":[2,5,7,11,13,22,24,30],"killed_by":"Champ","ascension_level":13}