{"gold_per_floor":[111,129,49,49,49,83,83,100,100,117,151,161,161,174,174,278,278,295,309,162,172,189,189,189,215,215,231,231,256,355,355],"floor_reached":31,"playtime":1148,"items_purged":[],"score":332,"play_id":"175381de-4884-43a6-8143-69a87cc3bc8e","local_time":"20190421063735","is_ascension_mode":true,"campfire_choices":[{"data":"Bash","floor":7,"key":"SMITH"},{"data":"Pommel Strike","floor":15,"key":"SMITH"},{"floor":23,"key":"REST"},{"data":"Armaments","floor":28,"key":"SMITH"}],"neow_cost":"NONE","seed_source_timestamp":42414715494653,"circlet_count":0,"master_deck":["Strike_R","Strike_R","Strike_R","Strike_R","Defend_R","Defend_R","Defend_R","Defend_R","Bash+1","Disarm","Spot Weakness","Anger","Infernal Blade","Thunderclap","Pommel Strike+1","Cleave","Disarm","Immolate","Feed","Spot Weakness","Heavy Blade","Shockwave","Shrug It Off+1","Offering","Armaments+1","Seeing Red+1"],"relics":["Burning Blood","NeowsBlessing","Omamori","Shuriken","Bottled Flame","Orrery","Lantern","Dream Catcher","Champion Belt","Centennial Puzzle"],"potions_floor_usage":[6,6,11,19,25,27,29,29],"damage_taken":[{"damage":0,"enemies":"Cultist","floor":1,"turns":1},{"damage":0,"enemies":"Jaw Worm","floor":2,"turns":1},{"damage":0,"enemies":"2 Louse","floor":5,"turns":1},{"damage":23,"enemies":"3 Sentries","floor":6,"turns":8},{"damage":1,"enemies":"Looter","floor":8,"turns":2},{"damage":0,"enemies":"2 Fungi Beasts","floor":10,"turns":2},{"damage":16,"enemies":"Lagavulin","floor":11,"turns":6},{"damage":11,"enemies":"Exordium Thugs","floor":12,"turns":2},{"damage":12,"enemies":"Exordium Wildlife","floor":14,"turns":2},{"damage":12,"enemies":"Hexaghost","floor":16,"turns":8},{"damage":33,"enemies":"2 Thieves","floor":18,"turns":4},{"damage":8,"enemies":"Shell Parasite","floor":19,"turns":4},{"damage":37,"enemies":"Snecko","floor":21,"turns":6},{"damage":24,"enemies":"Snake Plant","floor":22,"turns":3},{"damage":34,"enemies":"Slavers","floor":25,"turns":6},{"damage":6,"enemies":"Centurion and Healer","floor":27,"turns":2},{"damage":15,"enemies":"Book of Stabbing","floor":29,"turns":5},{"damage":24,"enemies":"Slavers","floor":31,"turns":1}],"seed_played":"302396431843175690","potions_obtained":[{"floor":1,"key":"Regen Potion"},{"floor":2,"key":"EssenceOfSteel"},{"floor":4,"key":"Fire Potion"},{"floor":4,"key":"Weak Potion"},{"floor":11,"key":"Fruit Juice"},{"floor":14,"key":"AttackPotion"},{"floor":16,"key":"SkillPotion"},{"floor":19,"key":"Regen Potion"},{"floor":25,"key":"BloodPotion"}],"is_trial":false,"path_per_floor":["M","M","$","?","M","E","R","M","T","M","E","M","?","M","R","B",null,"M","M","$","M","M","R","$","E","T","M","R","E","?","E"],"character_chosen":"IRONCLAD","items_purchased":["Anger","Infernal Blade","Lantern"],"campfire_rested":1,"item_purchase_floors":[3,3,20],"current_hp_per_floor":[80,80,80,80,80,63,63,68,68,74,64,59,52,46,46,40,80,53,56,56,25,7,32,32,19,19,22,22,22,22,0],"gold":355,"neow_bonus":"THREE_ENEMY_KILL","is_prod":false,"is_daily":false,"chose_seed":false,"campfire_upgraded":3,"win_rate":0,"timestamp":1555843055,"path_taken":["M","M","?","?","?","E","R","M","T","M","E","M","?","M","R","BOSS","M","M","$","M","M","R","$","E","T","M","R","E","?","E"],"build_version":"2019-01-23","purchased_purges":0,"victory":false,"max_hp_per_floor":[80,80,80,80,80,80,80,80,80,80,80,80,80,80,80,80,80,80,85,85,85,85,85,85,88,88,91,91,91,91,91],"card_choices":[{"not_picked":["Evolve","Clothesline"],"picked":"Disarm","floor":1},{"not_picked":["Iron Wave","Feel No Pain"],"picked":"Spot Weakness","floor":2},{"not_picked":["Warcry","Twin Strike","Thunderclap"],"picked":"SKIP","floor":5},{"not_picked":["Second Wind","Metallicize"],"picked":"Thunderclap","floor":6},{"not_picked":["True Grit","Ghostly Armor"],"picked":"Pommel Strike","floor":8},{"not_picked":["Wild Strike","Anger"],"picked":"Cleave","floor":10},{"not_picked":["Iron Wave","Body Slam","Disarm"],"picked":"SKIP","floor":11},{"not_picked":["Iron Wave","Body Slam"],"picked":"Disarm","floor":11},{"not_picked":["Cleave","Clash"],"picked":"Immolate","floor":12},{"not_picked":["Flex","Thunderclap","Body Slam"],"picked":"SKIP","floor":14},{"not_picked":["Exhume","Dark Embrace"],"picked":"Feed","floor":16},{"not_picked":["Pummel","Heavy Blade"],"picked":"Spot Weakness","floor":17},{"not_picked":["Pummel","Inflame"],"picked":"Heavy Blade","floor":17},{"not_picked":["Second Wind","Twin Strike"],"picked":"Shockwave","floor":17},{"not_picked":["Evolve","Warcry"],"picked":"Shrug It Off+1","floor":18},{"not_picked":["Clash+1","Shrug It Off"],"picked":"Offering","floor":19},{"not_picked":["Rampage","Iron Wave","Havoc"],"picked":"SKIP","floor":21},{"not_picked":["Anger","Clothesline"],"picked":"Armaments","floor":22},{"not_picked":["Combust","Wild Strike","Ghostly Armor+1"],"picked":"SKIP","floor":25},{"not_picked":["Perfected Strike+1","Disarm","Warcry"],"picked":"SKIP","floor":27},{"not_picked":["Burning Pact","Pommel Strike"],"picked":"Seeing Red+1","floor":29}],"player_experience":99901,"relics_obtained":[{"floor":6,"key":"Omamori"},{"floor":9,"key":"Shuriken"},{"floor":11,"key":"Bottled Flame"},{"floor":25,"key":"Dream Catcher"},{"floor":26,"key":"Champion Belt"},{"floor":29,"key":"Centennial Puzzle"}],"event_choices":[{"damage_healed":0,"gold_gain":0,"player_choice":"Got Potions","damage_taken":0,"max_hp_gain":0,"max_hp_loss":0,"event_name":"Lab","floor":4,"gold_loss":0},{"cards_removed":["Strike_R"],"damage_healed":0,"gold_gain":0,"player_choice":"Card Removal","damage_taken":7,"max_hp_gain":0,"max_hp_loss":0,"event_name":"Golden Wing","floor":13,"gold_loss":0},{"damage_healed":0,"gold_gain":99,"player_choice":"Stole From Cult","damage_taken":0,"max_hp_gain":0,"max_hp_loss":0,"event_name":"Nest","floor":30,"gold_loss":0}],"is_beta":false,"boss_relics":[{"not_picked":["Runic Cube","White Beast Statue"],"picked":"Orrery"}],"items_purged_floors":[],"is_endless":false,"potions_floor_spawned":[1,2,11,14,16,19,22,25],"killed_by":"Slavers","ascension_level":3}