{"gold_per_floor":[109,109,124,10,10,45,45,45,45,100,111,127,156,175,175,254,254,271,287,287,307,8,8,41,41,41,55,55,55,65,65,65,142,142,161,180,1179,1198,1198,1218,1246,373,373,403,24,57,57,57,57,57],"floor_reached":51,"playtime":2472,"items_purged":["Strike_G","Strike_G","Normality","Normality"],"score":1434,"play_id":"4bfdc866-3f33-4ad0-969b-ecc476d8049b","local_time":"20190624145352","is_ascension_mode":true,"campfire_choices":[{"data":"Bouncing Flask","floor":7,"key":"SMITH"},{"floor":15,"key":"REST"},{"data":"Night Terror","floor":23,"key":"SMITH"},{"data":"Noxious Fumes","floor":25,"key":"SMITH"},{"floor":32,"key":"DIG"},{"floor":47,"key":"DIG"},{"floor":49,"key":"DIG"}],"neow_cost":"NONE","seed_source_timestamp":270042075618000,"circlet_count":0,"master_deck":["AscendersBane","Defend_G","Defend_G","Defend_G","Defend_G+1","Survivor","Neutralize","Bouncing Flask+1","Footwork","Flying Knee","PiercingWail","Poisoned Stab","Wraith Form v2","Crippling Poison","Night Terror+1","Doubt","Backflip+1","Ghostly","Ghostly","Ghostly","Ghostly","Ghostly","Poisoned Stab+1","Noxious Fumes+1","Noxious Fumes","PiercingWail","Wraith Form v2","Corpse Explosion+1","Tools of the Trade+1","After Image+1","Backflip+1","PiercingWail+1","Flash of Steel","Footwork","Well Laid Plans","Expertise","Deadly Poison+1","Apotheosis","Choke+1"],"relics":["Ring of the Snake","NeowsBlessing","Mummified Hand","Omamori","Shovel","Snake Skull","Blue Candle","Calling Bell","Happy Flower","Kunai","Mango","ClockworkSouvenir","Matryoshka","Strawberry","Dream Catcher","Vajra","Darkstone Periapt","War Paint","Astrolabe","Boot","OrangePellets","PreservedInsect","Sundial","Bottled Flame","Pantograph","Centennial Puzzle","Dead Branch","Ninja Scroll"],"potions_floor_usage":[10,11,13,14,19,21,33,44,50,50],"damage_taken":[{"damage":0,"enemies":"2 Louse","floor":1,"turns":1},{"damage":0,"enemies":"Cultist","floor":3,"turns":1},{"damage":0,"enemies":"Gremlin Nob","floor":6,"turns":1},{"damage":19,"enemies":"3 Sentries","floor":10,"turns":8},{"damage":0,"enemies":"Small Slimes","floor":11,"turns":4},{"damage":9,"enemies":"Exordium Thugs","floor":12,"turns":5},{"damage":14,"enemies":"Lagavulin","floor":13,"turns":5},{"damage":0,"enemies":"3 Louse","floor":14,"turns":2},{"damage":40,"enemies":"Slime Boss","floor":16,"turns":13},{"damage":6,"enemies":"3 Byrds","floor":18,"turns":6},{"damage":7,"enemies":"Chosen","floor":19,"turns":5},{"damage":4,"enemies":"Shelled Parasite and Fungi","floor":21,"turns":8},{"damage":4,"enemies":"Book of Stabbing","floor":24,"turns":7},{"damage":2,"enemies":"Snecko","floor":27,"turns":5},{"damage":4,"enemies":"Centurion and Healer","floor":30,"turns":6},{"damage":23,"enemies":"Champ","floor":33,"turns":14},{"damage":0,"enemies":"3 Shapes","floor":35,"turns":4},{"damage":6,"enemies":"3 Darklings","floor":36,"turns":5},{"damage":1,"enemies":"Sphere and 2 Shapes","floor":38,"turns":5},{"damage":3,"enemies":"Spire Growth","floor":40,"turns":7},{"damage":2,"enemies":"Nemesis","floor":41,"turns":11},{"damage":2,"enemies":"Reptomancer","floor":44,"turns":6},{"damage":11,"enemies":"Giant Head","floor":46,"turns":8},{"damage":3,"enemies":"Time Eater","floor":50,"turns":15}],"seed_played":"2691893117763379398","potions_obtained":[{"floor":3,"key":"EssenceOfSteel"},{"floor":10,"key":"Regen Potion"},{"floor":12,"key":"SkillPotion"},{"floor":13,"key":"Explosive Potion"},{"floor":16,"key":"Strength Potion"},{"floor":19,"key":"Strength Potion"},{"floor":24,"key":"FearPotion"},{"floor":27,"key":"Fire Potion"},{"floor":40,"key":"Weak Potion"},{"floor":41,"key":"Fruit Juice"}],"is_trial":false,"path_per_floor":["M","?","M","$","?","E","R","$","T","?","M","M","E","M","R","B",null,"M","M","?","M","$","R","E","R","T","M","T","?","M","?","R","B",null,"M","M","?","M","?","M","E","$","T","E","$","E","R","?","R","B",null],"character_chosen":"THE_SILENT","items_purchased":["Footwork","ClockworkSouvenir","OrangePellets","PreservedInsect","Sundial","Well Laid Plans","Expertise","Apotheosis","PowerPotion"],"campfire_rested":1,"item_purchase_floors":[4,22,42,42,42,42,42,45,45],"current_hp_per_floor":[63,63,63,63,51,51,51,51,51,32,44,35,21,21,42,2,67,61,54,42,38,38,38,34,34,41,39,39,49,45,45,45,22,42,42,36,48,47,47,44,42,42,42,45,45,34,34,34,34,56],"gold":57,"neow_bonus":"THREE_ENEMY_KILL","is_prod":false,"is_daily":false,"chose_seed":false,"campfire_upgraded":3,"win_rate":0,"timestamp":1561402432,"path_taken":["M","?","?","$","?","E","R","?","T","?","M","M","E","M","R","BOSS","M","M","?","M","$","R","E","R","T","M","?","?","?","?","R","BOSS","M","M","?","M","?","M","E","$","T","E","?","E","R","?","R","BOSS"],"build_version":"2019-01-23","purchased_purges":4,"victory":true,"max_hp_per_floor":[70,70,70,70,70,70,70,70,70,70,70,70,70,70,70,70,84,84,84,42,42,42,42,42,42,49,49,49,49,49,49,49,49,49,49,49,61,61,61,61,61,61,61,66,66,66,66,66,66,66],"card_choices":[{"not_picked":["Underhanded Strike","Blade Dance"],"picked":"Sucker Punch","floor":1},{"not_picked":["Quick Slash","Acrobatics"],"picked":"Bouncing Flask","floor":3},{"not_picked":["Dagger Throw","Underhanded Strike"],"picked":"Flying Knee","floor":6},{"not_picked":["Dagger Spray","Setup"],"picked":"PiercingWail","floor":11},{"not_picked":["Accuracy","Setup"],"picked":"Poisoned Stab","floor":12},{"not_picked":["Acrobatics","Outmaneuver"],"picked":"Wraith Form v2","floor":13},{"not_picked":["Poisoned Stab","Blade Dance"],"picked":"Crippling Poison","floor":14},{"not_picked":["Tools of the Trade","A Thousand Cuts"],"picked":"Night Terror","floor":16},{"not_picked":["Cloak And Dagger","Acrobatics"],"picked":"Backflip","floor":18},{"not_picked":["Cloak And Dagger","Underhanded Strike","Tactician"],"picked":"SKIP","floor":19},{"not_picked":["Backflip","Sucker Punch"],"picked":"Poisoned Stab+1","floor":21},{"not_picked":["Dagger Throw","Underhanded Strike"],"picked":"Noxious Fumes","floor":24},{"not_picked":["Terror","Acrobatics"],"picked":"Noxious Fumes","floor":27},{"not_picked":["Reflex","Concentrate"],"picked":"PiercingWail","floor":30},{"not_picked":["Malaise","Envenom"],"picked":"Wraith Form v2","floor":33},{"not_picked":["PiercingWail","Cloak And Dagger"],"picked":"Backflip+1","floor":35},{"not_picked":["Sucker Punch","Underhanded Strike"],"picked":"PiercingWail+1","floor":36},{"not_picked":["Deflect","Backflip","Dagger Spray"],"picked":"SKIP","floor":38},{"not_picked":["Purity","Finesse"],"picked":"Flash of Steel","floor":39},{"not_picked":["Quick Slash","Flechettes","Outmaneuver"],"picked":"SKIP","floor":40},{"not_picked":["Tactician","PiercingWail"],"picked":"Footwork","floor":41},{"not_picked":["Phantasmal Killer","Eviscerate"],"picked":"Deadly Poison+1","floor":44},{"not_picked":["Dagger Spray","Backstab"],"picked":"Choke+1","floor":46}],"player_experience":1344342,"relics_obtained":[{"floor":6,"key":"Omamori"},{"floor":9,"key":"Shovel"},{"floor":10,"key":"Snake Skull"},{"floor":13,"key":"Blue Candle"},{"floor":17,"key":"Happy Flower"},{"floor":17,"key":"Kunai"},{"floor":17,"key":"Mango"},{"floor":24,"key":"Matryoshka"},{"floor":26,"key":"Strawberry"},{"floor":26,"key":"Dream Catcher"},{"floor":28,"key":"Vajra"},{"floor":28,"key":"Darkstone Periapt"},{"floor":32,"key":"War Paint"},{"floor":41,"key":"Boot"},{"floor":43,"key":"Bottled Flame"},{"floor":44,"key":"Pantograph"},{"floor":46,"key":"Centennial Puzzle"},{"floor":47,"key":"Dead Branch"},{"floor":49,"key":"Ninja Scroll"}],"event_choices":[{"cards_removed":["Strike_G"],"damage_healed":0,"gold_gain":0,"player_choice":"Purged","damage_taken":0,"max_hp_gain":0,"max_hp_loss":0,"event_name":"Purifier","floor":2,"gold_loss":0},{"damage_healed":0,"gold_gain":0,"player_choice":"Success","damage_taken":12,"relics_obtained":["Mummified Hand"],"max_hp_gain":0,"max_hp_loss":0,"event_name":"Scrap Ooze","floor":5,"gold_loss":0},{"damage_healed":0,"gold_gain":0,"player_choice":"Searched \u00271\u0027 times","damage_taken":0,"max_hp_gain":0,"max_hp_loss":0,"event_name":"Dead Adventurer","floor":10,"gold_loss":0},{"damage_healed":0,"gold_gain":0,"player_choice":"Became a Ghost","damage_taken":0,"max_hp_gain":0,"max_hp_loss":42,"event_name":"Ghosts","floor":20,"gold_loss":0,"cards_obtained":["Ghostly","Ghostly","Ghostly","Ghostly","Ghostly"]},{"damage_healed":16,"gold_gain":0,"player_choice":"Heal","damage_taken":0,"max_hp_gain":0,"max_hp_loss":0,"event_name":"The Library","floor":29,"gold_loss":0},{"damage_healed":0,"gold_gain":0,"player_choice":"Ignored","damage_taken":0,"max_hp_gain":0,"max_hp_loss":0,"event_name":"Vampires","floor":31,"gold_loss":0},{"damage_healed":0,"gold_gain":999,"player_choice":"Gold","damage_taken":0,"max_hp_gain":0,"max_hp_loss":0,"event_name":"MindBloom","floor":37,"gold_loss":0,"cards_obtained":["Normality","Normality"]},{"damage_healed":0,"gold_gain":0,"player_choice":"Memory 1","damage_taken":0,"max_hp_gain":0,"max_hp_loss":0,"event_name":"SensoryStone","floor":39,"gold_loss":0},{"cards_removed":["Sucker Punch"],"damage_healed":0,"gold_gain":0,"player_choice":"Removed Attack","damage_taken":0,"max_hp_gain":0,"max_hp_loss":0,"event_name":"Falling","floor":48,"gold_loss":0}],"is_beta":false,"boss_relics":[{"not_picked":["Philosopher\u0027s Stone","Pandora\u0027s Box"],"picked":"Calling Bell"},{"not_picked":["HoveringKite","Snecko Eye"],"picked":"Astrolabe"}],"items_purged_floors":[4,22,42,45],"is_endless":false,"potions_floor_spawned":[3,10,12,13,16,19,24,27,40,41,46],"ascension_level":13}