{"gold_per_floor":[112,187,187,61,78,78,95,115,115,146,146],"floor_reached":11,"playtime":347,"items_purged":["Strike_B"],"score":91,"play_id":"ddd9d089-a826-4dc4-85e5-e7b4229ecacc","local_time":"20190613112151","is_ascension_mode":true,"campfire_choices":[{"data":"Zap","floor":6,"key":"SMITH"}],"neow_cost":"NONE","seed_source_timestamp":150155433790762,"circlet_count":0,"master_deck":["Strike_B","Strike_B","Strike_B","Defend_B","Defend_B","Defend_B","Defend_B","Zap+1","Dualcast","Conserve Battery","Coolheaded","Sweeping Beam","Static Discharge"],"relics":["Cracked Core","Turnip","Calipers"],"potions_floor_usage":[11],"damage_taken":[{"damage":7,"enemies":"2 Louse","floor":1,"turns":2},{"damage":2,"enemies":"Jaw Worm","floor":5,"turns":4},{"damage":0,"enemies":"Cultist","floor":7,"turns":3},{"damage":8,"enemies":"Large Slime","floor":8,"turns":6},{"damage":39,"enemies":"Gremlin Nob","floor":10,"turns":5},{"damage":15,"enemies":"Lots of Slimes","floor":11,"turns":2}],"seed_played":"-4365093832092593448","potions_obtained":[{"floor":1,"key":"Energy Potion"},{"floor":8,"key":"Energy Potion"}],"is_trial":false,"path_per_floor":["M","?","?","$","M","R","M","M","T","E","M"],"character_chosen":"DEFECT","items_purchased":["Conserve Battery"],"campfire_rested":0,"item_purchase_floors":[4],"current_hp_per_floor":[75,64,64,64,62,62,62,54,54,15,0],"gold":146,"neow_bonus":"TEN_PERCENT_HP_BONUS","is_prod":false,"is_daily":false,"chose_seed":false,"campfire_upgraded":1,"win_rate":0,"timestamp":1560442911,"path_taken":["M","?","?","$","M","R","?","M","T","E","M"],"build_version":"2019-01-23","purchased_purges":1,"victory":false,"max_hp_per_floor":[82,82,82,82,82,82,82,82,82,82,82],"card_choices":[{"not_picked":["Chaos","Melter","Rebound"],"picked":"SKIP","floor":1},{"not_picked":["Rip and Tear","Conserve Battery"],"picked":"Coolheaded","floor":5},{"not_picked":["Machine Learning","BootSequence"],"picked":"Sweeping Beam","floor":7},{"not_picked":["Force Field","Sweeping Beam","Streamline"],"picked":"SKIP","floor":8},{"not_picked":["FTL","Stack"],"picked":"Static Discharge","floor":10}],"player_experience":247198,"relics_obtained":[{"floor":9,"key":"Turnip"},{"floor":10,"key":"Calipers"}],"event_choices":[{"damage_healed":0,"gold_gain":75,"player_choice":"Gather Gold","damage_taken":11,"max_hp_gain":0,"max_hp_loss":0,"event_name":"World of Goop","floor":2,"gold_loss":0},{"damage_healed":0,"gold_gain":0,"player_choice":"Bought 0 Potions","damage_taken":0,"max_hp_gain":0,"max_hp_loss":0,"event_name":"The Woman in Blue","floor":3,"gold_loss":0}],"is_beta":false,"boss_relics":[],"items_purged_floors":[4],"is_endless":false,"potions_floor_spawned":[1,8],"killed_by":"Lots of Slimes","ascension_level":5}