{"gold_per_floor":[110,123,44,7,22,22,50,50,74,74,84,102,24,24,24,96,96,113,129,11,11,24,49,49,49],"floor_reached":25,"playtime":1232,"items_purged":["Strike_G"],"score":488,"play_id":"7699fea2-c4bc-406e-9a17-6834c52eff4f","local_time":"20190625154933","is_ascension_mode":true,"campfire_choices":[{"data":"Blur","floor":6,"key":"SMITH"},{"data":"Blur","floor":8,"key":"SMITH"},{"data":"Dash","floor":10,"key":"SMITH"},{"data":"Catalyst","floor":15,"key":"SMITH"},{"floor":24,"key":"REST"}],"neow_cost":"NONE","seed_source_timestamp":322831050478812,"circlet_count":0,"master_deck":["AscendersBane","Defend_G","Defend_G","Defend_G","Defend_G","Defend_G","Strike_G","Strike_G","Strike_G","Survivor","Neutralize","Deadly Poison","Dash+1","Blur+1","All Out Attack","Deadly Poison","Blur+1","Sucker Punch","Tools of the Trade","Catalyst+1","Corpse Explosion","Noxious Fumes","Prepared","Calculated Gamble"],"relics":["Ring of the Snake","NeowsBlessing","Happy Flower","Oddly Smooth Stone","Sozu","Letter Opener"],"potions_floor_usage":[7,11,16,16],"damage_taken":[{"damage":0,"enemies":"Cultist","floor":1,"turns":1},{"damage":0,"enemies":"2 Louse","floor":2,"turns":2},{"damage":0,"enemies":"Jaw Worm","floor":5,"turns":1},{"damage":25,"enemies":"Gremlin Nob","floor":7,"turns":4},{"damage":0,"enemies":"Exordium Thugs","floor":11,"turns":4},{"damage":0,"enemies":"Red Slaver","floor":12,"turns":4},{"damage":0,"enemies":"The Guardian","floor":16,"turns":8},{"damage":0,"enemies":"Chosen","floor":18,"turns":4},{"damage":0,"enemies":"2 Thieves","floor":19,"turns":4},{"damage":0,"enemies":"3 Cultists","floor":22,"turns":2},{"damage":42,"enemies":"Gremlin Leader","floor":23,"turns":7},{"damage":40,"enemies":"Slavers","floor":25,"turns":3}],"seed_played":"-5490249164495434381","potions_obtained":[{"floor":5,"key":"SkillPotion"},{"floor":7,"key":"Fruit Juice"},{"floor":11,"key":"Swift Potion"},{"floor":12,"key":"Fire Potion"}],"is_trial":false,"path_per_floor":["M","M","$","$","M","R","E","R","T","R","M","M","$","?","R","B",null,"M","M","$","?","M","E","R","E"],"character_chosen":"THE_SILENT","items_purchased":["Blur","All Out Attack","Catalyst","Noxious Fumes"],"campfire_rested":1,"item_purchase_floors":[3,4,13,20],"current_hp_per_floor":[59,59,59,59,59,59,34,34,34,34,39,39,39,32,32,32,61,61,61,61,54,54,12,33,0],"gold":49,"neow_bonus":"THREE_ENEMY_KILL","is_prod":false,"is_daily":false,"chose_seed":false,"campfire_upgraded":4,"win_rate":0,"timestamp":1561492173,"path_taken":["M","M","?","$","?","R","E","R","T","R","M","M","$","?","R","BOSS","M","M","$","?","M","E","R","E"],"build_version":"2019-01-23","purchased_purges":1,"victory":false,"max_hp_per_floor":[66,66,66,66,66,66,66,66,66,66,71,71,71,71,71,71,71,71,71,71,71,71,71,71,71],"card_choices":[{"not_picked":["Underhanded Strike","Well Laid Plans"],"picked":"Deadly Poison","floor":1},{"not_picked":["Heel Hook","Eviscerate"],"picked":"Dash","floor":2},{"not_picked":["Quick Slash","Calculated Gamble"],"picked":"Deadly Poison","floor":5},{"not_picked":["Dodge and Roll","Prepared"],"picked":"Blur","floor":7},{"not_picked":["Dagger Spray","Accuracy"],"picked":"Sucker Punch","floor":11},{"not_picked":["Acrobatics","Distraction"],"picked":"Tools of the Trade","floor":12},{"not_picked":["Night Terror","Burst"],"picked":"Corpse Explosion","floor":16},{"not_picked":["Infinite Blades+1","Reflex","Heel Hook"],"picked":"SKIP","floor":18},{"not_picked":["Flying Knee","Cloak And Dagger","Poisoned Stab"],"picked":"SKIP","floor":19},{"not_picked":["Distraction","Dagger Spray"],"picked":"Prepared","floor":22},{"not_picked":["Poisoned Stab","Glass Knife"],"picked":"Calculated Gamble","floor":23}],"player_experience":685710,"relics_obtained":[{"floor":7,"key":"Happy Flower"},{"floor":9,"key":"Oddly Smooth Stone"},{"floor":23,"key":"Letter Opener"}],"event_choices":[{"cards_removed":["Strike_G"],"damage_healed":0,"gold_gain":0,"player_choice":"Card Removal","damage_taken":7,"max_hp_gain":0,"max_hp_loss":0,"event_name":"Golden Wing","floor":14,"gold_loss":0},{"damage_healed":0,"gold_gain":0,"player_choice":"","damage_taken":7,"max_hp_gain":0,"max_hp_loss":0,"event_name":"Knowing Skull","floor":21,"potions_obtained":[],"gold_loss":0,"cards_obtained":[]}],"is_beta":false,"boss_relics":[{"not_picked":["Empty Cage","Calling Bell"],"picked":"Sozu"}],"items_purged_floors":[20],"is_endless":false,"potions_floor_spawned":[5,7,11,12,19,22,23],"killed_by":"Slavers","ascension_level":16}