{"gold_per_floor":[112,129,145,63,138,163,163,163,163,163,16,16,16,116,116,218,218,233,90,90,106,106,120,120,131,154,165,165,175,175,186,186,281,281,292,292,158,174,174,174,174,207,207,207,217,230,230,247,247,247],"floor_reached":50,"playtime":2330,"items_purged":["Strike_G","Strike_G"],"score":594,"play_id":"acd6b954-e191-4684-9f88-8de97e93a407","local_time":"20190620073926","is_ascension_mode":true,"campfire_choices":[{"data":"After Image","floor":7,"key":"SMITH"},{"data":"Catalyst","floor":10,"key":"SMITH"},{"floor":12,"key":"REST"},{"floor":15,"key":"REST"},{"data":"Adrenaline","floor":24,"key":"SMITH"},{"data":"Neutralize","floor":28,"key":"SMITH"},{"floor":30,"key":"REST"},{"floor":32,"key":"REST"},{"data":"Noxious Fumes","floor":40,"key":"SMITH"},{"data":"Burst","floor":44,"key":"SMITH"},{"floor":49,"key":"REST"}],"neow_cost":"NONE","seed_source_timestamp":0,"circlet_count":0,"master_deck":["Defend_G","Defend_G","Defend_G","Survivor+1","Neutralize+1","Deadly Poison+1","Bouncing Flask","After Image+1","Catalyst+1","Well Laid Plans","Adrenaline+1","Unload+1","Dash+1","Glass Knife+1","Blade Dance+1","Bane","Footwork","Burst+1","Prepared+1","Noxious Fumes+1","Bullet Time","Grand Finale"],"special_seed":0,"relics":["Ring of the Snake","Torii","Dodecahedron","Potion Belt","Astrolabe","Lantern","Dream Catcher","Orrery","PreservedInsect","Bottled Flame","Boot"],"potions_floor_usage":[16,25,29,33,33,42,50,50,50],"damage_taken":[{"damage":0.0,"enemies":"Cultist","floor":1.0,"turns":4.0},{"damage":0.0,"enemies":"Small Slimes","floor":2.0,"turns":3.0},{"damage":2.0,"enemies":"2 Louse","floor":3.0,"turns":3.0},{"damage":22.0,"enemies":"Lagavulin","floor":6.0,"turns":5.0},{"damage":4,"enemies":"Hexaghost","floor":16,"turns":7},{"damage":23,"enemies":"2 Thieves","floor":18,"turns":4},{"damage":14,"enemies":"3 Byrds","floor":21,"turns":6},{"damage":0,"enemies":"Cultist and Chosen","floor":23,"turns":5},{"damage":11,"enemies":"3 Cultists","floor":25,"turns":5},{"damage":0,"enemies":"Snecko","floor":27,"turns":3},{"damage":17,"enemies":"Snake Plant","floor":29,"turns":2},{"damage":1,"enemies":"Cultist and Chosen","floor":31,"turns":5},{"damage":42,"enemies":"Automaton","floor":33,"turns":11},{"damage":0,"enemies":"3 Shapes","floor":35,"turns":4},{"damage":8,"enemies":"3 Darklings","floor":38,"turns":7},{"damage":17,"enemies":"Nemesis","floor":42,"turns":5},{"damage":30,"enemies":"Writhing Mass","floor":45,"turns":4},{"damage":11,"enemies":"Sphere and 2 Shapes","floor":46,"turns":5},{"damage":7,"enemies":"3 Darklings","floor":48,"turns":5},{"damage":46,"enemies":"Time Eater","floor":50,"turns":3}],"seed_played":"2262246000572187057","potions_obtained":[{"floor":1.0,"key":"PowerPotion"},{"floor":23,"key":"SkillPotion"},{"floor":25,"key":"AttackPotion"},{"floor":29,"key":"PowerPotion"},{"floor":31,"key":"AttackPotion"},{"floor":35,"key":"FearPotion"},{"floor":38,"key":"Weak Potion"},{"floor":42,"key":"Ancient Potion"},{"floor":48,"key":"Fire Potion"}],"is_trial":false,"path_per_floor":["M","M","M","$","?","E","R","?","T","R","$","R","?","?","R","B",null,"M","$","?","M","?","M","R","M","T","M","R","M","R","M","R","B",null,"M","?","$","M","?","R","$","E","T","R","M","M","T","M","R","B"],"character_chosen":"THE_SILENT","items_purchased":["Catalyst","Well Laid Plans","Lantern","Noxious Fumes"],"campfire_rested":5,"item_purchase_floors":[4,11,19,37],"current_hp_per_floor":[77,77,75,75,64,42,42,27,27,27,27,50,32,32,55,51,77,54,54,54,40,40,40,40,29,29,29,29,12,35,34,57,15,77,77,77,77,69,69,69,69,52,52,52,22,11,11,4,27,0],"gold":247,"neow_bonus":"TEN_PERCENT_HP_BONUS","is_prod":false,"is_daily":false,"chose_seed":false,"campfire_upgraded":6,"win_rate":0,"timestamp":1561034366,"path_taken":["M","M","M","$","?","E","R","?","T","R","$","R","?","?","R","BOSS","M","$","?","?","?","M","R","M","T","?","R","M","R","M","R","BOSS","M","?","$","?","?","R","$","E","T","R","M","M","?","M","R","BOSS"],"build_version":"2019-01-23","purchased_purges":2,"victory":false,"max_hp_per_floor":[77,77,77,77,77,77,77,77,77,77,77,77,77,77,77,77,77,77,77,77,77,77,77,77,77,77,77,77,77,77,77,77,77,77,77,77,77,77,77,77,77,77,77,77,77,77,77,77,77,77],"card_choices":[{"not_picked":["Blur","Slice"],"picked":"Deadly Poison","floor":1.0},{"not_picked":["Flying Knee","Dagger Spray"],"picked":"Bouncing Flask","floor":2.0},{"not_picked":["Dagger Spray","Backflip"],"picked":"After Image","floor":3.0},{"not_picked":["Heel Hook","Skewer","Flechettes"],"picked":"SKIP","floor":6},{"not_picked":["Grand Finale","Malaise"],"picked":"Adrenaline","floor":16},{"not_picked":["Sucker Punch+1","Heel Hook+1","Dagger Spray"],"picked":"SKIP","floor":18},{"not_picked":["Blade Dance","Sucker Punch","Bane"],"picked":"SKIP","floor":21},{"not_picked":["Cloak And Dagger","Bane","PiercingWail"],"picked":"SKIP","floor":23},{"not_picked":["Deflect","Setup+1"],"picked":"Blade Dance+1","floor":25},{"not_picked":["Flying Knee+1","Dagger Throw+1","Finisher+1"],"picked":"SKIP","floor":27},{"not_picked":["Sucker Punch+1","Unload","Dagger Spray"],"picked":"SKIP","floor":29},{"not_picked":["Deadly Poison","Blade Dance"],"picked":"Bane","floor":30},{"not_picked":["Distraction","Acrobatics"],"picked":"Footwork","floor":31},{"not_picked":["Dodge and Roll","Blade Dance"],"picked":"Burst","floor":34},{"not_picked":["Calculated Gamble","Endless Agony"],"picked":"Prepared+1","floor":34},{"not_picked":["Bane","Dodge and Roll","Cloak And Dagger+1"],"picked":"SKIP","floor":35},{"not_picked":["Outmaneuver","Acrobatics","Finisher+1"],"picked":"SKIP","floor":38},{"not_picked":["Deflect","Acrobatics+1"],"picked":"Bullet Time","floor":42},{"not_picked":["Poisoned Stab+1","Sucker Punch","PiercingWail"],"picked":"SKIP","floor":45},{"not_picked":["Prepared","Acrobatics","Blade Dance+1"],"picked":"SKIP","floor":46},{"not_picked":["Slice+1","Masterful Stab"],"picked":"Grand Finale","floor":48}],"player_experience":275102,"relics_obtained":[{"floor":6,"key":"Torii"},{"floor":9,"key":"Dodecahedron"},{"floor":26,"key":"Dream Catcher"},{"floor":42,"key":"PreservedInsect"},{"floor":43,"key":"Bottled Flame"},{"floor":47,"key":"Boot"}],"event_choices":[{"damage_healed":0.0,"max_hp_gain":0.0,"max_hp_loss":0.0,"gold_gain":75.0,"event_name":"World of Goop","player_choice":"Gather Gold","floor":5.0,"gold_loss":0.0,"damage_taken":11.0},{"damage_healed":0,"gold_gain":0,"player_choice":"Entered Light","damage_taken":15,"max_hp_gain":0,"max_hp_loss":0,"event_name":"Shining Light","floor":8,"gold_loss":0,"cards_upgraded":["Deadly Poison","Survivor"]},{"damage_healed":0,"gold_gain":0,"player_choice":"Success","damage_taken":18,"relics_obtained":["Potion Belt"],"max_hp_gain":0,"max_hp_loss":0,"event_name":"Scrap Ooze","floor":13,"gold_loss":0},{"damage_healed":0,"gold_gain":100,"player_choice":"Pray","damage_taken":0,"max_hp_gain":0,"max_hp_loss":0,"event_name":"Golden Shrine","floor":14,"gold_loss":0},{"cards_removed":["Strike_G"],"damage_healed":0,"gold_gain":0,"player_choice":"Purged","damage_taken":0,"max_hp_gain":0,"max_hp_loss":0,"event_name":"Purifier","floor":20,"gold_loss":0},{"cards_removed":["Defend_G"],"damage_healed":0,"gold_gain":0,"player_choice":"Offered Basic","damage_taken":0,"max_hp_gain":0,"max_hp_loss":0,"event_name":"Bonfire Elementals","floor":22,"gold_loss":0},{"damage_healed":0,"gold_gain":0,"player_choice":"0 cards matched","damage_taken":0,"max_hp_gain":0,"max_hp_loss":0,"event_name":"Match and Keep!","floor":36,"gold_loss":0,"cards_obtained":[]},{"damage_healed":0,"gold_gain":0,"player_choice":"Memory 1","damage_taken":0,"max_hp_gain":0,"max_hp_loss":0,"event_name":"SensoryStone","floor":39,"gold_loss":0}],"is_beta":false,"boss_relics":[{"not_picked":["Ring of the Serpent","Lizard Tail"],"picked":"Astrolabe"},{"not_picked":["Coffee Dripper","Snecko Eye"],"picked":"Orrery"}],"items_purged_floors":[11,37],"is_endless":false,"potions_floor_spawned":[1,23,25,29,31,35,38,42,48],"killed_by":"Time Eater","ascension_level":4}