{"gold_per_floor":[119,137,137,44,19,54,70,145,172,50,125,125,141,173,173,173],"floor_reached":16,"playtime":911,"items_purged":["Defend_R"],"score":108,"play_id":"c70ba490-6c4a-4ef6-9bbe-479a7f32b561","local_time":"20190626172207","is_ascension_mode":false,"campfire_choices":[{"data":"Pommel Strike","floor":12,"key":"SMITH"},{"floor":15,"key":"REST"}],"neow_cost":"","seed_source_timestamp":85078451767728,"circlet_count":0,"master_deck":["Strike_R","Strike_R","Strike_R","Strike_R","Strike_R","Defend_R","Defend_R","Bash","Anger","Twin Strike","Finesse","Thunderclap","Clash","Pommel Strike+1","Warcry","Thunderclap","Rage"],"relics":["Burning Blood","Blood Vial","PreservedInsect","Darkstone Periapt"],"potions_floor_usage":[16],"damage_taken":[{"damage":11,"enemies":"Jaw Worm","floor":1,"turns":2},{"damage":1,"enemies":"Cultist","floor":2,"turns":3},{"damage":21,"enemies":"3 Sentries","floor":6,"turns":7},{"damage":0,"enemies":"2 Louse","floor":7,"turns":1},{"damage":37,"enemies":"Exordium Thugs","floor":13,"turns":4},{"damage":13,"enemies":"Lagavulin","floor":14,"turns":3},{"damage":48,"enemies":"The Guardian","floor":16,"turns":4}],"seed_played":"492180759316957635","potions_obtained":[{"floor":2,"key":"Ancient Potion"},{"floor":6,"key":"SmokeBomb"},{"floor":13,"key":"SkillPotion"}],"is_trial":false,"path_per_floor":["M","M","?","$","$","E","M","?","T","$","?","R","M","E","R","B"],"character_chosen":"IRONCLAD","items_purchased":["Finesse","Thunderclap","Warcry"],"campfire_rested":1,"item_purchase_floors":[4,5,10],"current_hp_per_floor":[75,80,80,80,80,65,73,62,62,62,54,54,25,20,44,0],"gold":173,"neow_bonus":"","is_prod":false,"is_daily":false,"chose_seed":false,"campfire_upgraded":1,"win_rate":0.0,"timestamp":1561566127,"path_taken":["M","M","?","?","$","E","M","?","T","$","?","R","M","E","R","BOSS"],"build_version":"2019-01-23","purchased_purges":1,"victory":false,"max_hp_per_floor":[80,80,80,80,80,80,80,80,80,80,80,80,80,80,80,80],"card_choices":[{"not_picked":["Warcry","Flex"],"picked":"Anger","floor":1},{"not_picked":["Iron Wave","Clothesline"],"picked":"Twin Strike","floor":2},{"not_picked":["Battle Trance","Flex"],"picked":"Clash","floor":6},{"not_picked":["Whirlwind","True Grit"],"picked":"Pommel Strike","floor":7},{"not_picked":["Inflame","Iron Wave"],"picked":"Thunderclap","floor":13},{"not_picked":["Perfected Strike","Sword Boomerang"],"picked":"Rage","floor":14}],"player_experience":0,"relics_obtained":[{"floor":6,"key":"Blood Vial"},{"floor":9,"key":"PreservedInsect"},{"floor":14,"key":"Darkstone Periapt"}],"event_choices":[{"cards_removed":["Defend_R"],"damage_healed":0,"gold_gain":0,"player_choice":"Purged","damage_taken":0,"max_hp_gain":0,"max_hp_loss":0,"event_name":"Purifier","floor":3,"gold_loss":0},{"damage_healed":0,"gold_gain":75,"player_choice":"Gather Gold","damage_taken":11,"max_hp_gain":0,"max_hp_loss":0,"event_name":"World of Goop","floor":8,"gold_loss":0},{"damage_healed":0,"gold_gain":75,"player_choice":"Touch","damage_taken":8,"max_hp_gain":0,"max_hp_loss":0,"event_name":"FaceTrader","floor":11,"gold_loss":0}],"is_beta":false,"boss_relics":[],"items_purged_floors":[10],"is_endless":false,"potions_floor_spawned":[2,6,13],"killed_by":"The Guardian","ascension_level":0}