{"gold_per_floor":[110,129,99,112,127,153,29,63,88,99,99,125,125,158,158,237,237,250,250,264,67,67,67,81,81,81,96,124,142,28,59,59,132,132,146,146,161,51,51,51,61,30,30,30,57,107,132,146,146,166,166,166,1,34,34],"floor_reached":56,"playtime":4299,"items_purged":["Strike_G"],"score":2029,"play_id":"bf91cb7b-f11a-4ddc-a713-573190882383","local_time":"20190621161453","is_ascension_mode":true,"campfire_choices":[{"floor":11.0,"key":"REST"},{"data":"Envenom","floor":15.0,"key":"SMITH"},{"floor":23.0,"key":"RECALL"},{"floor":32.0,"key":"REST"},{"floor":40.0,"key":"REST"},{"floor":44.0,"key":"REST"},{"floor":49.0,"key":"REST"},{"floor":52.0,"key":"REST"}],"neow_cost":"NONE","seed_source_timestamp":0,"circlet_count":0,"master_deck":["AscendersBane","Defend_G+1","Defend_G+1","Defend_G+1","Defend_G+1","Defend_G+1","Strike_G+1","Strike_G+1","Strike_G+1","Strike_G+1","Survivor","Neutralize","Dodge and Roll","Backflip+1","Flying Knee","Deadly Poison+1","Envenom+1","Dagger Spray","Sucker Punch","Well Laid Plans+1","Tools of the Trade","Ghostly","Ghostly","Ghostly+1","Ghostly","Ghostly","Adrenaline","Riddle With Holes","Night Terror","Quick Slash+1","Well Laid Plans","Discovery","After Image","Transmutation","Panache","Footwork"],"special_seed":0,"relics":["Ring of the Snake","NeowsBlessing","Mercury Hourglass","PreservedInsect","Regal Pillow","Strawberry","Ancient Tea Set","Fusion Hammer","Sling","The Courier","Bottled Tornado","War Paint","Matryoshka","Busted Crown","Snake Skull","Letter Opener","Singing Bowl","Pen Nib","Ginger","Strange Spoon","Sundial"],"potions_floor_usage":[55],"damage_taken":[{"damage":0.0,"enemies":"Jaw Worm","floor":1.0,"turns":1.0},{"damage":0.0,"enemies":"Cultist","floor":2.0,"turns":1.0},{"damage":0.0,"enemies":"2 Louse","floor":4.0,"turns":1.0},{"damage":0.0,"enemies":"Blue Slaver","floor":5.0,"turns":5.0},{"damage":40.0,"enemies":"Gremlin Nob","floor":6.0,"turns":5.0},{"damage":12.0,"enemies":"Lagavulin","floor":8.0,"turns":6.0},{"damage":7.0,"enemies":"Gremlin Gang","floor":10.0,"turns":3.0},{"damage":8.0,"enemies":"Gremlin Nob","floor":12.0,"turns":3.0},{"damage":7.0,"enemies":"Lagavulin","floor":14.0,"turns":4.0},{"damage":26.0,"enemies":"Hexaghost","floor":16.0,"turns":10.0},{"damage":3.0,"enemies":"3 Byrds","floor":18.0,"turns":5.0},{"damage":1.0,"enemies":"Spheric Guardian","floor":20.0,"turns":6.0},{"damage":0.0,"enemies":"Snake Plant","floor":24.0,"turns":5.0},{"damage":1.0,"enemies":"Centurion and Healer","floor":27.0,"turns":7.0},{"damage":0.0,"enemies":"Book of Stabbing","floor":28.0,"turns":5.0},{"damage":0.0,"enemies":"3 Cultists","floor":29.0,"turns":6.0},{"damage":0.0,"enemies":"Gremlin Leader","floor":31.0,"turns":5.0},{"damage":5.0,"enemies":"Collector","floor":33.0,"turns":10.0},{"damage":15.0,"enemies":"3 Darklings","floor":35.0,"turns":9.0},{"damage":1.0,"enemies":"3 Shapes","floor":37.0,"turns":4.0},{"damage":6.0,"enemies":"3 Darklings","floor":41.0,"turns":5.0},{"damage":0.0,"enemies":"Reptomancer","floor":45.0,"turns":4.0},{"damage":0.0,"enemies":"Giant Head","floor":47.0,"turns":6.0},{"damage":1.0,"enemies":"Sphere and 2 Shapes","floor":48.0,"turns":7.0},{"damage":25.0,"enemies":"Time Eater","floor":50.0,"turns":13.0},{"damage":4.0,"enemies":"Shield and Spear","floor":54.0,"turns":4.0},{"damage":36,"enemies":"The Heart","floor":55,"turns":13}],"seed_played":"-6339126200307012198","potions_obtained":[{"floor":3.0,"key":"FairyPotion"},{"floor":3.0,"key":"PowerPotion"},{"floor":5.0,"key":"Swift Potion"},{"floor":6.0,"key":"Regen Potion"},{"floor":10.0,"key":"EssenceOfSteel"},{"floor":12.0,"key":"EssenceOfSteel"},{"floor":20.0,"key":"Weak Potion"},{"floor":24.0,"key":"Fire Potion"},{"floor":33.0,"key":"Strength Potion"},{"floor":45.0,"key":"Swift Potion"}],"is_trial":false,"path_per_floor":["M","M","?","M","M","E","$","E","T","M","R","E","?","E","R","B",null,"M","?","M","$","?","R","M","?","T","M","E","M","$","E","R","B",null,"M","?","M","$","?","R","M","$","T","R","E","T","E","M","R","B",null,"R","$","E","B",null],"character_chosen":"THE_SILENT","items_purchased":["Dagger Spray","Sling","War Paint","After Image","Footwork","Strange Spoon"],"campfire_rested":6,"item_purchase_floors":[7,21,30,38,42,53],"current_hp_per_floor":[63,63,63,63,63,23,23,26,26,19,55,54,39,32,32,6,59,56,38,37,37,37,37,37,37,37,36,36,36,36,36,38,33,37,22,22,21,21,11,37,31,31,31,38,38,38,40,41,42,17,36,42,42,40,4],"gold":34,"neow_bonus":"THREE_ENEMY_KILL","is_prod":false,"is_daily":false,"chose_seed":false,"campfire_upgraded":1,"win_rate":0,"timestamp":1561144493,"path_taken":["M","M","?","?","M","E","?","E","T","?","R","E","?","E","R","BOSS","M","?","M","$","?","R","M","?","T","M","E","M","$","E","R","BOSS","M","?","?","$","?","R","M","$","T","R","E","?","E","M","R","BOSS","R","$","E","BOSS"],"build_version":"2019-01-23","purchased_purges":1,"victory":true,"max_hp_per_floor":[70,70,70,70,70,70,70,70,70,70,70,77,77,77,77,77,77,77,38,38,38,38,38,38,38,38,38,38,38,38,38,38,38,38,38,38,38,38,38,38,38,38,38,38,38,38,40,42,42,42,42,42,42,44,44],"card_choices":[{"not_picked":["Outmaneuver","Prepared"],"picked":"Dodge and Roll","floor":1.0},{"not_picked":["Cloak And Dagger","Expertise"],"picked":"Backflip","floor":2.0},{"not_picked":["Sucker Punch","Deflect"],"picked":"Flying Knee","floor":4.0},{"not_picked":["Prepared","Bane"],"picked":"Deadly Poison","floor":5.0},{"not_picked":["Bouncing Flask","Infinite Blades"],"picked":"Envenom","floor":6.0},{"not_picked":["Masterful Stab","Poisoned Stab","Backstab"],"picked":"SKIP","floor":8.0},{"not_picked":["Bouncing Flask","Underhanded Strike"],"picked":"Sucker Punch","floor":10.0},{"not_picked":["Setup","Outmaneuver"],"picked":"Well Laid Plans","floor":12.0},{"not_picked":["Underhanded Strike","Masterful Stab","Cloak And Dagger"],"picked":"SKIP","floor":14.0},{"not_picked":["Glass Knife","Burst"],"picked":"Tools of the Trade","floor":16.0},{"not_picked":["Deadly Poison","Prepared","Underhanded Strike"],"picked":"SKIP","floor":18.0},{"not_picked":["Flying Knee","Deadly Poison","Prepared"],"picked":"SKIP","floor":20.0},{"not_picked":["Concentrate","Accuracy","Eviscerate"],"picked":"SKIP","floor":24.0},{"not_picked":["Dagger Spray","Bane","Accuracy"],"picked":"SKIP","floor":27.0},{"not_picked":["Poisoned Stab","Setup"],"picked":"Adrenaline","floor":28.0},{"not_picked":["Skewer","All Out Attack"],"picked":"Riddle With Holes","floor":29.0},{"not_picked":["All Out Attack","Deadly Poison","Dodge and Roll"],"picked":"SKIP","floor":31.0},{"not_picked":["Burst","Grand Finale"],"picked":"Night Terror","floor":33.0},{"not_picked":[],"picked":"Quick Slash+1","floor":35.0},{"not_picked":["Slice+1"],"picked":"SKIP","floor":37.0},{"not_picked":[],"picked":"Transmutation","floor":39.0},{"not_picked":[],"picked":"Panache","floor":39.0},{"not_picked":["Masterful Stab"],"picked":"SKIP","floor":41.0},{"not_picked":["Well Laid Plans"],"picked":"SKIP","floor":45.0},{"not_picked":["Finisher"],"picked":"Singing Bowl","floor":47.0},{"not_picked":["PiercingWail+1"],"picked":"Singing Bowl","floor":48.0},{"not_picked":["Sucker Punch+1"],"picked":"Singing Bowl","floor":54}],"player_experience":1121845,"relics_obtained":[{"floor":6.0,"key":"Mercury Hourglass"},{"floor":8.0,"key":"PreservedInsect"},{"floor":9.0,"key":"Regal Pillow"},{"floor":12.0,"key":"Strawberry"},{"floor":14.0,"key":"Ancient Tea Set"},{"floor":26.0,"key":"The Courier"},{"floor":28.0,"key":"Bottled Tornado"},{"floor":31.0,"key":"Matryoshka"},{"floor":43.0,"key":"Snake Skull"},{"floor":45.0,"key":"Letter Opener"},{"floor":46.0,"key":"Singing Bowl"},{"floor":46.0,"key":"Pen Nib"},{"floor":47.0,"key":"Ginger"},{"floor":54,"key":"Sundial"}],"event_choices":[{"damage_healed":0.0,"max_hp_gain":0.0,"max_hp_loss":0.0,"gold_gain":0.0,"event_name":"The Woman in Blue","player_choice":"Bought 2 Potions","floor":3.0,"gold_loss":0.0,"damage_taken":0.0},{"damage_healed":0.0,"max_hp_gain":0.0,"max_hp_loss":0.0,"gold_gain":0.0,"event_name":"Shining Light","player_choice":"Entered Light","floor":13.0,"gold_loss":0.0,"damage_taken":15.0,"cards_upgraded":["Deadly Poison","Well Laid Plans"]},{"damage_healed":0.0,"max_hp_gain":0.0,"max_hp_loss":39.0,"gold_gain":0.0,"event_name":"Ghosts","player_choice":"Became a Ghost","floor":19.0,"gold_loss":0.0,"damage_taken":0.0,"cards_obtained":["Ghostly","Ghostly","Ghostly","Ghostly","Ghostly"]},{"damage_healed":0.0,"max_hp_gain":0.0,"max_hp_loss":0.0,"gold_gain":0.0,"event_name":"Back to Basics","player_choice":"Simplicity","floor":22.0,"gold_loss":0.0,"damage_taken":0.0,"cards_upgraded":["Defend_G","Defend_G","Defend_G","Defend_G","Defend_G","Strike_G","Strike_G","Strike_G","Strike_G"]},{"damage_healed":0.0,"max_hp_gain":0.0,"max_hp_loss":0.0,"gold_gain":0.0,"event_name":"Beggar","player_choice":"Ignored","floor":25.0,"gold_loss":0.0,"damage_taken":0.0},{"damage_healed":0.0,"max_hp_gain":0.0,"max_hp_loss":0.0,"gold_gain":0.0,"event_name":"Match and Keep!","player_choice":"2 cards matched","floor":36.0,"gold_loss":0.0,"damage_taken":0.0,"cards_obtained":["Well Laid Plans","Discovery"]},{"damage_healed":0.0,"max_hp_gain":0.0,"max_hp_loss":0.0,"gold_gain":0.0,"event_name":"SensoryStone","player_choice":"Memory 3","floor":39.0,"gold_loss":0.0,"damage_taken":10.0}],"is_beta":false,"boss_relics":[{"not_picked":["Runic Dome","Black Star"],"picked":"Fusion Hammer"},{"not_picked":["Runic Pyramid","Snecko Eye"],"picked":"Busted Crown"}],"items_purged_floors":[7],"is_endless":false,"potions_floor_spawned":[5,6,10,12,20,24,33,45,47],"ascension_level":13}