{"gold_per_floor":[118,293,293,14,32,62,62,87,87,102,102,117,150,50,50,149,149,163,110,121,121,121,151,151,151,151,151,176,176,209,228,228,323,323,337,354,367,467,486,486,500,519,519,519,538,538,538,549,549,549],"floor_reached":50,"playtime":2834,"items_purged":["Strike_R","Strike_R"],"score":520,"play_id":"65057cf4-0eb0-48bf-a5bb-73b4f9d9d06a","local_time":"20190528153305","is_ascension_mode":false,"campfire_choices":[{"floor":7,"key":"REST"},{"floor":11,"key":"REST"},{"floor":15,"key":"REST"},{"data":"Body Slam","floor":24,"key":"SMITH"},{"floor":32,"key":"REST"},{"floor":40,"key":"REST"},{"floor":47,"key":"REST"},{"floor":49,"key":"REST"}],"neow_cost":"","seed_source_timestamp":12718462307296,"circlet_count":0,"master_deck":["Strike_R+1","Strike_R+1","Strike_R+1","Defend_R+1","Defend_R+1","Defend_R+1","Defend_R+1","Bash","Flex","Shrug It Off","Twin Strike","Shrug It Off","Whirlwind+1","Pommel Strike+1","Thunderclap","Body Slam+1","Demon Form+1","Flex","Sword Boomerang+1","Iron Wave","Writhe"],"relics":["Burning Blood","Anchor","Ice Cream","Sundial","Magic Flower","Bronze Scales","Busted Crown","Letter Opener","Potion Belt","Whetstone","Unceasing Top","Fusion Hammer","Torii","Toxic Egg 2"],"potions_floor_usage":[16,16,23,30,31,33,37,42,42,45,50,50],"damage_taken":[{"damage":1,"enemies":"Cultist","floor":1,"turns":3},{"damage":0,"enemies":"Jaw Worm","floor":5,"turns":5},{"damage":63,"enemies":"Lagavulin","floor":6,"turns":10},{"damage":30,"enemies":"3 Sentries","floor":8,"turns":10},{"damage":0,"enemies":"Small Slimes","floor":10,"turns":2},{"damage":15,"enemies":"Exordium Thugs","floor":12,"turns":4},{"damage":32,"enemies":"Gremlin Nob","floor":13,"turns":4},{"damage":25,"enemies":"HollowMod:FalseKnight","floor":16,"turns":7},{"damage":0,"enemies":"3 Byrds","floor":18,"turns":3},{"damage":5,"enemies":"Shell Parasite","floor":20,"turns":4},{"damage":15,"enemies":"Slavers","floor":23,"turns":6},{"damage":47,"enemies":"Book of Stabbing","floor":28,"turns":5},{"damage":14,"enemies":"HollowMod:Nosk","floor":30,"turns":3},{"damage":0,"enemies":"Cultist and Chosen","floor":31,"turns":3},{"damage":36,"enemies":"Champ","floor":33,"turns":7},{"damage":9,"enemies":"3 Darklings","floor":35,"turns":3},{"damage":0,"enemies":"Orb Walker","floor":36,"turns":2},{"damage":20,"enemies":"Maw","floor":37,"turns":6},{"damage":34,"enemies":"Mind Bloom Boss Battle","floor":38,"turns":4},{"damage":8,"enemies":"Jaw Worm Horde","floor":39,"turns":2},{"damage":41,"enemies":"Writhing Mass","floor":41,"turns":4},{"damage":7,"enemies":"Maw","floor":42,"turns":5},{"damage":27,"enemies":"HollowMod:SlobberingHusk","floor":45,"turns":7},{"damage":29,"enemies":"Spire Growth","floor":48,"turns":4},{"damage":84,"enemies":"Awakened One","floor":50,"turns":9}],"seed_played":"3073523546295380437","potions_obtained":[{"floor":8,"key":"Strength Potion"},{"floor":10,"key":"Block Potion"},{"floor":13,"key":"Ancient Potion"},{"floor":28,"key":"SteroidPotion"},{"floor":30,"key":"BloodPotion"},{"floor":31,"key":"EssenceOfSteel"},{"floor":33,"key":"SteroidPotion"},{"floor":35,"key":"EssenceOfSteel"},{"floor":38,"key":"Fire Potion"},{"floor":39,"key":"FearPotion"},{"floor":42,"key":"SkillPotion"},{"floor":48,"key":"AttackPotion"}],"is_trial":false,"path_per_floor":["M","?","?","$","M","E","R","E","T","M","R","M","E","$","R","B",null,"M","$","M","?","?","E","R","$","T","?","E","$","E","M","R","B",null,"M","M","M","?","M","R","M","M","T","?","M","?","R","M","R","B"],"character_chosen":"IRONCLAD","items_purchased":["Shrug It Off","Anchor","Flex"],"campfire_rested":7,"item_purchase_floors":[4,4,19],"current_hp_per_floor":[80,80,80,80,80,23,47,23,23,32,56,50,27,27,51,35,80,80,80,80,80,80,74,74,74,74,59,21,21,16,37,62,35,85,85,85,74,49,50,75,43,45,45,66,48,48,73,53,78,0],"gold":549,"neow_bonus":"","is_prod":false,"is_daily":false,"chose_seed":false,"campfire_upgraded":1,"win_rate":0.0,"timestamp":1559075585,"path_taken":["M","?","?","$","M","E","R","E","T","M","R","M","E","$","R","BOSS","M","$","M","?","?","E","R","?","T","?","E","$","E","M","R","BOSS","M","M","M","?","M","R","M","M","T","?","M","?","R","M","R","BOSS"],"build_version":"2019-01-23","purchased_purges":2,"victory":false,"max_hp_per_floor":[80,80,80,80,80,80,80,80,80,80,80,80,80,80,80,80,80,80,80,80,80,80,80,80,80,80,85,85,85,85,85,85,85,85,85,85,85,85,85,85,85,85,85,85,85,85,85,85,85,85],"card_choices":[{"not_picked":["Clothesline","Headbutt"],"picked":"Flex","floor":1},{"not_picked":["Armaments","Thunderclap"],"picked":"Twin Strike","floor":5},{"not_picked":["Sever Soul","Bloodletting"],"picked":"Shrug It Off","floor":6},{"not_picked":["Headbutt","Feel No Pain"],"picked":"Whirlwind","floor":8},{"not_picked":["Hemokinesis","Shrug It Off"],"picked":"Pommel Strike","floor":10},{"not_picked":["Anger","Dark Embrace"],"picked":"Thunderclap","floor":12},{"not_picked":["Hemokinesis","Perfected Strike"],"picked":"Body Slam","floor":13},{"not_picked":["Berserk","Reaper"],"picked":"Demon Form","floor":16},{"not_picked":["Clothesline+1"],"picked":"SKIP","floor":18},{"not_picked":[],"picked":"Sword Boomerang+1","floor":20},{"not_picked":["Thunderclap+1"],"picked":"SKIP","floor":23},{"not_picked":[],"picked":"Iron Wave","floor":28},{"not_picked":["Bloodletting"],"picked":"SKIP","floor":30},{"not_picked":["Pommel Strike"],"picked":"SKIP","floor":31},{"not_picked":["Thunderclap"],"picked":"SKIP","floor":35},{"not_picked":["Armaments+1"],"picked":"SKIP","floor":36},{"not_picked":["Clothesline+1"],"picked":"SKIP","floor":37},{"not_picked":["Clothesline+1"],"picked":"SKIP","floor":39},{"not_picked":["Searing Blow"],"picked":"SKIP","floor":41},{"not_picked":["Clash"],"picked":"SKIP","floor":42},{"not_picked":["Iron Wave"],"picked":"SKIP","floor":45},{"not_picked":["Searing Blow"],"picked":"SKIP","floor":48}],"player_experience":0,"relics_obtained":[{"floor":6,"key":"Ice Cream"},{"floor":8,"key":"Sundial"},{"floor":9,"key":"Magic Flower"},{"floor":13,"key":"Bronze Scales"},{"floor":23,"key":"Letter Opener"},{"floor":26,"key":"Potion Belt"},{"floor":28,"key":"Whetstone"},{"floor":30,"key":"Unceasing Top"},{"floor":38,"key":"Torii"},{"floor":43,"key":"Toxic Egg 2"}],"event_choices":[{"damage_healed":0,"gold_gain":175,"player_choice":"AGREE","damage_taken":0,"max_hp_gain":0,"max_hp_loss":0,"event_name":"Liars Game","floor":2,"gold_loss":0,"cards_obtained":["Doubt"]},{"cards_removed":["Doubt"],"damage_healed":0,"gold_gain":0,"player_choice":"Forget","damage_taken":0,"max_hp_gain":0,"max_hp_loss":0,"event_name":"Living Wall","floor":3,"gold_loss":0},{"damage_healed":0,"gold_gain":0,"player_choice":"Simplicity","damage_taken":0,"max_hp_gain":0,"max_hp_loss":0,"event_name":"Back to Basics","floor":21,"gold_loss":0,"cards_upgraded":["Strike_R","Strike_R","Strike_R","Defend_R","Defend_R","Defend_R","Defend_R"]},{"damage_healed":0,"gold_gain":0,"player_choice":"Ignored","damage_taken":0,"max_hp_gain":0,"max_hp_loss":0,"event_name":"Vampires","floor":22,"gold_loss":0},{"damage_healed":0,"gold_gain":0,"player_choice":"Shed Blood","damage_taken":20,"max_hp_gain":5,"max_hp_loss":0,"event_name":"Forgotten Altar","floor":27,"gold_loss":0},{"damage_healed":0,"gold_gain":0,"player_choice":"Fight","damage_taken":0,"max_hp_gain":0,"max_hp_loss":0,"event_name":"MindBloom","floor":38,"gold_loss":0},{"damage_healed":21,"gold_gain":0,"player_choice":"Writhe","damage_taken":0,"max_hp_gain":0,"max_hp_loss":0,"event_name":"Winding Halls","floor":44,"gold_loss":0,"cards_obtained":["Writhe"]},{"damage_healed":0,"gold_gain":0,"player_choice":"Upgraded","damage_taken":0,"max_hp_gain":0,"max_hp_loss":0,"event_name":"Upgrade Shrine","floor":46,"gold_loss":0,"cards_upgraded":["Demon Form"]}],"is_beta":false,"boss_relics":[{"not_picked":["Astrolabe","Runic Dome"],"picked":"Busted Crown"},{"not_picked":["Calling Bell","Coffee Dripper"],"picked":"Fusion Hammer"}],"items_purged_floors":[4,14],"is_endless":false,"potions_floor_spawned":[8,10,13,28,30,31,33,35,38,39,42,48],"killed_by":"Awakened One","ascension_level":0}