{"gold_per_floor":[367,386,386,233,252,252,236,263,263,274,304,304],"floor_reached":12,"playtime":608,"items_purged":[],"score":90,"play_id":"f3b1a167-e531-432f-9db3-cdab0208a9b6","local_time":"20190308045134","is_ascension_mode":false,"campfire_choices":[],"neow_cost":"TEN_PERCENT_HP_LOSS","seed_source_timestamp":437770051163121,"circlet_count":0,"master_deck":["Strike_B","Strike_B","Strike_B","Defend_B","Defend_B","Defend_B","Defend_B","Zap","Dualcast","Rip and Tear","Consume","Hologram","Capacitor","Leap","Undo","Hologram","Glacier","Defragment","FTL","Beam Cell"],"relics":["Cracked Core","Pear","Oddly Smooth Stone","Matryoshka","Ginger"],"potions_floor_usage":[12,12],"damage_taken":[{"damage":5,"enemies":"2 Louse","floor":1,"turns":2},{"damage":0,"enemies":"Cultist","floor":2,"turns":2},{"damage":5,"enemies":"Jaw Worm","floor":5,"turns":4},{"damage":24,"enemies":"Exordium Thugs","floor":7,"turns":5},{"damage":9,"enemies":"Lagavulin","floor":8,"turns":9},{"damage":13,"enemies":"Lots of Slimes","floor":10,"turns":6},{"damage":19,"enemies":"3 Sentries","floor":11,"turns":10},{"damage":9,"enemies":"Gremlin Gang","floor":12,"turns":1}],"seed_played":"7754197264346848652","potions_obtained":[{"floor":1,"key":"Dexterity Potion"},{"floor":7,"key":"Weak Potion"},{"floor":8,"key":"Regen Potion"},{"floor":11,"key":"SteroidPotion"}],"is_trial":false,"path_per_floor":["M","M","?","$","M","?","M","E","T","M","E","M"],"character_chosen":"DEFECT","items_purchased":["Capacitor","Leap","Undo"],"campfire_rested":0,"item_purchase_floors":[4,4,4],"current_hp_per_floor":[63,63,63,63,58,68,44,35,35,22,3,0],"gold":304,"neow_bonus":"TWO_FIFTY_GOLD","is_prod":false,"is_daily":false,"chose_seed":false,"campfire_upgraded":0,"win_rate":0.0,"timestamp":1552038694,"path_taken":["M","M","?","$","?","?","M","E","T","M","E","M"],"build_version":"2019-01-23","purchased_purges":0,"victory":false,"max_hp_per_floor":[68,68,68,68,68,78,78,78,78,78,78,78],"card_choices":[{"not_picked":["Fusion","Auto Shields"],"picked":"Rip and Tear","floor":1},{"not_picked":["Conserve Battery","Barrage"],"picked":"Consume","floor":2},{"not_picked":["Auto Shields","Redo"],"picked":"Hologram","floor":5},{"not_picked":["Hello World","Redo"],"picked":"Glacier","floor":7},{"not_picked":["Lockon","Doom and Gloom"],"picked":"Defragment","floor":8},{"not_picked":["BootSequence","Leap"],"picked":"FTL","floor":10},{"not_picked":["Redo","Rebound"],"picked":"Beam Cell","floor":11}],"player_experience":25671,"relics_obtained":[{"floor":8,"key":"Oddly Smooth Stone"},{"floor":9,"key":"Matryoshka"},{"floor":11,"key":"Ginger"}],"event_choices":[{"damage_healed":0,"gold_gain":0,"cards_transformed":["Strike_B"],"player_choice":"Transformed","damage_taken":0,"max_hp_gain":0,"max_hp_loss":0,"event_name":"Transmorgrifier","floor":3,"gold_loss":0,"cards_obtained":["Hologram"]},{"damage_healed":0,"gold_gain":0,"player_choice":"Gave Potion","damage_taken":0,"relics_obtained":["Pear"],"max_hp_gain":0,"max_hp_loss":0,"event_name":"WeMeetAgain","floor":6,"gold_loss":0}],"is_beta":false,"boss_relics":[],"items_purged_floors":[],"is_endless":false,"potions_floor_spawned":[1,7,8,11],"killed_by":"Gremlin Gang","ascension_level":0}