{"gold_per_floor":[115,115,133,151,101,129,5,5,32,60,60,81,100,275,275,380,380,393,493,245,255,16,16,43,43,66,95,108,108,137,156,156,253,253,270,14,14,25,25,25,45,72,96,96,108,139,139,159,159,159],"floor_reached":51,"playtime":5562,"items_purged":["Defend_R","Strike_R"],"score":958,"play_id":"47d1a5a2-2d77-4e2e-9e62-a1f3cc7d97cb","local_time":"20190517210339","is_ascension_mode":true,"campfire_choices":[{"data":"Bludgeon","floor":8.0,"key":"SMITH"},{"data":"Rage","floor":15.0,"key":"SMITH"},{"data":"Armaments","floor":23.0,"key":"SMITH"},{"data":"Whirlwind","floor":25.0,"key":"SMITH"},{"data":"Defend_R","floor":32,"key":"PURGE"},{"data":"Limit Break","floor":40,"key":"SMITH"},{"data":"Pain","floor":44,"key":"PURGE"},{"data":"1","floor":47,"key":"LIFT"},{"floor":49,"key":"REST"}],"neow_cost":"PERCENT_DAMAGE","seed_source_timestamp":0,"circlet_count":0,"master_deck":["Strike_R","Strike_R","Strike_R","Defend_R","Defend_R","Bludgeon+1","Battle Trance","Rage+1","Clothesline","Clothesline","Pommel Strike","Twin Strike","Whirlwind+1","Impervious","Anger","Armaments+1","Uppercut","Uppercut+1","Heavy Blade","Impervious","Twin Strike+1","Limit Break+1","Metallicize+1","Flex","Seeing Red+1","Twin Strike+1"],"special_seed":0,"relics":["Burning Blood","Omamori","Oddly Smooth Stone","Sundial","Odd Mushroom","Cursed Key","FossilizedHelix","Shuriken","PreservedInsect","Ornamental Fan","Lantern","Anchor","Bag of Preparation","Nilry\u0027s Codex","Peace Pipe","Runic Pyramid","Dodecahedron","Red Skull","Boot","Girya"],"potions_floor_usage":[35,41,50,50,50],"damage_taken":[{"damage":2.0,"enemies":"Jaw Worm","floor":1.0,"turns":3.0},{"damage":0.0,"enemies":"Cultist","floor":3.0,"turns":2.0},{"damage":6.0,"enemies":"Small Slimes","floor":4.0,"turns":2.0},{"damage":27.0,"enemies":"Lagavulin","floor":6.0,"turns":6.0},{"damage":9.0,"enemies":"3 Sentries","floor":10.0,"turns":4.0},{"damage":18.0,"enemies":"The Mushroom Lair","floor":12.0,"turns":4.0},{"damage":0.0,"enemies":"3 Louse","floor":13.0,"turns":3.0},{"damage":33.0,"enemies":"The Guardian","floor":16.0,"turns":13.0},{"damage":18.0,"enemies":"Spheric Guardian","floor":18.0,"turns":4.0},{"damage":3.0,"enemies":"Colosseum Slavers","floor":19.0,"turns":4.0},{"damage":5.0,"enemies":"Colosseum Nobs","floor":19.0,"turns":3.0},{"damage":0.0,"enemies":"Chosen","floor":21.0,"turns":3.0},{"damage":0.0,"enemies":"Book of Stabbing","floor":24.0,"turns":5.0},{"damage":0.0,"enemies":"Slavers","floor":27.0,"turns":3.0},{"damage":0.0,"enemies":"Snake Plant","floor":28.0,"turns":2.0},{"damage":4.0,"enemies":"Book of Stabbing","floor":30.0,"turns":3.0},{"damage":0.0,"enemies":"Cultist and Chosen","floor":31.0,"turns":4.0},{"damage":27,"enemies":"Champ","floor":33,"turns":9},{"damage":3,"enemies":"Orb Walker","floor":35,"turns":3},{"damage":0,"enemies":"3 Darklings","floor":38,"turns":3},{"damage":54,"enemies":"4 Shapes","floor":41,"turns":2},{"damage":0,"enemies":"Reptomancer","floor":42,"turns":4},{"damage":0,"enemies":"Spire Growth","floor":45,"turns":3},{"damage":0,"enemies":"Nemesis","floor":46,"turns":5},{"damage":6,"enemies":"Sphere and 2 Shapes","floor":48,"turns":4},{"damage":0,"enemies":"Awakened One","floor":50,"turns":8}],"seed_played":"-7934761674182132732","potions_obtained":[{"floor":1.0,"key":"Energy Potion"},{"floor":4.0,"key":"Swift Potion"},{"floor":6.0,"key":"Swift Potion"},{"floor":12.0,"key":"EssenceOfSteel"},{"floor":18.0,"key":"SteroidPotion"},{"floor":19.0,"key":"Dexterity Potion"},{"floor":24.0,"key":"Swift Potion"},{"floor":28.0,"key":"FearPotion"},{"floor":31.0,"key":"BloodPotion"},{"floor":38,"key":"Ancient Potion"},{"floor":42,"key":"Energy Potion"},{"floor":48,"key":"Block Potion"}],"is_trial":false,"path_per_floor":["M","?","M","M","?","E","$","R","T","E","$","?","M","?","R","B",null,"M","?","$","M","$","R","E","R","T","E","M","?","E","M","R","B",null,"M","$","?","M","$","R","M","E","T","R","M","E","R","M","R","B",null],"character_chosen":"IRONCLAD","items_purchased":["Clothesline","PreservedInsect","Ornamental Fan","Dodecahedron"],"campfire_rested":1,"item_purchase_floors":[7,20,22,36],"current_hp_per_floor":[60,60,66,66,66,45,45,45,45,42,42,30,36,36,36,9,80,68,72,72,78,78,78,80,80,80,80,80,64,66,72,72,51,80,80,80,80,80,80,80,40,46,46,46,52,58,58,58,80,80],"gold":159,"neow_bonus":"THREE_RARE_CARDS","is_prod":false,"is_daily":false,"chose_seed":false,"campfire_upgraded":5,"win_rate":0,"timestamp":1558141419,"path_taken":["M","?","M","?","?","E","?","R","T","E","$","?","M","?","R","BOSS","M","?","$","M","$","R","E","R","T","E","M","?","E","M","R","BOSS","M","$","?","?","?","R","M","E","T","R","M","E","R","M","R","BOSS"],"build_version":"2019-01-23","purchased_purges":2,"victory":true,"max_hp_per_floor":[80,80,80,80,80,80,80,80,80,80,80,80,80,80,80,80,80,80,80,80,80,80,80,80,80,80,80,80,80,80,80,80,80,80,80,80,80,80,80,80,80,80,80,80,80,80,80,80,80,80],"card_choices":[{"not_picked":["Exhume","Brutality"],"picked":"Bludgeon","floor":0.0},{"not_picked":["Rage","Body Slam"],"picked":"Battle Trance","floor":1.0},{"not_picked":["Iron Wave","Wild Strike","Rampage"],"picked":"SKIP","floor":3.0},{"not_picked":["Cleave","Heavy Blade"],"picked":"Rage","floor":4.0},{"not_picked":["Exhume","Rampage"],"picked":"Clothesline","floor":6.0},{"not_picked":["Perfected Strike","Heavy Blade"],"picked":"Pommel Strike","floor":10.0},{"not_picked":["Rampage","Hemokinesis"],"picked":"Twin Strike","floor":12.0},{"not_picked":["Thunderclap","Havoc"],"picked":"Whirlwind","floor":13.0},{"not_picked":["Double Tap","Brutality"],"picked":"Impervious","floor":16.0},{"not_picked":["Bloodletting","Dropkick","Clash"],"picked":"SKIP","floor":18.0},{"not_picked":["Flex+1","Armaments"],"picked":"Anger","floor":19.0},{"not_picked":["Wild Strike","Clash"],"picked":"Armaments","floor":21.0},{"not_picked":["Armaments","Clothesline"],"picked":"Uppercut","floor":24.0},{"not_picked":["Second Wind","Warcry"],"picked":"Uppercut+1","floor":27.0},{"not_picked":["Clash","Reckless Charge"],"picked":"Heavy Blade","floor":28.0},{"not_picked":["Ghostly Armor","True Grit"],"picked":"Impervious","floor":30.0},{"not_picked":["Hemokinesis","Second Wind"],"picked":"Twin Strike+1","floor":31.0},{"not_picked":["Brutality","Impervious"],"picked":"Limit Break","floor":33},{"not_picked":["Disarm+1","Twin Strike+1"],"picked":"Metallicize+1","floor":35},{"not_picked":["Feel No Pain","Sentinel","Armaments"],"picked":"SKIP","floor":38},{"not_picked":["Clothesline","Ghostly Armor"],"picked":"Flex","floor":41},{"not_picked":["Armaments","Shrug It Off+1"],"picked":"Seeing Red+1","floor":42},{"not_picked":["Flex","Disarm"],"picked":"Twin Strike+1","floor":45},{"not_picked":["Entrench","Corruption","Disarm"],"picked":"SKIP","floor":46},{"not_picked":["Clothesline+1","Sword Boomerang","Havoc"],"picked":"SKIP","floor":48}],"player_experience":37071,"relics_obtained":[{"floor":6.0,"key":"Omamori"},{"floor":9.0,"key":"Oddly Smooth Stone"},{"floor":10.0,"key":"Sundial"},{"floor":12.0,"key":"Odd Mushroom"},{"floor":19.0,"key":"FossilizedHelix"},{"floor":19.0,"key":"Shuriken"},{"floor":24.0,"key":"Lantern"},{"floor":26.0,"key":"Anchor"},{"floor":27.0,"key":"Bag of Preparation"},{"floor":29.0,"key":"Nilry\u0027s Codex"},{"floor":30.0,"key":"Peace Pipe"},{"floor":42,"key":"Red Skull"},{"floor":43,"key":"Boot"},{"floor":46,"key":"Girya"}],"event_choices":[{"cards_removed":["Strike_R"],"damage_healed":0.0,"max_hp_gain":0.0,"max_hp_loss":0.0,"gold_gain":0.0,"event_name":"Bonfire Elementals","player_choice":"Offered Basic","floor":2.0,"gold_loss":0.0,"damage_taken":0.0},{"cards_removed":["Bash"],"damage_healed":0.0,"max_hp_gain":0.0,"max_hp_loss":0.0,"gold_gain":0.0,"event_name":"The Cleric","player_choice":"Card Removal","floor":5.0,"gold_loss":50.0,"damage_taken":0.0},{"damage_healed":0.0,"max_hp_gain":0.0,"max_hp_loss":0.0,"gold_gain":0.0,"event_name":"Mushrooms","player_choice":"Fought Mushrooms","floor":12.0,"gold_loss":0.0,"damage_taken":0.0},{"damage_healed":0.0,"max_hp_gain":0.0,"max_hp_loss":0.0,"gold_gain":175.0,"event_name":"Liars Game","player_choice":"AGREE","floor":14.0,"gold_loss":0.0,"damage_taken":0.0,"cards_obtained":["Doubt"]},{"damage_healed":0.0,"max_hp_gain":0.0,"max_hp_loss":0.0,"gold_gain":0.0,"event_name":"Colosseum","player_choice":"Fight","floor":19.0,"gold_loss":0.0,"damage_taken":0.0},{"damage_healed":0.0,"max_hp_gain":0.0,"max_hp_loss":0.0,"gold_gain":0.0,"event_name":"Colosseum","player_choice":"Fought Nobs","floor":19.0,"gold_loss":0.0,"damage_taken":0.0},{"damage_healed":0.0,"max_hp_gain":0.0,"max_hp_loss":0.0,"gold_gain":0.0,"event_name":"Cursed Tome","player_choice":"Obtained Book","floor":29.0,"gold_loss":0.0,"damage_taken":16.0},{"damage_healed":0,"gold_gain":0,"player_choice":"Ignored","damage_taken":0,"max_hp_gain":0,"max_hp_loss":0,"event_name":"Purifier","floor":37,"gold_loss":0}],"is_beta":false,"boss_relics":[{"not_picked":["Eternal Feather","Empty Cage"],"picked":"Cursed Key"},{"not_picked":["Runic Cube","Runic Dome"],"picked":"Runic Pyramid"}],"items_purged_floors":[7,20],"is_endless":false,"potions_floor_spawned":[1,4,6,12,18,19,24,28,31,38,42,48],"ascension_level":2}