{"gold_per_floor":[111,121,140,157,173,173,207,207,258,274,274,224,281,297,297,372,372,387,387,30,48,59,89,127,139,176,205,227,314,81,98,98,174,174,193,206,206,30,40,70,70,81,81,81,97,97,16,34,34,34],"floor_reached":51,"playtime":5991,"items_purged":["Strike_G","Strike_G"],"score":1160,"play_id":"726f4b9c-c249-447c-85bb-6e6ebcc45d93","local_time":"20190624213207","is_ascension_mode":true,"campfire_choices":[{"data":"Burst","floor":6,"key":"SMITH"},{"data":"Noxious Fumes","floor":8,"key":"SMITH"},{"data":"Bouncing Flask","floor":15,"key":"SMITH"},{"floor":25,"key":"REST"},{"data":"Footwork","floor":32,"key":"SMITH"},{"floor":41,"key":"REST"},{"floor":46,"key":"REST"},{"floor":49,"key":"REST"}],"neow_cost":"TEN_PERCENT_HP_LOSS","seed_source_timestamp":252222312703888,"circlet_count":0,"master_deck":["AscendersBane","Defend_G","Defend_G","Defend_G","Defend_G","Defend_G","Strike_G","Survivor","Neutralize","Blur","Poisoned Stab","Noxious Fumes+1","Footwork+1","Dodge and Roll","Backstab","Deflect","Burst+1","Dash","Bane","Escape Plan","Bouncing Flask+1","Die Die Die","Backflip","Footwork","Sucker Punch+1","Blur","Heel Hook","Crippling Poison","Noxious Fumes","Catalyst+1","Calculated Gamble","Noxious Fumes+1","Dodge and Roll+1","Catalyst","Night Terror","Well Laid Plans","Leg Sweep","Acrobatics","Catalyst","Calculated Gamble","Acrobatics","Footwork","Deflect+1","Calculated Gamble"],"relics":["Ring of the Snake","Prayer Wheel","Turnip","Centennial Puzzle","Pear","Tiny Chest","Black Star","Gremlin Horn","MawBank","Mummified Hand","Dream Catcher","Omamori","Lee\u0027s Waffle","Philosopher\u0027s Stone","Ginger","Anchor","Bag of Marbles"],"potions_floor_usage":[13,13,14,16,23,33,33,50],"damage_taken":[{"damage":2,"enemies":"Jaw Worm","floor":1,"turns":6},{"damage":0,"enemies":"Small Slimes","floor":2,"turns":3},{"damage":0,"enemies":"2 Louse","floor":3,"turns":3},{"damage":2,"enemies":"Red Slaver","floor":4,"turns":7},{"damage":5,"enemies":"Exordium Wildlife","floor":5,"turns":7},{"damage":10,"enemies":"3 Sentries","floor":7,"turns":10},{"damage":0,"enemies":"Large Slime","floor":10,"turns":6},{"damage":5,"enemies":"Gremlin Nob","floor":13,"turns":4},{"damage":18,"enemies":"Gremlin Gang","floor":14,"turns":7},{"damage":27,"enemies":"Hexaghost","floor":16,"turns":8},{"damage":7,"enemies":"3 Byrds","floor":18,"turns":5},{"damage":0,"enemies":"Shell Parasite","floor":21,"turns":8},{"damage":8,"enemies":"Snake Plant","floor":22,"turns":7},{"damage":22,"enemies":"Book of Stabbing","floor":23,"turns":13},{"damage":6,"enemies":"Shelled Parasite and Fungi","floor":27,"turns":6},{"damage":12,"enemies":"Cultist and Chosen","floor":28,"turns":7},{"damage":1,"enemies":"Snake Plant","floor":31,"turns":4},{"damage":15,"enemies":"Collector","floor":33,"turns":8},{"damage":0,"enemies":"3 Darklings","floor":35,"turns":6},{"damage":7,"enemies":"3 Shapes","floor":36,"turns":4},{"damage":0,"enemies":"3 Darklings","floor":39,"turns":6},{"damage":22,"enemies":"Reptomancer","floor":40,"turns":7},{"damage":21,"enemies":"4 Shapes","floor":42,"turns":5},{"damage":23,"enemies":"Spire Growth","floor":45,"turns":5},{"damage":4,"enemies":"Maw","floor":48,"turns":5},{"damage":27,"enemies":"Time Eater","floor":50,"turns":9}],"seed_played":"-6524689277368410106","potions_obtained":[{"floor":1,"key":"Swift Potion"},{"floor":4,"key":"Explosive Potion"},{"floor":10,"key":"Regen Potion"},{"floor":13,"key":"FearPotion"},{"floor":14,"key":"Strength Potion"},{"floor":18,"key":"Swift Potion"},{"floor":23,"key":"Poison Potion"},{"floor":35,"key":"PowerPotion"}],"is_trial":false,"path_per_floor":["M","M","M","M","M","R","E","R","T","M","?","?","E","M","R","B",null,"M","?","$","M","M","E","T","R","T","M","M","?","$","M","R","B",null,"M","M","?","$","M","E","R","M","T","$","M","R","$","M","R","B",null],"character_chosen":"THE_SILENT","items_purchased":["Footwork","Gremlin Horn","Lee\u0027s Waffle","SkillPotion","GhostInAJar","Footwork"],"campfire_rested":4,"item_purchase_floors":[20,20,30,30,38,47],"current_hp_per_floor":[61,61,61,59,54,54,44,44,44,44,47,47,56,38,38,11,58,51,51,51,51,43,21,21,42,42,36,24,17,80,79,79,64,76,76,69,69,69,69,47,69,48,48,48,25,47,47,43,65,38],"gold":34,"neow_bonus":"ONE_RARE_RELIC","is_prod":false,"is_daily":false,"chose_seed":false,"campfire_upgraded":4,"win_rate":0,"timestamp":1561426327,"path_taken":["M","M","M","M","M","R","E","R","T","M","?","?","E","M","R","BOSS","M","?","$","?","M","E","?","R","T","M","M","?","$","M","R","BOSS","M","?","?","$","M","E","R","M","T","$","M","R","$","M","R","BOSS"],"build_version":"2019-01-23","purchased_purges":2,"victory":true,"max_hp_per_floor":[63,63,63,63,63,63,63,63,63,63,73,73,73,73,73,73,73,73,73,73,73,73,73,73,73,73,73,73,73,80,80,80,80,80,80,80,76,76,76,76,76,76,76,76,76,76,76,76,76,76],"card_choices":[{"not_picked":["Skewer","Endless Agony"],"picked":"Blur","floor":1},{"not_picked":["Terror","Deadly Poison"],"picked":"Poisoned Stab","floor":1},{"not_picked":["Riddle With Holes","Backflip"],"picked":"Noxious Fumes","floor":2},{"not_picked":["Terror","Expertise","Dagger Throw"],"picked":"SKIP","floor":2},{"not_picked":["Terror","Expertise","Dagger Throw"],"picked":"SKIP","floor":2},{"not_picked":["Slice","Outmaneuver"],"picked":"Footwork","floor":3},{"not_picked":["Cloak And Dagger","Skewer"],"picked":"Dodge and Roll","floor":3},{"not_picked":["Deadly Poison","Dagger Throw"],"picked":"Backstab","floor":4},{"not_picked":["Accuracy","Reflex"],"picked":"Deflect","floor":4},{"not_picked":["Well Laid Plans","Slice"],"picked":"Burst","floor":5},{"not_picked":["Dodge and Roll","Predator","Dagger Spray"],"picked":"SKIP","floor":5},{"not_picked":["Quick Slash","Backflip"],"picked":"Dash","floor":7},{"not_picked":["Deflect","Dodge and Roll"],"picked":"Bane","floor":10},{"not_picked":["Flechettes","Slice","Setup"],"picked":"SKIP","floor":10},{"not_picked":["Blade Dance","Dagger Spray"],"picked":"Escape Plan","floor":13},{"not_picked":["Backflip","Cloak And Dagger"],"picked":"Bouncing Flask","floor":14},{"not_picked":["After Image","Slice","Tactician"],"picked":"SKIP","floor":14},{"not_picked":["Envenom","Tools of the Trade"],"picked":"Die Die Die","floor":16},{"not_picked":["Bane","Predator"],"picked":"Backflip","floor":18},{"not_picked":["Quick Slash","Tactician","Eviscerate"],"picked":"SKIP","floor":18},{"not_picked":["Flechettes","Escape Plan"],"picked":"Sucker Punch+1","floor":21},{"not_picked":["Caltrops","Sucker Punch"],"picked":"Blur","floor":21},{"not_picked":["Slice","Terror"],"picked":"Heel Hook","floor":22},{"not_picked":["Sucker Punch","Outmaneuver","Deflect"],"picked":"SKIP","floor":22},{"not_picked":["Dash","Predator"],"picked":"Crippling Poison","floor":23},{"not_picked":["Dash","Endless Agony"],"picked":"Noxious Fumes","floor":25},{"not_picked":["Bane","PiercingWail"],"picked":"Catalyst+1","floor":27},{"not_picked":["Underhanded Strike","Flying Knee"],"picked":"Calculated Gamble","floor":27},{"not_picked":["PiercingWail","Outmaneuver"],"picked":"Noxious Fumes+1","floor":28},{"not_picked":["Bane","Dodge and Roll","Predator"],"picked":"SKIP","floor":28},{"not_picked":["Poisoned Stab","Bouncing Flask"],"picked":"Dodge and Roll+1","floor":31},{"not_picked":["Footwork","Endless Agony"],"picked":"Catalyst","floor":31},{"not_picked":["Envenom","A Thousand Cuts"],"picked":"Night Terror","floor":33},{"not_picked":["Slice","Blade Dance"],"picked":"Well Laid Plans","floor":35},{"not_picked":["Blade Dance","Cloak And Dagger+1"],"picked":"Leg Sweep","floor":35},{"not_picked":["Outmaneuver","Dagger Throw"],"picked":"Acrobatics","floor":36},{"not_picked":["Outmaneuver","Well Laid Plans","Concentrate"],"picked":"SKIP","floor":36},{"not_picked":["Deflect","Dash"],"picked":"Catalyst","floor":39},{"not_picked":["Predator","Slice","Bane+1"],"picked":"SKIP","floor":39},{"not_picked":["Eviscerate","Cloak And Dagger","Dodge and Roll"],"picked":"SKIP","floor":40},{"not_picked":["Quick Slash","Infinite Blades"],"picked":"Calculated Gamble","floor":42},{"not_picked":["Dodge and Roll","Predator","Infinite Blades"],"picked":"SKIP","floor":42},{"not_picked":["Heel Hook","Dagger Spray+1","Doppelganger"],"picked":"SKIP","floor":45},{"not_picked":["Outmaneuver+1","Reflex+1","Dagger Spray"],"picked":"SKIP","floor":45},{"not_picked":["Predator","Endless Agony"],"picked":"Acrobatics","floor":46},{"not_picked":["Distraction","Slice"],"picked":"Deflect+1","floor":48},{"not_picked":["Cloak And Dagger+1","Poisoned Stab"],"picked":"Calculated Gamble","floor":48}],"player_experience":662223,"relics_obtained":[{"floor":7,"key":"Turnip"},{"floor":9,"key":"Centennial Puzzle"},{"floor":13,"key":"Tiny Chest"},{"floor":23,"key":"MawBank"},{"floor":23,"key":"Mummified Hand"},{"floor":24,"key":"Dream Catcher"},{"floor":26,"key":"Omamori"},{"floor":40,"key":"Ginger"},{"floor":40,"key":"Anchor"},{"floor":43,"key":"Bag of Marbles"}],"event_choices":[{"damage_healed":0,"gold_gain":0,"player_choice":"Success","damage_taken":7,"relics_obtained":["Pear"],"max_hp_gain":0,"max_hp_loss":0,"event_name":"Scrap Ooze","floor":11,"gold_loss":0},{"cards_removed":["Strike_G"],"damage_healed":0,"gold_gain":0,"player_choice":"Card Removal","damage_taken":0,"max_hp_gain":0,"max_hp_loss":0,"event_name":"The Cleric","floor":12,"gold_loss":50},{"cards_removed":["Strike_G"],"damage_healed":0,"gold_gain":0,"player_choice":"Purged","damage_taken":0,"max_hp_gain":0,"max_hp_loss":0,"event_name":"Purifier","floor":19,"gold_loss":0},{"damage_healed":0,"gold_gain":75,"player_choice":"Touch","damage_taken":7,"max_hp_gain":0,"max_hp_loss":0,"event_name":"FaceTrader","floor":29,"gold_loss":0},{"damage_healed":0,"gold_gain":0,"player_choice":"Max HP","damage_taken":0,"max_hp_gain":0,"max_hp_loss":4,"event_name":"Winding Halls","floor":37,"gold_loss":0}],"is_beta":false,"boss_relics":[{"not_picked":["WristBlade","Runic Pyramid"],"picked":"Black Star"},{"not_picked":["Ring of the Serpent","Eternal Feather"],"picked":"Philosopher\u0027s Stone"}],"items_purged_floors":[20,38],"is_endless":false,"potions_floor_spawned":[1,4,7,10,13,14,18,23,35,40,48],"ascension_level":13}