{"gold_per_floor":[114,124,274,47,60,60,91,107,107,107,107,140,140,160,160,160],"floor_reached":16,"playtime":927,"items_purged":["Doubt"],"score":215,"play_id":"2c023fc4-d036-4116-9ca0-c243e54016c0","local_time":"20190627113130","is_ascension_mode":true,"campfire_choices":[{"data":"Venomology","floor":6,"key":"SMITH"},{"floor":10,"key":"REST"},{"floor":13,"key":"REST"},{"floor":15,"key":"REST"}],"neow_cost":"NONE","seed_source_timestamp":134929711868056,"circlet_count":0,"master_deck":["AscendersBane","Defend_G","Defend_G","Defend_G","Defend_G","Defend_G","Strike_G","Strike_G","Strike_G","Strike_G","Strike_G","Survivor","Neutralize","Poisoned Stab","Flying Knee","Venomology+1","Infinite Blades","Cloak And Dagger","Deflect","Dagger Spray","Calculated Gamble"],"relics":["Ring of the Snake","NeowsBlessing","PreservedInsect","Oddly Smooth Stone","FaceOfCleric","Blue Candle"],"potions_floor_usage":[7,8,16,16,16],"damage_taken":[{"damage":0,"enemies":"Cultist","floor":1,"turns":1},{"damage":0,"enemies":"Small Slimes","floor":2,"turns":1},{"damage":0,"enemies":"2 Louse","floor":5,"turns":1},{"damage":45,"enemies":"3 Sentries","floor":7,"turns":10},{"damage":11,"enemies":"Exordium Wildlife","floor":8,"turns":7},{"damage":31,"enemies":"Lagavulin","floor":12,"turns":8},{"damage":3,"enemies":"2 Fungi Beasts","floor":14,"turns":4},{"damage":50,"enemies":"Slime Boss","floor":16,"turns":10}],"seed_played":"-6293531077806701682","potions_obtained":[{"floor":2,"key":"Regen Potion"}],"is_trial":false,"path_per_floor":["M","M","?","$","M","R","E","M","T","R","?","E","R","M","R","B"],"character_chosen":"THE_SILENT","items_purchased":["Venomology","Infinite Blades"],"campfire_rested":3,"item_purchase_floors":[4,4],"current_hp_per_floor":[59,59,59,59,59,59,29,18,18,37,37,7,27,25,45,0],"gold":160,"neow_bonus":"THREE_ENEMY_KILL","is_prod":false,"is_daily":false,"chose_seed":false,"campfire_upgraded":1,"win_rate":0,"timestamp":1561649490,"path_taken":["M","?","?","$","M","R","E","M","T","R","?","E","R","?","R","BOSS"],"build_version":"2019-01-23","purchased_purges":1,"victory":false,"max_hp_per_floor":[66,66,66,66,66,66,66,66,66,66,66,67,67,68,68,68],"card_choices":[{"not_picked":["Cloak And Dagger","Distraction"],"picked":"Poisoned Stab","floor":1},{"not_picked":["Dodge and Roll","Blade Dance"],"picked":"Flying Knee","floor":2},{"not_picked":["Caltrops","Riddle With Holes"],"picked":"Cloak And Dagger","floor":5},{"not_picked":["Underhanded Strike","Bane","Predator"],"picked":"SKIP","floor":7},{"not_picked":["Escape Plan","Slice"],"picked":"Deflect","floor":8},{"not_picked":["Flying Knee","Tactician"],"picked":"Dagger Spray","floor":12},{"not_picked":["Outmaneuver","Underhanded Strike"],"picked":"Calculated Gamble","floor":14}],"player_experience":735222,"relics_obtained":[{"floor":7,"key":"PreservedInsect"},{"floor":9,"key":"Oddly Smooth Stone"},{"floor":12,"key":"Blue Candle"}],"event_choices":[{"damage_healed":0,"gold_gain":150,"player_choice":"AGREE","damage_taken":0,"max_hp_gain":0,"max_hp_loss":0,"event_name":"Liars Game","floor":3,"gold_loss":0,"cards_obtained":["Doubt"]},{"damage_healed":0,"gold_gain":0,"player_choice":"Trade","damage_taken":0,"relics_obtained":["FaceOfCleric"],"max_hp_gain":0,"max_hp_loss":0,"event_name":"FaceTrader","floor":11,"gold_loss":0}],"is_beta":false,"boss_relics":[],"items_purged_floors":[4],"is_endless":false,"potions_floor_spawned":[2,12],"killed_by":"Slime Boss","ascension_level":19}