{"gold_per_floor":[114,133,133,65,78,103,118,118,118,118,135,170,50,125,125,220,220,231,1,11,27,38,38,58,58,58,58],"floor_reached":27,"playtime":875,"items_purged":["Strike_B"],"score":293,"play_id":"5cb1e35f-fd01-45ad-b3fa-9092fbc2d389","local_time":"20190621151622","is_ascension_mode":true,"campfire_choices":[{"data":"Defragment","floor":8,"key":"SMITH"},{"data":"Doom and Gloom","floor":10,"key":"SMITH"},{"floor":15,"key":"REST"},{"data":"Sunder","floor":23,"key":"SMITH"},{"data":"Core Surge","floor":25,"key":"SMITH"}],"neow_cost":"NONE","seed_source_timestamp":3702689918440,"circlet_count":0,"master_deck":["Strike_B","Strike_B","Strike_B","Defend_B","Defend_B","Defend_B","Defend_B","Zap","Dualcast","Sweeping Beam","BootSequence","Core Surge+1","Doom and Gloom+1","Sunder+1","Defragment+1","Creative AI+1","Ball Lightning","Capacitor+1","Machine Learning+1","Leap","Conserve Battery","Loop+1","Ball Lightning+1"],"relics":["Cracked Core","NeowsBlessing","Torii","Frozen Egg 2","Symbiotic Virus","Coffee Dripper","DataDisk","Bag of Marbles"],"potions_floor_usage":[16,16,16],"damage_taken":[{"damage":0,"enemies":"Jaw Worm","floor":1,"turns":1},{"damage":0,"enemies":"Cultist","floor":2,"turns":1},{"damage":0,"enemies":"Small Slimes","floor":5,"turns":1},{"damage":10,"enemies":"3 Sentries","floor":6,"turns":5},{"damage":1,"enemies":"Red Slaver","floor":7,"turns":3},{"damage":11,"enemies":"Gremlin Gang","floor":11,"turns":3},{"damage":30,"enemies":"Lagavulin","floor":12,"turns":6},{"damage":18,"enemies":"Hexaghost","floor":16,"turns":7},{"damage":18,"enemies":"Spheric Guardian","floor":18,"turns":4},{"damage":10,"enemies":"3 Byrds","floor":20,"turns":4},{"damage":2,"enemies":"Cultist and Chosen","floor":21,"turns":5},{"damage":1,"enemies":"Shelled Parasite and Fungi","floor":22,"turns":4},{"damage":14,"enemies":"Snecko","floor":24,"turns":4},{"damage":14,"enemies":"Snake Plant","floor":27,"turns":1}],"seed_played":"-6909423609853551263","potions_obtained":[{"floor":6,"key":"GamblersBrew"},{"floor":11,"key":"AttackPotion"},{"floor":12,"key":"Explosive Potion"},{"floor":18,"key":"Energy Potion"},{"floor":20,"key":"LiquidBronze"},{"floor":22,"key":"Energy Potion"}],"is_trial":false,"path_per_floor":["M","M","?","$","M","E","M","R","T","R","M","E","$","?","R","B",null,"M","$","M","M","M","R","M","R","T","M"],"character_chosen":"DEFECT","items_purchased":["Doom and Gloom","Ball Lightning","Capacitor+1","DataDisk"],"campfire_rested":1,"item_purchase_floors":[4,13,13,19],"current_hp_per_floor":[68,68,68,68,68,58,57,57,57,57,46,16,16,5,27,9,59,41,41,31,29,28,28,14,14,14,0],"gold":58,"neow_bonus":"THREE_ENEMY_KILL","is_prod":false,"is_daily":false,"chose_seed":false,"campfire_upgraded":4,"win_rate":0,"timestamp":1561144582,"path_taken":["M","M","?","$","?","E","M","R","T","R","M","E","$","?","R","BOSS","M","$","M","M","M","R","M","R","T","M"],"build_version":"2019-01-23","purchased_purges":1,"victory":false,"max_hp_per_floor":[75,75,75,75,75,75,75,75,75,75,75,75,75,75,75,75,75,75,75,75,75,75,75,75,75,75,75],"card_choices":[{"not_picked":["Redo","Hologram"],"picked":"Sweeping Beam","floor":1},{"not_picked":["Barrage","Aggregate"],"picked":"BootSequence","floor":2},{"not_picked":["Compile Driver","Force Field"],"picked":"Sunder","floor":5},{"not_picked":["Redo","Hologram"],"picked":"Defragment","floor":6},{"not_picked":["Go for the Eyes","Streamline","Sunder"],"picked":"SKIP","floor":7},{"not_picked":["Hello World+1","Barrage","Sunder"],"picked":"SKIP","floor":11},{"not_picked":["Self Repair+1","Tempest"],"picked":"Creative AI+1","floor":12},{"not_picked":["All For One","Core Surge"],"picked":"Machine Learning+1","floor":16},{"not_picked":["Gash","Barrage"],"picked":"Leap","floor":18},{"not_picked":["Compile Driver","Redo"],"picked":"Conserve Battery","floor":20},{"not_picked":["Streamline+1","Rainbow"],"picked":"Loop+1","floor":21},{"not_picked":["Beam Cell","Heatsinks+1"],"picked":"Ball Lightning+1","floor":22},{"not_picked":["Reprogram+1","Doom and Gloom","Go for the Eyes"],"picked":"SKIP","floor":24}],"player_experience":148998,"relics_obtained":[{"floor":6,"key":"Torii"},{"floor":9,"key":"Frozen Egg 2"},{"floor":12,"key":"Symbiotic Virus"},{"floor":26,"key":"Bag of Marbles"}],"event_choices":[{"damage_healed":0,"gold_gain":0,"player_choice":"1 cards matched","damage_taken":0,"max_hp_gain":0,"max_hp_loss":0,"event_name":"Match and Keep!","floor":3,"gold_loss":0,"cards_obtained":["Core Surge"]},{"damage_healed":0,"gold_gain":75,"player_choice":"Gather Gold","damage_taken":11,"max_hp_gain":0,"max_hp_loss":0,"event_name":"World of Goop","floor":14,"gold_loss":0}],"is_beta":false,"boss_relics":[{"not_picked":["Black Star","Calling Bell"],"picked":"Coffee Dripper"}],"items_purged_floors":[19],"is_endless":false,"potions_floor_spawned":[6,11,12,18,20,22],"killed_by":"Snake Plant","ascension_level":6}