{"gold_per_floor":[15,115,127,127,138,166,166,196,220,145,145,164,86,104,104,178,178,197,216,216,236,94,123,123,149,149,149,149],"floor_reached":28,"playtime":1242,"items_purged":["Pain"],"score":439,"play_id":"a1d4c0cc-4f48-453d-99ef-c0de3b5f9b20","local_time":"20190626151124","is_ascension_mode":true,"campfire_choices":[{"floor":7,"key":"REST"},{"data":"Defragment","floor":15,"key":"SMITH"},{"floor":24,"key":"REST"}],"neow_cost":"NO_GOLD","seed_source_timestamp":246843382003795,"circlet_count":0,"master_deck":["AscendersBane","Strike_B","Strike_B","Defend_B","Defend_B","Defend_B","Defend_B","Zap","Dualcast","Go for the Eyes","Cold Snap","Static Discharge","Conserve Battery","Coolheaded","Conserve Battery","Self Repair","Defragment+1","Electrodynamics","Decay","Shame","Normality","Coolheaded+1","Redo+1","Ball Lightning","Capacitor","Thunder Strike","Multi-Cast"],"relics":["Cracked Core","WarpedTongs","Pen Nib","Centennial Puzzle","Juzu Bracelet","Calling Bell","Happy Flower","Darkstone Periapt","Du-Vu Doll","Blood Vial","Strawberry","Bottled Lightning","Mummified Hand"],"potions_floor_usage":[6,8,23,25],"damage_taken":[{"damage":3,"enemies":"Jaw Worm","floor":1,"turns":4},{"damage":0,"enemies":"Cultist","floor":3,"turns":3},{"damage":9,"enemies":"2 Louse","floor":5,"turns":3},{"damage":31,"enemies":"Gremlin Nob","floor":6,"turns":4},{"damage":25,"enemies":"3 Sentries","floor":8,"turns":9},{"damage":1,"enemies":"Gremlin Gang","floor":12,"turns":5},{"damage":2,"enemies":"Red Slaver","floor":14,"turns":5},{"damage":1,"enemies":"Hexaghost","floor":16,"turns":14},{"damage":15,"enemies":"3 Byrds","floor":18,"turns":4},{"damage":5,"enemies":"Chosen","floor":19,"turns":5},{"damage":20,"enemies":"Snake Plant","floor":21,"turns":4},{"damage":44,"enemies":"Gremlin Leader","floor":23,"turns":7},{"damage":27,"enemies":"Slavers","floor":25,"turns":4},{"damage":39,"enemies":"Gremlin Leader","floor":28,"turns":2}],"seed_played":"-1774026179459846129","potions_obtained":[{"floor":3,"key":"FocusPotion"},{"floor":6,"key":"Block Potion"},{"floor":12,"key":"SteroidPotion"},{"floor":16,"key":"Ancient Potion"},{"floor":23,"key":"Regen Potion"},{"floor":25,"key":"SteroidPotion"}],"is_trial":false,"path_per_floor":["M","?","M","?","M","E","R","E","T","$","?","M","$","M","R","B",null,"M","M","?","M","$","E","R","E","T","?","E"],"character_chosen":"DEFECT","items_purchased":["Self Repair","Capacitor","Thunder Strike"],"campfire_rested":2,"item_purchase_floors":[13,22,22],"current_hp_per_floor":[65,65,65,65,56,25,47,22,22,22,22,21,21,26,26,32,64,59,64,64,53,53,18,42,29,29,29,0],"gold":149,"neow_bonus":"REMOVE_TWO","is_prod":false,"is_daily":false,"chose_seed":false,"campfire_upgraded":1,"win_rate":0,"timestamp":1561572684,"path_taken":["M","?","?","?","?","E","R","E","T","?","?","M","?","M","R","BOSS","M","M","?","M","$","E","R","E","T","?","E"],"build_version":"2019-01-23","purchased_purges":1,"victory":false,"max_hp_per_floor":[75,75,75,75,75,75,75,75,75,75,75,75,75,75,75,75,75,75,75,75,75,75,82,82,82,82,82,82],"card_choices":[{"not_picked":["Turbo","Stack"],"picked":"Go for the Eyes","floor":1},{"not_picked":["Compile Driver","Leap"],"picked":"Cold Snap","floor":3},{"not_picked":["Lockon","Scrape"],"picked":"Static Discharge","floor":5},{"not_picked":["Barrage","Gash"],"picked":"Conserve Battery","floor":6},{"not_picked":["Skim","Conserve Battery"],"picked":"Coolheaded","floor":8},{"not_picked":["Stack","Undo"],"picked":"Conserve Battery","floor":12},{"not_picked":["Recycle","Rebound"],"picked":"Defragment","floor":14},{"not_picked":["Seek","All For One"],"picked":"Electrodynamics","floor":16},{"not_picked":["Streamline","Cold Snap"],"picked":"Coolheaded+1","floor":18},{"not_picked":["White Noise","Hologram"],"picked":"Redo+1","floor":19},{"not_picked":["Hologram","Skim"],"picked":"Ball Lightning","floor":21},{"not_picked":["Turbo+1","Barrage"],"picked":"Multi-Cast","floor":23},{"not_picked":["Tempest","Reprogram","Conserve Battery"],"picked":"SKIP","floor":25}],"player_experience":1193547,"relics_obtained":[{"floor":6,"key":"Pen Nib"},{"floor":8,"key":"Centennial Puzzle"},{"floor":9,"key":"Juzu Bracelet"},{"floor":17,"key":"Happy Flower"},{"floor":17,"key":"Darkstone Periapt"},{"floor":17,"key":"Du-Vu Doll"},{"floor":23,"key":"Strawberry"},{"floor":25,"key":"Bottled Lightning"},{"floor":26,"key":"Mummified Hand"}],"event_choices":[{"damage_healed":0,"gold_gain":100,"player_choice":"Pray","damage_taken":0,"max_hp_gain":0,"max_hp_loss":0,"event_name":"Golden Shrine","floor":2,"gold_loss":0},{"damage_healed":0,"gold_gain":0,"player_choice":"Rummage","damage_taken":0,"relics_obtained":["WarpedTongs"],"max_hp_gain":0,"max_hp_loss":0,"event_name":"Accursed Blacksmith","floor":4,"gold_loss":0,"cards_obtained":["Pain"]},{"damage_healed":0,"gold_gain":0,"player_choice":"Ignored","damage_taken":0,"max_hp_gain":0,"max_hp_loss":0,"event_name":"Golden Wing","floor":11,"gold_loss":0},{"damage_healed":0,"gold_gain":0,"player_choice":"Opened","damage_taken":0,"relics_obtained":["Blood Vial"],"max_hp_gain":0,"max_hp_loss":0,"event_name":"The Mausoleum","floor":20,"gold_loss":0},{"damage_healed":0,"gold_gain":0,"player_choice":"Ignored","damage_taken":0,"max_hp_gain":0,"max_hp_loss":0,"event_name":"Cursed Tome","floor":27,"gold_loss":0}],"is_beta":false,"boss_relics":[{"not_picked":["Runic Dome","Ectoplasm"],"picked":"Calling Bell"}],"items_purged_floors":[10],"is_endless":false,"potions_floor_spawned":[3,6,12,16,23,25],"killed_by":"Gremlin Leader","ascension_level":13}