{"gold_per_floor":[119,131,131,131,56,92,92,135,135,135,206,221,236,257,257,352,352,367,257,26,42,42,42,42,78,78,78,109,109,143,66,66,162,162,175,175,191,191,204,204,245,245,245,286,286,16,56,74,74,74],"floor_reached":51,"playtime":5436,"items_purged":["Strike_G","Writhe"],"score":1437,"play_id":"22b721f8-96b8-4b2c-8857-72b3c5588f03","local_time":"20190625144854","is_ascension_mode":true,"campfire_choices":[{"data":"Malaise","floor":7,"key":"SMITH"},{"floor":10,"key":"REST"},{"data":"Blade Dance","floor":15,"key":"SMITH"},{"data":"Burst","floor":23,"key":"SMITH"},{"data":"Venomology","floor":27,"key":"SMITH"},{"data":"Accuracy","floor":29,"key":"SMITH"},{"data":"Infinite Blades","floor":32,"key":"SMITH"},{"data":"Night Terror","floor":40,"key":"SMITH"},{"floor":42,"key":"REST"},{"floor":49,"key":"REST"}],"neow_cost":"NONE","seed_source_timestamp":314978119289071,"circlet_count":0,"master_deck":["AscendersBane","Defend_G+1","Defend_G","Defend_G","Defend_G+1","Defend_G+1","Strike_G+1","Strike_G+1","Survivor","Neutralize","Well Laid Plans","PiercingWail","Malaise+1","Dagger Spray","Terror","Dash","Blade Dance+1","Leg Sweep","Burst+1","Blade Dance+1","Blade Dance","Venomology+1","Accuracy+1","Acrobatics","Infinite Blades+1","Night Terror+1","Acrobatics","Acrobatics","Finisher","Infinite Blades+1","PiercingWail","Calculated Gamble","Flash of Steel","Deflect","Well Laid Plans+1","Prepared"],"relics":["Ring of the Snake","NeowsBlessing","Golden Idol","Turnip","Pear","Shuriken","Tiny Chest","Cursed Key","Juzu Bracelet","MutagenicStrength","Anchor","Pen Nib","Snake Skull","Bottled Flame","Sozu","Gremlin Horn","War Paint","Boot"],"potions_floor_usage":[8,16,16,25,28,33,33,37,50],"damage_taken":[{"damage":0,"enemies":"Jaw Worm","floor":1,"turns":1},{"damage":0,"enemies":"2 Louse","floor":2,"turns":1},{"damage":0,"enemies":"Gremlin Nob","floor":6,"turns":1},{"damage":33,"enemies":"Lagavulin","floor":8,"turns":16},{"damage":15,"enemies":"3 Sentries","floor":11,"turns":12},{"damage":0,"enemies":"Small Slimes","floor":12,"turns":4},{"damage":0,"enemies":"Blue Slaver","floor":13,"turns":5},{"damage":0,"enemies":"Gremlin Gang","floor":14,"turns":7},{"damage":7,"enemies":"Slime Boss","floor":16,"turns":9},{"damage":0,"enemies":"3 Byrds","floor":18,"turns":6},{"damage":0,"enemies":"Shell Parasite","floor":21,"turns":4},{"damage":0,"enemies":"Gremlin Leader","floor":25,"turns":5},{"damage":21,"enemies":"Book of Stabbing","floor":28,"turns":5},{"damage":5,"enemies":"Gremlin Leader","floor":30,"turns":4},{"damage":16,"enemies":"Collector","floor":33,"turns":7},{"damage":1,"enemies":"Orb Walker","floor":35,"turns":3},{"damage":9,"enemies":"3 Darklings","floor":37,"turns":4},{"damage":5,"enemies":"Maw","floor":39,"turns":7},{"damage":9,"enemies":"Giant Head","floor":41,"turns":4},{"damage":9,"enemies":"Reptomancer","floor":44,"turns":5},{"damage":14,"enemies":"Nemesis","floor":47,"turns":5},{"damage":0,"enemies":"4 Shapes","floor":48,"turns":4},{"damage":29,"enemies":"Donu and Deca","floor":50,"turns":8}],"seed_played":"2243932891551993402","potions_obtained":[{"floor":2,"key":"Energy Potion"},{"floor":11,"key":"PowerPotion"},{"floor":14,"key":"SpeedPotion"},{"floor":18,"key":"SteroidPotion"},{"floor":30,"key":"PowerPotion"},{"floor":33,"key":"Dexterity Potion"}],"is_trial":false,"path_per_floor":["M","M","?","?","?","E","R","E","T","R","E","M","M","M","R","B",null,"M","?","$","M","?","R","?","E","T","R","E","R","E","$","R","B",null,"M","?","M","?","M","R","E","R","T","E","T","$","E","M","R","B",null],"character_chosen":"THE_SILENT","items_purchased":["Juzu Bracelet","Infinite Blades","Calculated Gamble","Flash of Steel","Deflect"],"campfire_rested":3,"item_purchase_floors":[20,31,46,46,46],"current_hp_per_floor":[59,59,59,41,41,41,41,18,18,39,24,24,24,24,24,17,57,57,57,57,57,57,57,57,57,57,57,48,48,43,43,43,27,59,58,58,49,49,44,44,35,54,54,45,45,45,31,31,50,21],"gold":74,"neow_bonus":"THREE_ENEMY_KILL","is_prod":false,"is_daily":false,"chose_seed":false,"campfire_upgraded":7,"win_rate":0,"timestamp":1561488534,"path_taken":["M","M","?","?","?","E","R","E","T","R","E","M","M","M","R","BOSS","M","?","$","M","?","R","?","E","T","R","E","R","E","$","R","BOSS","M","?","M","?","M","R","E","R","T","E","?","$","E","M","R","BOSS"],"build_version":"2019-01-23","purchased_purges":2,"victory":true,"max_hp_per_floor":[66,66,60,60,60,60,60,70,70,70,70,70,70,70,70,70,70,70,70,70,70,70,70,70,70,70,70,70,70,70,70,70,70,70,70,70,70,66,66,66,66,66,66,66,66,66,66,66,66,66],"card_choices":[{"not_picked":["Bane","Reflex"],"picked":"Well Laid Plans","floor":1},{"not_picked":["Escape Plan","Outmaneuver"],"picked":"PiercingWail","floor":2},{"not_picked":["PiercingWail","Flying Knee"],"picked":"Malaise","floor":6},{"not_picked":["Distraction","Terror"],"picked":"Dagger Spray","floor":8},{"not_picked":["Flechettes","Sucker Punch"],"picked":"Terror","floor":11},{"not_picked":["Crippling Poison","Sucker Punch"],"picked":"Dash","floor":12},{"not_picked":["Accuracy","Escape Plan"],"picked":"Blade Dance","floor":13},{"not_picked":["Sucker Punch","Bane"],"picked":"Leg Sweep","floor":14},{"not_picked":["Phantasmal Killer","After Image"],"picked":"Burst","floor":16},{"not_picked":["Dagger Throw","Deadly Poison"],"picked":"Blade Dance","floor":18},{"not_picked":["Leg Sweep","Quick Slash"],"picked":"Blade Dance","floor":21},{"not_picked":["Cloak And Dagger","All Out Attack"],"picked":"Venomology","floor":25},{"not_picked":["Dagger Throw","Wraith Form v2"],"picked":"Accuracy","floor":28},{"not_picked":["Dagger Throw","Blade Dance"],"picked":"Acrobatics","floor":30},{"not_picked":["Malaise","Burst"],"picked":"Night Terror","floor":33},{"not_picked":["Heel Hook","Dagger Spray"],"picked":"Acrobatics","floor":35},{"not_picked":["Deflect","Blade Dance"],"picked":"Acrobatics","floor":37},{"not_picked":["Riddle With Holes","Glass Knife"],"picked":"Finisher","floor":39},{"not_picked":["Dagger Spray","Sucker Punch"],"picked":"Infinite Blades+1","floor":41},{"not_picked":["Finisher","Flechettes"],"picked":"PiercingWail","floor":44},{"not_picked":["Outmaneuver","Deadly Poison+1"],"picked":"Well Laid Plans+1","floor":47},{"not_picked":["Dagger Spray","Outmaneuver"],"picked":"Prepared","floor":48}],"player_experience":679196,"relics_obtained":[{"floor":6,"key":"Turnip"},{"floor":8,"key":"Pear"},{"floor":9,"key":"Shuriken"},{"floor":11,"key":"Tiny Chest"},{"floor":25,"key":"Anchor"},{"floor":26,"key":"Pen Nib"},{"floor":28,"key":"Snake Skull"},{"floor":30,"key":"Bottled Flame"},{"floor":41,"key":"Gremlin Horn"},{"floor":44,"key":"War Paint"},{"floor":47,"key":"Boot"}],"event_choices":[{"damage_healed":0,"gold_gain":0,"player_choice":"Lose Max HP","damage_taken":0,"relics_obtained":["Golden Idol"],"max_hp_gain":0,"max_hp_loss":6,"event_name":"Golden Idol","floor":3,"gold_loss":0},{"damage_healed":0,"gold_gain":0,"player_choice":"Entered Light","damage_taken":18,"max_hp_gain":0,"max_hp_loss":0,"event_name":"Shining Light","floor":4,"gold_loss":0,"cards_upgraded":["Strike_G","Defend_G"]},{"cards_removed":["Strike_G"],"damage_healed":0,"gold_gain":0,"player_choice":"Card Removal","damage_taken":0,"max_hp_gain":0,"max_hp_loss":0,"event_name":"The Cleric","floor":5,"gold_loss":75},{"cards_removed":["Strike_G"],"damage_healed":0,"gold_gain":0,"player_choice":"Upgrade and Remove","damage_taken":0,"max_hp_gain":0,"max_hp_loss":0,"event_name":"Designer","floor":19,"gold_loss":110,"cards_upgraded":["Strike_G"]},{"damage_healed":0,"gold_gain":0,"player_choice":"Inject Mutagens","damage_taken":0,"relics_obtained":["MutagenicStrength"],"max_hp_gain":0,"max_hp_loss":0,"event_name":"Drug Dealer","floor":22,"gold_loss":0},{"damage_healed":0,"gold_gain":0,"player_choice":"Upgraded","damage_taken":0,"max_hp_gain":0,"max_hp_loss":0,"event_name":"Upgrade Shrine","floor":24,"gold_loss":0,"cards_upgraded":["Blade Dance"]},{"damage_healed":0,"gold_gain":0,"player_choice":"Ignored","damage_taken":0,"max_hp_gain":0,"max_hp_loss":0,"event_name":"Tomb of Lord Red Mask","floor":36,"gold_loss":0},{"damage_healed":0,"gold_gain":0,"player_choice":"Max HP","damage_taken":0,"max_hp_gain":0,"max_hp_loss":4,"event_name":"Winding Halls","floor":38,"gold_loss":0}],"is_beta":false,"boss_relics":[{"not_picked":["Black Star","Philosopher\u0027s Stone"],"picked":"Cursed Key"},{"not_picked":["Pandora\u0027s Box","HoveringKite"],"picked":"Sozu"}],"items_purged_floors":[20,46],"is_endless":false,"potions_floor_spawned":[2,11,14,18,30,33,39,41,44,47],"ascension_level":15}