{"gold_per_floor":[211,225,71,90,90,90,115,115,188,188,205,155,155,167,167,264,264,279,290,308,308,78,78,108,108,131,164,79,97,111,122,122,224,224,243,254,254,267,367,367,397,409,421,468,480,510,550,579,591,603],"floor_reached":51,"playtime":2692,"items_purged":["Strike_G"],"score":1062,"play_id":"8facdc58-2680-457b-bda7-fd8ee31d9199","local_time":"20190429021443","is_ascension_mode":true,"campfire_choices":[{"data":"Noxious Fumes","floor":6,"key":"SMITH"},{"data":"Skewer","floor":8,"key":"SMITH"},{"data":"Neutralize","floor":10,"key":"SMITH"},{"floor":15,"key":"REST"},{"data":"Catalyst","floor":23,"key":"SMITH"},{"data":"After Image","floor":25,"key":"SMITH"},{"floor":32,"key":"REST"},{"data":"Crippling Poison","floor":40,"key":"SMITH"},{"floor":42,"key":"REST"},{"floor":49,"key":"REST"}],"neow_cost":"NONE","seed_source_timestamp":716314192622614,"circlet_count":0,"master_deck":["Defend_G","Defend_G","Defend_G","Defend_G","Defend_G","Strike_G","Strike_G","Survivor","Neutralize+1","Crippling Poison+1","Deadly Poison+1","Skewer+1","Noxious Fumes+1","Backflip","PiercingWail","Die Die Die","Cloak And Dagger","Dash","After Image+1","Backflip+1","Catalyst+1","Predator","Night Terror","Catalyst+1","PiercingWail"],"relics":["Ring of the Snake","Regal Pillow","Ninja Scroll","Omamori","Snecko Eye","Strawberry","Mango","Dream Catcher","War Paint","The Specimen","Busted Crown","Gambling Chip","MawBank","Meat on the Bone","Pocketwatch","Ancient Tea Set"],"potions_floor_usage":[24,24,30,31,31,33,50,50],"damage_taken":[{"damage":0,"enemies":"Cultist","floor":1,"turns":3},{"damage":0,"enemies":"Small Slimes","floor":2,"turns":3},{"damage":0,"enemies":"2 Louse","floor":4,"turns":2},{"damage":27,"enemies":"Lagavulin","floor":7,"turns":7},{"damage":9,"enemies":"Exordium Wildlife","floor":11,"turns":3},{"damage":1,"enemies":"Large Slime","floor":14,"turns":4},{"damage":12,"enemies":"The Guardian","floor":16,"turns":10},{"damage":19,"enemies":"2 Thieves","floor":18,"turns":4},{"damage":0,"enemies":"3 Byrds","floor":19,"turns":4},{"damage":6,"enemies":"Snecko","floor":20,"turns":5},{"damage":25,"enemies":"Colosseum Slavers","floor":21,"turns":6},{"damage":0,"enemies":"Gremlin Leader","floor":24,"turns":8},{"damage":29,"enemies":"Slavers","floor":27,"turns":4},{"damage":0,"enemies":"3 Cultists","floor":29,"turns":4},{"damage":0,"enemies":"Snake Plant","floor":30,"turns":4},{"damage":23,"enemies":"Cultist and Chosen","floor":31,"turns":5},{"damage":31,"enemies":"Champ","floor":33,"turns":12},{"damage":0,"enemies":"3 Darklings","floor":35,"turns":5},{"damage":0,"enemies":"3 Shapes","floor":36,"turns":4},{"damage":1,"enemies":"Maw","floor":38,"turns":7},{"damage":30,"enemies":"Mind Bloom Boss Battle","floor":39,"turns":7},{"damage":0,"enemies":"Giant Head","floor":41,"turns":5},{"damage":12,"enemies":"Reptomancer","floor":44,"turns":3},{"damage":33,"enemies":"Spire Growth","floor":46,"turns":3},{"damage":23,"enemies":"Nemesis","floor":47,"turns":5},{"damage":0,"enemies":"Sphere and 2 Shapes","floor":48,"turns":3},{"damage":54,"enemies":"Awakened One","floor":50,"turns":10}],"seed_played":"-8890082900635438639","potions_obtained":[{"floor":4,"key":"Ancient Potion"},{"floor":7,"key":"GhostInAJar"},{"floor":14,"key":"Explosive Potion"},{"floor":16,"key":"SkillPotion"},{"floor":27,"key":"Ancient Potion"},{"floor":29,"key":"Poison Potion"},{"floor":30,"key":"Regen Potion"},{"floor":31,"key":"Weak Potion"},{"floor":38,"key":"Weak Potion"},{"floor":46,"key":"Energy Potion"},{"floor":47,"key":"AttackPotion"}],"is_trial":false,"path_per_floor":["M","M","$","M","?","R","E","R","T","R","M","?","?","M","R","B",null,"M","M","M","?","$","R","E","R","T","E","?","M","M","M","R","B",null,"M","M","?","M","?","R","E","R","T","E","?","M","E","M","R","B",null],"character_chosen":"THE_SILENT","items_purchased":["Skewer","Noxious Fumes","Backflip","Strawberry"],"campfire_rested":4,"item_purchase_floors":[3,3,3,22],"current_hp_per_floor":[70,70,70,70,70,70,43,43,43,43,34,34,16,15,51,39,70,51,51,45,20,27,27,41,41,41,12,12,12,12,3,45,14,91,91,91,91,90,60,60,60,91,91,79,79,46,35,47,89,47],"gold":615,"neow_bonus":"HUNDRED_GOLD","is_prod":false,"is_daily":false,"chose_seed":false,"campfire_upgraded":6,"win_rate":0,"timestamp":1556518483,"path_taken":["M","M","$","M","?","R","E","R","T","R","?","?","?","?","R","BOSS","M","M","M","?","$","R","E","R","T","E","?","M","M","M","R","BOSS","M","M","?","?","?","R","E","R","T","E","?","M","E","M","R","BOSS"],"build_version":"2019-01-23","purchased_purges":1,"victory":true,"max_hp_per_floor":[70,70,70,70,70,70,70,70,70,70,70,70,70,70,70,70,70,70,70,70,70,77,77,91,91,91,91,91,91,91,91,91,91,91,91,91,91,91,91,91,91,91,91,91,91,91,91,91,91,91],"card_choices":[{"not_picked":["Quick Slash","Slice"],"picked":"Crippling Poison","floor":1},{"not_picked":["Sucker Punch","Deflect"],"picked":"Deadly Poison","floor":2},{"not_picked":["Poisoned Stab","Outmaneuver"],"picked":"PiercingWail","floor":4},{"not_picked":["Quick Slash","Grand Finale","Eviscerate"],"picked":"SKIP","floor":7},{"not_picked":["Dodge and Roll","Blur"],"picked":"Cloak And Dagger","floor":11},{"not_picked":["Riddle With Holes","Quick Slash"],"picked":"Dash","floor":14},{"not_picked":["A Thousand Cuts","Die Die Die"],"picked":"After Image","floor":16},{"not_picked":["Deadly Poison","Poisoned Stab"],"picked":"Backflip","floor":18},{"not_picked":["Masterful Stab","Infinite Blades"],"picked":"Catalyst","floor":19},{"not_picked":["Expertise","Poisoned Stab","Acrobatics"],"picked":"SKIP","floor":20},{"not_picked":["Reflex","Blade Dance","Caltrops"],"picked":"SKIP","floor":24},{"not_picked":["Glass Knife","Flechettes","Skewer+1"],"picked":"SKIP","floor":27},{"not_picked":["Slice","All Out Attack+1","Flechettes"],"picked":"SKIP","floor":29},{"not_picked":["Dagger Throw","Poisoned Stab"],"picked":"Predator","floor":30},{"not_picked":["Poisoned Stab+1","Bane","Eviscerate"],"picked":"SKIP","floor":31},{"not_picked":["Doppelganger","A Thousand Cuts"],"picked":"Night Terror","floor":33},{"not_picked":["Cloak And Dagger+1"],"picked":"SKIP","floor":35},{"not_picked":["Tactician+1"],"picked":"SKIP","floor":36},{"not_picked":["Deflect"],"picked":"SKIP","floor":38},{"not_picked":["Outmaneuver"],"picked":"SKIP","floor":41},{"not_picked":[],"picked":"PiercingWail","floor":42},{"not_picked":["Bouncing Flask+1"],"picked":"SKIP","floor":44},{"not_picked":["Poisoned Stab+1"],"picked":"SKIP","floor":46},{"not_picked":["Predator"],"picked":"SKIP","floor":47},{"not_picked":["Prepared"],"picked":"SKIP","floor":48}],"player_experience":109969,"relics_obtained":[{"floor":7,"key":"Regal Pillow"},{"floor":9,"key":"Ninja Scroll"},{"floor":24,"key":"Mango"},{"floor":26,"key":"Dream Catcher"},{"floor":27,"key":"War Paint"},{"floor":39,"key":"Gambling Chip"},{"floor":41,"key":"MawBank"},{"floor":43,"key":"Meat on the Bone"},{"floor":44,"key":"Pocketwatch"},{"floor":47,"key":"Ancient Tea Set"}],"event_choices":[{"damage_healed":0,"gold_gain":0,"cards_transformed":["Strike_G"],"player_choice":"Transformed","damage_taken":0,"max_hp_gain":0,"max_hp_loss":0,"event_name":"Transmorgrifier","floor":5,"gold_loss":0,"cards_obtained":["Die Die Die"]},{"cards_removed":["Strike_G"],"damage_healed":0,"gold_gain":0,"player_choice":"Card Removal","damage_taken":0,"max_hp_gain":0,"max_hp_loss":0,"event_name":"The Cleric","floor":12,"gold_loss":50},{"damage_healed":0,"gold_gain":0,"player_choice":"Success","damage_taken":18,"relics_obtained":["Omamori"],"max_hp_gain":0,"max_hp_loss":0,"event_name":"Scrap Ooze","floor":13,"gold_loss":0},{"damage_healed":0,"gold_gain":0,"player_choice":"Fight","damage_taken":0,"max_hp_gain":0,"max_hp_loss":0,"event_name":"Colosseum","floor":21,"gold_loss":0},{"damage_healed":0,"gold_gain":0,"player_choice":"Fled From Nobs","damage_taken":0,"max_hp_gain":0,"max_hp_loss":0,"event_name":"Colosseum","floor":21,"gold_loss":0},{"damage_healed":0,"gold_gain":0,"player_choice":"Obtained Relic","damage_taken":0,"relics_obtained":["The Specimen"],"max_hp_gain":0,"max_hp_loss":0,"event_name":"Addict","floor":28,"gold_loss":85},{"damage_healed":0,"gold_gain":0,"player_choice":"Copied","damage_taken":0,"max_hp_gain":0,"max_hp_loss":0,"event_name":"Duplicator","floor":37,"gold_loss":0,"cards_obtained":["Catalyst"]},{"damage_healed":0,"gold_gain":0,"player_choice":"Fight","damage_taken":0,"max_hp_gain":0,"max_hp_loss":0,"event_name":"MindBloom","floor":39,"gold_loss":0},{"damage_healed":0,"gold_gain":0,"player_choice":"Memory 1","damage_taken":0,"max_hp_gain":0,"max_hp_loss":0,"event_name":"SensoryStone","floor":45,"gold_loss":0}],"is_beta":false,"boss_relics":[{"not_picked":["Runic Pyramid","HoveringKite"],"picked":"Snecko Eye"},{"not_picked":["Calling Bell","Runic Dome"],"picked":"Busted Crown"}],"items_purged_floors":[22],"is_endless":false,"potions_floor_spawned":[4,7,14,16,20,21,27,29,30,31,38,46,47,48],"ascension_level":4}