{"gold_per_floor":[114,114,134,134,151,151,185,205,228,228,247,260,275,309,309,409,409,425,425,441,457,488,488,518,518,543,563,563,574,620,255,255,255],"floor_reached":33,"playtime":1314,"items_purged":["Strike_B"],"score":321,"play_id":"0a45f475-0c7f-43e3-9dc7-8145a215b016","local_time":"20190427223616","is_ascension_mode":true,"campfire_choices":[{"data":"Melter","floor":6,"key":"SMITH"},{"data":"Zap","floor":10,"key":"SMITH"},{"data":"Barrage","floor":15,"key":"SMITH"},{"floor":23,"key":"REST"},{"floor":25,"key":"REST"},{"floor":28,"key":"REST"},{"floor":32,"key":"REST"}],"neow_cost":"NONE","seed_source_timestamp":618189848017151,"circlet_count":0,"master_deck":["Strike_B","Defend_B","Defend_B","Defend_B","Defend_B","Zap+1","Dualcast","Self Repair","Cold Snap","Cold Snap","Melter+1","Ball Lightning","Darkness","Barrage+1","Compile Driver","Fission+1","Static Discharge","Leap","Multi-Cast","Barrage","Hologram","Undo+1","Buffer"],"relics":["Cracked Core","NeowsBlessing","Lantern","Blood Vial","Omamori","Inserter","Red Mask","Pocketwatch","Bag of Marbles","Art of War","Anchor"],"potions_floor_usage":[22,22,24,33,33],"damage_taken":[{"damage":0,"enemies":"2 Louse","floor":1,"turns":1},{"damage":0,"enemies":"Small Slimes","floor":3,"turns":1},{"damage":0,"enemies":"Cultist","floor":5,"turns":1},{"damage":35,"enemies":"Lagavulin","floor":7,"turns":7},{"damage":11,"enemies":"Looter","floor":8,"turns":2},{"damage":9,"enemies":"Red Slaver","floor":11,"turns":3},{"damage":0,"enemies":"2 Fungi Beasts","floor":12,"turns":2},{"damage":6,"enemies":"Blue Slaver","floor":13,"turns":3},{"damage":16,"enemies":"3 Sentries","floor":14,"turns":5},{"damage":20,"enemies":"Hexaghost","floor":16,"turns":9},{"damage":31,"enemies":"2 Thieves","floor":18,"turns":4},{"damage":17,"enemies":"Shell Parasite","floor":20,"turns":3},{"damage":25,"enemies":"Snake Plant","floor":21,"turns":3},{"damage":0,"enemies":"Masked Bandits","floor":22,"turns":3},{"damage":49,"enemies":"Gremlin Leader","floor":24,"turns":7},{"damage":27,"enemies":"Snecko","floor":27,"turns":5},{"damage":27,"enemies":"Centurion and Healer","floor":29,"turns":6},{"damage":48,"enemies":"Automaton","floor":33,"turns":6}],"seed_played":"-2851045485627638982","potions_obtained":[{"floor":1,"key":"Block Potion"},{"floor":7,"key":"Poison Potion"},{"floor":8,"key":"Fire Potion"},{"floor":16,"key":"Fire Potion"},{"floor":21,"key":"SteroidPotion"},{"floor":24,"key":"SteroidPotion"},{"floor":27,"key":"GamblersBrew"}],"is_trial":false,"path_per_floor":["M","?","M","?","M","R","E","M","T","R","M","M","M","E","R","B",null,"M","?","M","M","?","R","E","R","T","M","R","M","T","$","R","B"],"character_chosen":"DEFECT","items_purchased":["Anchor","Buffer","FocusPotion"],"campfire_rested":4,"item_purchase_floors":[31,31,31],"current_hp_per_floor":[75,68,68,68,75,75,47,43,43,43,43,45,48,41,41,23,75,51,51,43,27,36,58,18,40,40,15,37,19,19,19,41,0],"gold":255,"neow_bonus":"THREE_ENEMY_KILL","is_prod":false,"is_daily":false,"chose_seed":false,"campfire_upgraded":3,"win_rate":0,"timestamp":1556418976,"path_taken":["M","?","M","?","?","R","E","M","T","R","M","M","M","E","R","BOSS","M","?","?","M","?","R","E","R","T","M","R","M","?","$","R","BOSS"],"build_version":"2019-01-23","purchased_purges":1,"victory":false,"max_hp_per_floor":[75,75,75,75,75,75,75,75,75,75,75,75,75,75,75,75,75,75,75,75,75,75,75,75,75,75,75,75,75,75,75,75,75],"card_choices":[{"not_picked":["Steam Power","Turbo"],"picked":"Self Repair","floor":1},{"not_picked":["Redo","Go for the Eyes","Cold Snap"],"picked":"SKIP","floor":3},{"not_picked":["Redo","Go for the Eyes"],"picked":"Cold Snap","floor":3},{"not_picked":["Loop","Aggregate"],"picked":"Melter","floor":5},{"not_picked":["Leap","Scrape"],"picked":"Ball Lightning","floor":7},{"not_picked":["Scrape","Sweeping Beam"],"picked":"Darkness","floor":8},{"not_picked":["Static Discharge","Stack"],"picked":"Barrage","floor":11},{"not_picked":["Aggregate","All For One","Steam Power"],"picked":"SKIP","floor":12},{"not_picked":["Turbo","Gash","Force Field"],"picked":"SKIP","floor":13},{"not_picked":["Consume","Coolheaded"],"picked":"Compile Driver","floor":14},{"not_picked":["Machine Learning","Meteor Strike"],"picked":"Fission","floor":16},{"not_picked":["Beam Cell","Barrage","Blizzard"],"picked":"SKIP","floor":18},{"not_picked":["Storm+1","Streamline"],"picked":"Static Discharge","floor":20},{"not_picked":["Static Discharge","Redo"],"picked":"Leap","floor":21},{"not_picked":["Beam Cell","Self Repair"],"picked":"Multi-Cast","floor":22},{"not_picked":["Melter","Hyperbeam"],"picked":"Barrage","floor":24},{"not_picked":["Beam Cell","Rebound+1"],"picked":"Hologram","floor":27},{"not_picked":["Go for the Eyes","Hologram"],"picked":"Undo+1","floor":29}],"player_experience":107553,"relics_obtained":[{"floor":7,"key":"Lantern"},{"floor":9,"key":"Blood Vial"},{"floor":14,"key":"Omamori"},{"floor":22,"key":"Red Mask"},{"floor":24,"key":"Pocketwatch"},{"floor":26,"key":"Bag of Marbles"},{"floor":30,"key":"Art of War"}],"event_choices":[{"cards_removed":["Strike_B"],"damage_healed":0,"gold_gain":0,"player_choice":"Card Removal","damage_taken":7,"max_hp_gain":0,"max_hp_loss":0,"event_name":"Golden Wing","floor":2,"gold_loss":0},{"damage_healed":0,"gold_gain":0,"cards_transformed":["Strike_B"],"player_choice":"Transformed","damage_taken":0,"max_hp_gain":0,"max_hp_loss":0,"event_name":"Transmorgrifier","floor":4,"gold_loss":0,"cards_obtained":["Cold Snap"]},{"damage_healed":0,"gold_gain":0,"player_choice":"Upgraded","damage_taken":0,"max_hp_gain":0,"max_hp_loss":0,"event_name":"Upgrade Shrine","floor":19,"gold_loss":0,"cards_upgraded":["Fission"]},{"damage_healed":0,"gold_gain":0,"player_choice":"Fought Bandits","damage_taken":0,"max_hp_gain":0,"max_hp_loss":0,"event_name":"Masked Bandits","floor":22,"gold_loss":0}],"is_beta":false,"boss_relics":[{"not_picked":["Lizard Tail","Astrolabe"],"picked":"Inserter"}],"items_purged_floors":[31],"is_endless":false,"potions_floor_spawned":[1,7,8,14,16,20,21,24,27],"killed_by":"Automaton","ascension_level":3}