{"gold_per_floor":[112,112,112,37,55,55,30,30,56,81,81,81,110,121,121,121],"floor_reached":16,"playtime":269,"items_purged":["Regret"],"score":229,"play_id":"1ccb11d6-5109-456d-a8e1-669ff0c420d2","local_time":"20190625080408","is_ascension_mode":true,"campfire_choices":[{"data":"Deadly Poison","floor":6,"key":"SMITH"},{"data":"Neutralize","floor":8,"key":"SMITH"},{"data":"Survivor","floor":11,"key":"SMITH"},{"data":"Defend_G","floor":15,"key":"SMITH"}],"neow_cost":"NONE","seed_source_timestamp":334066552059700,"circlet_count":0,"master_deck":["AscendersBane","Defend_G+1","Defend_G","Defend_G","Defend_G","Defend_G","Strike_G","Strike_G","Strike_G","Strike_G","Survivor+1","Neutralize+1","Deadly Poison+1","PiercingWail","Flying Knee+1","Slice+1","PiercingWail","Poisoned Stab+1"],"relics":["Ring of the Snake","NeowsBlessing","Molten Egg 2","Juzu Bracelet","Meat on the Bone","Dodecahedron"],"potions_floor_usage":[13,16],"damage_taken":[{"damage":0,"enemies":"2 Louse","floor":1,"turns":1},{"damage":0,"enemies":"Small Slimes","floor":5,"turns":1},{"damage":0,"enemies":"3 Sentries","floor":10,"turns":1},{"damage":25,"enemies":"Gremlin Nob","floor":13,"turns":4},{"damage":4,"enemies":"Jaw Worm","floor":14,"turns":3},{"damage":39,"enemies":"Slime Boss","floor":16,"turns":7}],"seed_played":"5289163167009489828","potions_obtained":[{"floor":1,"key":"LiquidBronze"},{"floor":10,"key":"Strength Potion"}],"is_trial":false,"path_per_floor":["M","?","?","$","M","R","$","R","T","E","R","?","E","M","R","B"],"character_chosen":"THE_SILENT","items_purchased":["Flying Knee+1"],"campfire_rested":0,"item_purchase_floors":[7],"current_hp_per_floor":[59,59,59,59,59,59,59,59,59,59,59,52,39,35,35,0],"gold":121,"neow_bonus":"THREE_ENEMY_KILL","is_prod":false,"is_daily":false,"chose_seed":false,"campfire_upgraded":4,"win_rate":0,"timestamp":1561464248,"path_taken":["M","?","?","$","M","R","$","R","T","E","R","?","E","M","R","BOSS"],"build_version":"2019-01-23","purchased_purges":1,"victory":false,"max_hp_per_floor":[66,66,66,66,66,66,66,66,66,66,66,66,66,66,66,66],"card_choices":[{"not_picked":["Setup","Poisoned Stab"],"picked":"Deadly Poison","floor":1},{"not_picked":["Endless Agony+1","Deadly Poison"],"picked":"PiercingWail","floor":5},{"not_picked":["Deadly Poison","Terror"],"picked":"Slice+1","floor":10},{"not_picked":["Underhanded Strike+1","Prepared"],"picked":"PiercingWail","floor":13},{"not_picked":["Escape Plan","Backflip"],"picked":"Poisoned Stab+1","floor":14}],"player_experience":1396827,"relics_obtained":[{"floor":9,"key":"Juzu Bracelet"},{"floor":10,"key":"Meat on the Bone"},{"floor":13,"key":"Dodecahedron"}],"event_choices":[{"damage_healed":0,"gold_gain":0,"player_choice":"Box","damage_taken":0,"relics_obtained":["Molten Egg 2"],"max_hp_gain":0,"max_hp_loss":0,"event_name":"Big Fish","floor":2,"gold_loss":0,"cards_obtained":["Regret"]},{"damage_healed":0,"gold_gain":0,"player_choice":"Ignored","damage_taken":0,"max_hp_gain":0,"max_hp_loss":0,"event_name":"Shining Light","floor":3,"gold_loss":0},{"cards_removed":["Strike_G"],"damage_healed":0,"gold_gain":0,"player_choice":"Card Removal","damage_taken":7,"max_hp_gain":0,"max_hp_loss":0,"event_name":"Golden Wing","floor":12,"gold_loss":0}],"is_beta":false,"boss_relics":[],"items_purged_floors":[4],"is_endless":false,"potions_floor_spawned":[1,10],"killed_by":"Slime Boss","ascension_level":15}