{"gold_per_floor":[116,191,191,209,225,225,272,306,306],"floor_reached":9,"playtime":895,"items_purged":[],"score":176,"play_id":"b8e12533-0259-4101-8021-3e0add24c883","local_time":"20190318032846","daily_mods":["Vintage"],"is_ascension_mode":true,"campfire_choices":[{"data":"Ghostly","floor":6,"key":"SMITH"}],"neow_cost":"","seed_source_timestamp":0,"circlet_count":0,"master_deck":["Ghostly+1","Ghostly","Ghostly","Apotheosis","Armaments","Shrug It Off","Shrug It Off","Shrug It Off","Armaments","True Grit","Second Wind","Power Through","Dual Wield","Shockwave","Shockwave","Limit Break","Inflame","Inflame","Demon Form","Body Slam+1","Body Slam+1","Fiend Fire","Fiend Fire","Entrench","Entrench","Dark Embrace","Feel No Pain","Impervious","Impervious","Corruption","Barricade+1"],"relics":["Burning Blood","Singing Bowl","Lantern","Whetstone","Tiny Chest","Molten Egg 2","Bottled Flame"],"potions_floor_usage":[],"damage_taken":[{"damage":0,"enemies":"2 Louse","floor":1,"turns":3},{"damage":5,"enemies":"Jaw Worm","floor":4,"turns":6},{"damage":9,"enemies":"Small Slimes","floor":5,"turns":5},{"damage":0,"enemies":"Looter","floor":7,"turns":3},{"damage":26,"enemies":"3 Sentries","floor":8,"turns":20}],"seed_played":"2255363147668891326","potions_obtained":[{"floor":7,"key":"Ancient Potion"}],"is_trial":true,"path_per_floor":["M","?","?","M","M","R","M","E","T"],"character_chosen":"IRONCLAD","items_purchased":[],"campfire_rested":0,"item_purchase_floors":[],"current_hp_per_floor":[74,63,63,64,61,61,67,47,47],"gold":306,"neow_bonus":"","is_prod":false,"is_daily":false,"chose_seed":false,"campfire_upgraded":1,"win_rate":0.0,"timestamp":1552894126,"path_taken":["M","?","?","M","M","R","M","E","T"],"build_version":"2019-01-23","purchased_purges":0,"victory":false,"max_hp_per_floor":[75,75,75,75,75,75,75,75,75],"card_choices":[{"not_picked":["Inflame","Armaments","Twin Strike"],"picked":"SKIP","floor":8}],"player_experience":32190,"relics_obtained":[{"floor":1,"key":"Singing Bowl"},{"floor":4,"key":"Lantern"},{"floor":5,"key":"Whetstone"},{"floor":7,"key":"Tiny Chest"},{"floor":8,"key":"Molten Egg 2"},{"floor":9,"key":"Bottled Flame"}],"event_choices":[{"damage_healed":0,"gold_gain":75,"player_choice":"Gather Gold","damage_taken":11,"max_hp_gain":0,"max_hp_loss":0,"event_name":"World of Goop","floor":2,"gold_loss":0},{"damage_healed":0,"gold_gain":0,"player_choice":"Grow","damage_taken":0,"max_hp_gain":0,"max_hp_loss":0,"event_name":"Living Wall","floor":3,"gold_loss":0,"cards_upgraded":["Barricade"]}],"is_beta":false,"boss_relics":[],"items_purged_floors":[],"is_endless":false,"potions_floor_spawned":[7,8],"ascension_level":20}