{"gold_per_floor":[115,45,59,59,73,106,106],"floor_reached":7,"playtime":333,"items_purged":[],"score":89,"play_id":"27d470af-86c1-4141-85b6-0f6bbc92e230","local_time":"20190624190450","is_ascension_mode":true,"campfire_choices":[],"neow_cost":"TEN_PERCENT_HP_LOSS","seed_source_timestamp":0,"circlet_count":0,"master_deck":["AscendersBane","Defend_G","Defend_G","Defend_G","Defend_G","Defend_G","Strike_G","Strike_G","Strike_G","Strike_G","Strike_G","Survivor","Neutralize","Backflip","Footwork","Dodge and Roll","Injury","Caltrops","Riddle With Holes"],"special_seed":0,"relics":["Ring of the Snake","Pocketwatch","Golden Idol","Bottled Tornado"],"potions_floor_usage":[6,7],"damage_taken":[{"damage":0,"enemies":"2 Louse","floor":1,"turns":4},{"damage":10,"enemies":"Small Slimes","floor":3,"turns":4},{"damage":0,"enemies":"Cultist","floor":5,"turns":7},{"damage":34,"enemies":"Gremlin Nob","floor":6,"turns":6},{"damage":15,"enemies":"The Mushroom Lair","floor":7,"turns":5}],"seed_played":"4176035392302448154","potions_obtained":[{"floor":5,"key":"SteroidPotion"},{"floor":6,"key":"Block Potion"}],"is_trial":false,"path_per_floor":["M","$","M","?","M","E","?"],"character_chosen":"THE_SILENT","items_purchased":["Footwork"],"campfire_rested":0,"item_purchase_floors":[2],"current_hp_per_floor":[59,59,49,49,49,15,0],"gold":106,"neow_bonus":"ONE_RARE_RELIC","is_prod":false,"is_daily":false,"chose_seed":false,"campfire_upgraded":0,"win_rate":0,"timestamp":1561417490,"path_taken":["M","$","M","?","M","E","?"],"build_version":"2019-01-23","purchased_purges":0,"victory":false,"max_hp_per_floor":[60,60,60,60,60,60,60],"card_choices":[{"not_picked":["Bane","Dodge and Roll"],"picked":"Backflip","floor":1},{"not_picked":["Distraction","Deflect"],"picked":"Dodge and Roll","floor":3},{"not_picked":["Setup","Prepared"],"picked":"Caltrops","floor":5},{"not_picked":["Prepared","Expertise"],"picked":"Riddle With Holes","floor":6}],"player_experience":1354584,"relics_obtained":[{"floor":6,"key":"Bottled Tornado"}],"event_choices":[{"damage_healed":0,"gold_gain":0,"player_choice":"Take Wound","damage_taken":0,"relics_obtained":["Golden Idol"],"max_hp_gain":0,"max_hp_loss":0,"event_name":"Golden Idol","floor":4,"gold_loss":0,"cards_obtained":["Injury"]},{"damage_healed":0,"gold_gain":0,"player_choice":"Fought Mushrooms","damage_taken":0,"max_hp_gain":0,"max_hp_loss":0,"event_name":"Mushrooms","floor":7,"gold_loss":0}],"is_beta":false,"boss_relics":[],"items_purged_floors":[],"is_endless":false,"potions_floor_spawned":[5,6],"killed_by":"The Mushroom Lair","ascension_level":15}