{"gold_per_floor":[117,117,117,42,62,62,97,97,127,153,163,163,189,207,207,302,302,319,338,338,215,239,239,265,265,265,65,99,199,218,250,250,347,397,416,416,266,281,281,306,320,350,350,382,393,393,393,406,406,406,406,406,58,86,86],"floor_reached":55,"playtime":2849,"items_purged":["Strike_B","Strike_B","Strike_B"],"score":1186,"play_id":"8c945507-9876-4fbb-987e-0a52fce54002","local_time":"20190619193620","is_ascension_mode":true,"campfire_choices":[{"data":"Doom and Gloom","floor":6,"key":"SMITH"},{"data":"Streamline","floor":8,"key":"SMITH"},{"data":"Dualcast","floor":12,"key":"SMITH"},{"data":"Hyperbeam","floor":15,"key":"SMITH"},{"data":"Electrodynamics","floor":23,"key":"SMITH"},{"data":"Defragment","floor":25,"key":"SMITH"},{"floor":32,"key":"REST"},{"data":"Creative AI","floor":47,"key":"SMITH"},{"floor":49,"key":"RECALL"},{"data":"Capacitor","floor":52,"key":"SMITH"}],"neow_cost":"NONE","seed_source_timestamp":12650165338288,"circlet_count":0,"master_deck":["Strike_B","Defend_B","Defend_B+1","Defend_B","Defend_B","Zap+1","Dualcast+1","Streamline+1","Doom and Gloom+1","Glacier","Hologram+1","Glacier+1","Hyperbeam+1","Coolheaded+1","Biased Cognition","Ball Lightning","Steam+1","Electrodynamics+1","Conserve Battery+1","Defragment+1","Turbo+1","Creative AI+1","Multi-Cast+1","Conserve Battery+1","Defragment+1","Stack+1","Capacitor+1","Consume+1","Compile Driver","Capacitor+1","Compile Driver","FTL+1"],"relics":["Sozu","Lantern","Tiny Chest","Toxic Egg 2","Pear","Runic Pyramid","Oddly Smooth Stone","Mercury Hourglass","Anchor","Runic Capacitor","Potion Belt","Du-Vu Doll","Bottled Lightning","Centennial Puzzle","Tiny House","Vajra","Pen Nib","Smiling Mask","Incense Burner","Bottled Flame"],"potions_floor_usage":[],"damage_taken":[{"damage":0,"enemies":"2 Louse","floor":1,"turns":3},{"damage":12,"enemies":"Jaw Worm","floor":5,"turns":2},{"damage":24,"enemies":"Gremlin Nob","floor":7,"turns":4},{"damage":24,"enemies":"3 Sentries","floor":10,"turns":4},{"damage":0,"enemies":"Cultist","floor":11,"turns":4},{"damage":0,"enemies":"Lagavulin","floor":13,"turns":6},{"damage":0,"enemies":"Large Slime","floor":14,"turns":4},{"damage":3,"enemies":"The Guardian","floor":16,"turns":10},{"damage":0,"enemies":"Shell Parasite","floor":18,"turns":5},{"damage":9,"enemies":"3 Byrds","floor":19,"turns":3},{"damage":22,"enemies":"Slavers","floor":24,"turns":3},{"damage":4,"enemies":"Book of Stabbing","floor":28,"turns":3},{"damage":2,"enemies":"Colosseum Slavers","floor":29,"turns":4},{"damage":7,"enemies":"Colosseum Nobs","floor":29,"turns":3},{"damage":0,"enemies":"Snake Plant","floor":30,"turns":4},{"damage":1,"enemies":"Slavers","floor":31,"turns":2},{"damage":0,"enemies":"Champ","floor":33,"turns":10},{"damage":2,"enemies":"3 Darklings","floor":35,"turns":3},{"damage":1,"enemies":"Orb Walker","floor":38,"turns":4},{"damage":2,"enemies":"Giant Head","floor":40,"turns":9},{"damage":0,"enemies":"3 Darklings","floor":41,"turns":5},{"damage":3,"enemies":"Nemesis","floor":42,"turns":7},{"damage":0,"enemies":"Giant Head","floor":44,"turns":8},{"damage":0,"enemies":"Spire Growth","floor":45,"turns":6},{"damage":0,"enemies":"Maw","floor":48,"turns":7},{"damage":26,"enemies":"Donu and Deca","floor":50,"turns":8},{"damage":35,"enemies":"Shield and Spear","floor":54,"turns":4},{"damage":55,"enemies":"The Heart","floor":55,"turns":12}],"seed_played":"2583381293913601802","potions_obtained":[],"is_trial":false,"path_per_floor":["M","?","?","$","M","R","E","R","T","E","M","R","E","M","R","B",null,"M","M","?","$","T","R","E","R","T","$","E","?","M","E","R","B",null,"M","?","$","M","?","E","M","E","T","E","M","?","R","M","R","B",null,"R","$","E","B"],"character_chosen":"DEFECT","items_purchased":["Doom and Gloom","Conserve Battery+1","Runic Capacitor","Stack+1","Incense Burner"],"campfire_rested":1,"item_purchase_floors":[4,21,27,37,53],"current_hp_per_floor":[75,75,80,80,68,68,44,44,44,20,20,20,30,30,30,27,74,74,65,65,65,65,65,43,43,43,43,39,30,30,29,56,56,87,85,85,85,84,95,93,93,90,90,90,90,90,90,90,90,64,87,87,87,52,0],"gold":86,"neow_bonus":"BOSS_RELIC","is_prod":false,"is_daily":false,"chose_seed":false,"campfire_upgraded":8,"win_rate":0,"timestamp":1560987380,"path_taken":["M","?","?","?","M","R","E","R","T","E","M","R","E","M","R","BOSS","M","M","?","?","?","R","E","R","T","$","E","?","M","E","R","BOSS","M","?","$","?","?","E","M","E","T","E","M","?","R","M","R","BOSS","R","$","E","BOSS"],"build_version":"2019-01-23","purchased_purges":3,"victory":false,"max_hp_per_floor":[75,75,80,80,80,80,80,80,80,80,80,80,90,90,90,90,90,90,90,90,90,90,90,90,90,90,90,90,90,90,90,90,90,95,95,95,95,95,95,95,95,95,95,95,95,95,95,95,95,95,95,95,95,95,95],"card_choices":[{"not_picked":["Hologram","Aggregate"],"picked":"Streamline","floor":1},{"not_picked":["Rebound","Turbo"],"picked":"Glacier","floor":5},{"not_picked":["Meteor Strike","Barrage","Turbo"],"picked":"SKIP","floor":7},{"not_picked":["Compile Driver","Doom and Gloom"],"picked":"Hologram","floor":10},{"not_picked":["Streamline","Beam Cell"],"picked":"Glacier+1","floor":11},{"not_picked":["Core Surge","Leap+1"],"picked":"Hyperbeam","floor":13},{"not_picked":["Darkness+1","Gash"],"picked":"Coolheaded+1","floor":14},{"not_picked":["All For One","Rainbow+1"],"picked":"Biased Cognition","floor":16},{"not_picked":["Rebound","Hologram+1"],"picked":"Ball Lightning","floor":18},{"not_picked":["Hologram+1","Cold Snap"],"picked":"Steam+1","floor":19},{"not_picked":["Coolheaded+1","Beam Cell"],"picked":"Defragment","floor":24},{"not_picked":["Steam+1","Streamline+1","Sweeping Beam"],"picked":"SKIP","floor":28},{"not_picked":["Melter","Go for the Eyes"],"picked":"Turbo+1","floor":30},{"not_picked":["Leap+1","Static Discharge"],"picked":"Creative AI","floor":31},{"not_picked":["Reboot+1","All For One"],"picked":"Multi-Cast+1","floor":33},{"not_picked":["Auto Shields+1","Steam+1"],"picked":"Conserve Battery+1","floor":35},{"not_picked":["Force Field+1","Ball Lightning"],"picked":"Capacitor+1","floor":38},{"not_picked":["Double Energy+1","Hologram+1"],"picked":"Consume+1","floor":40},{"not_picked":["Doom and Gloom+1","Go for the Eyes"],"picked":"Compile Driver","floor":41},{"not_picked":["Recycle+1","Turbo+1"],"picked":"Capacitor","floor":42},{"not_picked":["Blizzard","Streamline","Heatsinks"],"picked":"SKIP","floor":44},{"not_picked":["Doom and Gloom","Hello World+1"],"picked":"Compile Driver","floor":45},{"not_picked":["Static Discharge","Beam Cell+1","Sweeping Beam"],"picked":"SKIP","floor":48},{"not_picked":["Recycle+1","Rebound+1"],"picked":"FTL+1","floor":54}],"player_experience":142693,"relics_obtained":[{"floor":7,"key":"Lantern"},{"floor":9,"key":"Tiny Chest"},{"floor":10,"key":"Toxic Egg 2"},{"floor":13,"key":"Pear"},{"floor":22,"key":"Oddly Smooth Stone"},{"floor":24,"key":"Mercury Hourglass"},{"floor":26,"key":"Anchor"},{"floor":28,"key":"Potion Belt"},{"floor":29,"key":"Du-Vu Doll"},{"floor":29,"key":"Bottled Lightning"},{"floor":31,"key":"Centennial Puzzle"},{"floor":40,"key":"Vajra"},{"floor":42,"key":"Pen Nib"},{"floor":44,"key":"Smiling Mask"},{"floor":54,"key":"Bottled Flame"}],"event_choices":[{"damage_healed":0,"gold_gain":0,"player_choice":"Grow","damage_taken":0,"max_hp_gain":0,"max_hp_loss":0,"event_name":"Living Wall","floor":2,"gold_loss":0,"cards_upgraded":["Zap"]},{"damage_healed":0,"gold_gain":0,"player_choice":"Donut","damage_taken":0,"max_hp_gain":5,"max_hp_loss":0,"event_name":"Big Fish","floor":3,"gold_loss":0},{"damage_healed":0,"gold_gain":0,"player_choice":"Read","damage_taken":0,"max_hp_gain":0,"max_hp_loss":0,"event_name":"The Library","floor":20,"gold_loss":0,"cards_obtained":["Electrodynamics"]},{"damage_healed":0,"gold_gain":0,"player_choice":"Fight","damage_taken":0,"max_hp_gain":0,"max_hp_loss":0,"event_name":"Colosseum","floor":29,"gold_loss":0},{"damage_healed":0,"gold_gain":0,"player_choice":"Fought Nobs","damage_taken":0,"max_hp_gain":0,"max_hp_loss":0,"event_name":"Colosseum","floor":29,"gold_loss":0},{"damage_healed":0,"gold_gain":0,"player_choice":"Copied","damage_taken":0,"max_hp_gain":0,"max_hp_loss":0,"event_name":"Duplicator","floor":36,"gold_loss":0,"cards_obtained":["Defragment"]},{"damage_healed":24,"gold_gain":0,"player_choice":"Writhe","damage_taken":0,"max_hp_gain":0,"max_hp_loss":0,"event_name":"Winding Halls","floor":39,"gold_loss":0,"cards_obtained":["Writhe"]},{"cards_removed":["Writhe"],"damage_healed":0,"gold_gain":0,"player_choice":"Removed Curses","damage_taken":0,"max_hp_gain":0,"max_hp_loss":0,"event_name":"Fountain of Cleansing","floor":46,"gold_loss":0}],"is_beta":false,"boss_relics":[{"not_picked":["Busted Crown","Cursed Key"],"picked":"Runic Pyramid"},{"not_picked":["Runic Dome","Lizard Tail"],"picked":"Tiny House"}],"items_purged_floors":[21,37,53],"is_endless":false,"potions_floor_spawned":[7,10,11,28,29,30,31,33,42,44,48,54],"killed_by":"The Heart","ascension_level":5}