{"gold_per_floor":[18,36,36,0,17,50,50,50],"floor_reached":8,"playtime":566,"items_purged":[],"score":98,"play_id":"aa4f2e21-f43c-461e-bb73-efc332beedf7","local_time":"20190625131754","is_ascension_mode":true,"campfire_choices":[{"data":"Venomology","floor":7,"key":"SMITH"}],"neow_cost":"NO_GOLD","seed_source_timestamp":314398832266150,"circlet_count":0,"master_deck":["AscendersBane","Defend_G","Defend_G","Defend_G","Defend_G","Defend_G","Strike_G","Strike_G","Strike_G","Strike_G","Strike_G","Survivor","Neutralize","Venomology+1","Deadly Poison+1","Catalyst","Adrenaline","Blur"],"relics":["Ring of the Snake","Juzu Bracelet"],"potions_floor_usage":[6,6,8,8],"damage_taken":[{"damage":4,"enemies":"Small Slimes","floor":1,"turns":4},{"damage":0,"enemies":"2 Louse","floor":2,"turns":5},{"damage":0,"enemies":"Cultist","floor":5,"turns":3},{"damage":12,"enemies":"3 Sentries","floor":6,"turns":8},{"damage":49,"enemies":"Gremlin Nob","floor":8,"turns":4}],"seed_played":"2608752349203165041","potions_obtained":[{"floor":1,"key":"FearPotion"},{"floor":2,"key":"Dexterity Potion"},{"floor":5,"key":"PowerPotion"}],"is_trial":false,"path_per_floor":["M","M","?","?","M","E","R","E"],"character_chosen":"THE_SILENT","items_purchased":[],"campfire_rested":0,"item_purchase_floors":[],"current_hp_per_floor":[55,55,55,55,55,43,43,0],"gold":50,"neow_bonus":"THREE_RARE_CARDS","is_prod":false,"is_daily":false,"chose_seed":false,"campfire_upgraded":1,"win_rate":0,"timestamp":1561483074,"path_taken":["M","M","?","?","M","E","R","E"],"build_version":"2019-01-23","purchased_purges":0,"victory":false,"max_hp_per_floor":[66,66,66,66,66,66,66,66],"card_choices":[{"not_picked":["Glass Knife","Storm of Steel"],"picked":"Venomology","floor":0},{"not_picked":["Outmaneuver","Blade Dance"],"picked":"Deadly Poison","floor":1},{"not_picked":["Flying Knee","Outmaneuver"],"picked":"Catalyst","floor":2},{"not_picked":["Underhanded Strike","Dagger Spray"],"picked":"Adrenaline","floor":5},{"not_picked":["Leg Sweep","Outmaneuver"],"picked":"Blur","floor":6}],"player_experience":678630,"relics_obtained":[{"floor":6,"key":"Juzu Bracelet"}],"event_choices":[{"damage_healed":0,"gold_gain":0,"player_choice":"Grow","damage_taken":0,"max_hp_gain":0,"max_hp_loss":0,"event_name":"Living Wall","floor":3,"gold_loss":0,"cards_upgraded":["Deadly Poison"]},{"damage_healed":0,"gold_gain":0,"player_choice":"Left Gold","damage_taken":0,"max_hp_gain":0,"max_hp_loss":0,"event_name":"World of Goop","floor":4,"gold_loss":36}],"is_beta":false,"boss_relics":[],"items_purged_floors":[],"is_endless":false,"potions_floor_spawned":[1,2,5],"killed_by":"Gremlin Nob","ascension_level":15}