{"gold_per_floor":[119,129,129,142,152,170,170,187,241,256,271,271,9,9,9,112,112,79,39,39,56,56],"floor_reached":22,"playtime":2552,"items_purged":["Strike_R"],"score":198,"play_id":"227e97ed-2cab-41f5-96f7-e836f61460cb","local_time":"20190623150910","is_ascension_mode":true,"campfire_choices":[{"data":"Power Through","floor":7,"key":"SMITH"},{"data":"Body Slam","floor":15,"key":"SMITH"}],"neow_cost":"NONE","seed_source_timestamp":343419779775314,"circlet_count":0,"master_deck":["Strike_R","Strike_R","Strike_R","Defend_R","Defend_R","Defend_R","Defend_R","Bash","Shrug It Off","Thunderclap","Body Slam+1","Power Through+1","Metallicize","Armaments","Feel No Pain","Thunderclap","Burning Pact","Regret","Barricade","Disarm","True Grit"],"relics":["Black Blood","Happy Flower","Membership Card","Shovel"],"potions_floor_usage":[16,16,22,22,22],"damage_taken":[{"damage":10,"enemies":"Cultist","floor":1,"turns":5},{"damage":2,"enemies":"Jaw Worm","floor":2,"turns":5},{"damage":0,"enemies":"Small Slimes","floor":4,"turns":4},{"damage":9,"enemies":"Looter","floor":5,"turns":3},{"damage":10,"enemies":"3 Louse","floor":6,"turns":3},{"damage":3,"enemies":"2 Fungi Beasts","floor":8,"turns":4},{"damage":0,"enemies":"Blue Slaver","floor":10,"turns":3},{"damage":0,"enemies":"3 Louse","floor":11,"turns":3},{"damage":42,"enemies":"Slime Boss","floor":16,"turns":24},{"damage":30,"enemies":"2 Thieves","floor":18,"turns":5},{"damage":14,"enemies":"Chosen","floor":21,"turns":10},{"damage":78,"enemies":"Masked Bandits","floor":22,"turns":5}],"seed_played":"7421175571481109719","potions_obtained":[{"floor":2,"key":"Dexterity Potion"},{"floor":3,"key":"AttackPotion"},{"floor":3,"key":"LiquidBronze"},{"floor":16,"key":"Poison Potion"},{"floor":18,"key":"EssenceOfSteel"}],"is_trial":false,"path_per_floor":["M","M","?","M","M","M","R","M","T","M","M","?","$","?","R","B",null,"M","$","?","M","?"],"character_chosen":"IRONCLAD","items_purchased":["Membership Card","Burning Pact","Disarm"],"campfire_rested":0,"item_purchase_floors":[13,13,19],"current_hp_per_floor":[84,88,88,88,85,81,81,84,84,88,88,88,88,88,88,52,88,68,68,68,64,0],"gold":56,"neow_bonus":"TEN_PERCENT_HP_BONUS","is_prod":false,"is_daily":false,"chose_seed":false,"campfire_upgraded":2,"win_rate":0,"timestamp":1561320550,"path_taken":["M","M","?","M","M","?","R","M","T","?","M","?","$","?","R","BOSS","M","$","?","M","?"],"build_version":"2019-01-23","purchased_purges":1,"victory":false,"max_hp_per_floor":[88,88,88,88,88,88,88,88,88,88,88,88,88,88,88,88,88,88,88,88,88,88],"card_choices":[{"not_picked":["Wild Strike","Clothesline"],"picked":"Shrug It Off","floor":1},{"not_picked":["Perfected Strike","Armaments"],"picked":"Thunderclap","floor":2},{"not_picked":["Perfected Strike","Wild Strike"],"picked":"Body Slam","floor":4},{"not_picked":["Wild Strike","Immolate"],"picked":"Power Through","floor":5},{"not_picked":["Thunderclap","Bloodletting"],"picked":"Metallicize","floor":6},{"not_picked":["Blood for Blood","Anger","Clothesline"],"picked":"SKIP","floor":8},{"not_picked":["Battle Trance","Perfected Strike"],"picked":"Armaments","floor":10},{"not_picked":["Seeing Red","Clothesline"],"picked":"Feel No Pain","floor":11},{"not_picked":["Berserk","Feed"],"picked":"Barricade","floor":16},{"not_picked":["Blood for Blood","Thunderclap","Headbutt"],"picked":"SKIP","floor":18},{"not_picked":["Sentinel","Uppercut"],"picked":"True Grit","floor":21}],"player_experience":284683,"relics_obtained":[{"floor":9,"key":"Happy Flower"}],"event_choices":[{"damage_healed":0,"gold_gain":0,"player_choice":"Got Potions","damage_taken":0,"max_hp_gain":0,"max_hp_loss":0,"event_name":"Lab","floor":3,"gold_loss":0},{"damage_healed":0,"gold_gain":0,"cards_transformed":["Strike_R"],"player_choice":"Change","damage_taken":0,"max_hp_gain":0,"max_hp_loss":0,"event_name":"Living Wall","floor":12,"gold_loss":0,"cards_obtained":["Thunderclap"]},{"damage_healed":0,"gold_gain":0,"player_choice":"Box","damage_taken":0,"relics_obtained":["Shovel"],"max_hp_gain":0,"max_hp_loss":0,"event_name":"Big Fish","floor":14,"gold_loss":0,"cards_obtained":["Regret"]},{"damage_healed":0,"gold_gain":0,"player_choice":"Ignored","damage_taken":0,"max_hp_gain":0,"max_hp_loss":0,"event_name":"Beggar","floor":20,"gold_loss":0},{"damage_healed":0,"gold_gain":0,"player_choice":"Fought Bandits","damage_taken":0,"max_hp_gain":0,"max_hp_loss":0,"event_name":"Masked Bandits","floor":22,"gold_loss":0}],"is_beta":false,"boss_relics":[{"not_picked":["White Beast Statue","Coffee Dripper"],"picked":"Black Blood"}],"items_purged_floors":[13],"is_endless":false,"potions_floor_spawned":[2,4,5,16,18],"killed_by":"Masked Bandits","ascension_level":2}