{"gold_per_floor":[113,113,129,79,79,79,90,101,127,127,137,62,62,96,108,224,236,220,62,62,10,30,30,362,312,337,357,357],"floor_reached":28,"playtime":1865,"items_purged":["Parasite","Strike_B"],"score":339,"play_id":"6b864ea7-8ce2-4c6c-9678-02865a950170","local_time":"20190615084310","is_ascension_mode":true,"campfire_choices":[{"data":"Hologram","floor":6,"key":"SMITH"},{"data":"Beam Cell","floor":13,"key":"SMITH"},{"data":"Glacier","floor":15,"key":"SMITH"},{"data":"Zap","floor":23,"key":"SMITH"}],"neow_cost":"NONE","seed_source_timestamp":0,"circlet_count":0,"master_deck":["Strike_B","Strike_B","Defend_B","Defend_B","Defend_B","Defend_B+1","Zap+1","Dualcast+1","Impatience","Hologram+1","Beam Cell+1","Glacier+1","Reboot","Self Repair","Turbo","Loop","Steam+1"],"special_seed":0,"relics":["Cracked Core","Bronze Scales","War Paint","MawBank","Inserter","Old Coin","Pen Nib"],"potions_floor_usage":[14,14,14,24,27,28],"damage_taken":[{"damage":2,"enemies":"Jaw Worm","floor":1,"turns":3},{"damage":2,"enemies":"2 Louse","floor":3,"turns":2},{"damage":0,"enemies":"Small Slimes","floor":7,"turns":2},{"damage":8,"enemies":"Blue Slaver","floor":8,"turns":3},{"damage":10,"enemies":"Large Slime","floor":11,"turns":5},{"damage":0,"enemies":"3 Sentries","floor":14,"turns":3},{"damage":17,"enemies":"The Guardian","floor":16,"turns":14},{"damage":15,"enemies":"2 Thieves","floor":18,"turns":5},{"damage":2,"enemies":"Shell Parasite","floor":22,"turns":7},{"damage":25,"enemies":"Book of Stabbing","floor":24,"turns":5},{"damage":0,"enemies":"Snake Plant","floor":27,"turns":5},{"damage":50,"enemies":"3 Cultists","floor":28,"turns":6}],"seed_played":"-6692502309351463411","potions_obtained":[{"floor":1,"key":"Fire Potion"},{"floor":8,"key":"AttackPotion"},{"floor":11,"key":"Explosive Potion"},{"floor":16,"key":"Explosive Potion"},{"floor":24,"key":"Block Potion"},{"floor":27,"key":"LiquidBronze"}],"is_trial":false,"path_per_floor":["M","?","M","?","?","R","M","M","T","?","M","$","R","E","R","B",null,"M","$","?","$","M","R","E","?","T","M","M"],"character_chosen":"DEFECT","items_purchased":["Self Repair","Turbo"],"campfire_rested":0,"item_purchase_floors":[19,21],"current_hp_per_floor":[66,66,64,64,57,57,57,49,49,67,57,57,57,57,57,40,64,49,49,49,49,54,54,36,36,36,43,0],"gold":357,"neow_bonus":"RANDOM_COLORLESS","is_prod":false,"is_daily":false,"chose_seed":false,"campfire_upgraded":4,"win_rate":0,"timestamp":1560606190,"path_taken":["M","?","M","?","?","R","M","?","T","?","M","$","R","E","R","BOSS","M","$","?","$","M","R","E","?","T","?","M"],"build_version":"2019-01-23","purchased_purges":2,"victory":false,"max_hp_per_floor":[75,75,75,75,75,75,75,75,75,75,75,72,72,72,72,72,72,72,72,72,72,72,72,72,72,72,72,72],"card_choices":[{"not_picked":["Coolheaded","Stack","Scrape"],"picked":"SKIP","floor":1},{"not_picked":["Fusion","Gash"],"picked":"Hologram","floor":3},{"not_picked":["Streamline","Hologram","Ball Lightning"],"picked":"SKIP","floor":7},{"not_picked":["Cold Snap","Hologram","Tempest"],"picked":"SKIP","floor":8},{"not_picked":["Steam","Auto Shields"],"picked":"Beam Cell","floor":11},{"not_picked":["Coolheaded","Hologram"],"picked":"Glacier","floor":14},{"not_picked":["Creative AI","Hyperbeam"],"picked":"Reboot","floor":16},{"not_picked":["Storm","Coolheaded","Beam Cell"],"picked":"SKIP","floor":18},{"not_picked":["Melter","Gash+1","Aggregate"],"picked":"SKIP","floor":22},{"not_picked":["Go for the Eyes","Cold Snap"],"picked":"Loop","floor":24},{"not_picked":["Streamline","Ball Lightning"],"picked":"Steam+1","floor":27}],"player_experience":259844,"relics_obtained":[{"floor":9,"key":"War Paint"},{"floor":14,"key":"MawBank"},{"floor":24,"key":"Old Coin"},{"floor":26,"key":"Pen Nib"}],"event_choices":[{"damage_healed":0,"gold_gain":0,"player_choice":"Box","damage_taken":0,"relics_obtained":["Bronze Scales"],"max_hp_gain":0,"max_hp_loss":0,"event_name":"Big Fish","floor":2,"gold_loss":0,"cards_obtained":["Regret"]},{"cards_removed":["Regret"],"damage_healed":0,"gold_gain":0,"player_choice":"Card Removal","damage_taken":0,"max_hp_gain":0,"max_hp_loss":0,"event_name":"The Cleric","floor":4,"gold_loss":50},{"cards_removed":["Strike_B"],"damage_healed":0,"gold_gain":0,"player_choice":"Card Removal","damage_taken":7,"max_hp_gain":0,"max_hp_loss":0,"event_name":"Golden Wing","floor":5,"gold_loss":0},{"damage_healed":18,"gold_gain":0,"player_choice":"Healed and dodged fight","damage_taken":0,"max_hp_gain":0,"max_hp_loss":0,"event_name":"Mushrooms","floor":10,"gold_loss":0,"cards_obtained":["Parasite"]},{"damage_healed":0,"gold_gain":0,"player_choice":"Ignored","damage_taken":0,"max_hp_gain":0,"max_hp_loss":0,"event_name":"Vampires","floor":20,"gold_loss":0},{"damage_healed":0,"gold_gain":0,"player_choice":"Bet on Murderer","damage_taken":0,"max_hp_gain":0,"max_hp_loss":0,"event_name":"The Joust","floor":25,"gold_loss":50}],"is_beta":false,"boss_relics":[{"not_picked":["Empty Cage","Orrery"],"picked":"Inserter"}],"items_purged_floors":[12,19],"is_endless":false,"potions_floor_spawned":[1,8,11,16,24,27],"killed_by":"3 Cultists","ascension_level":6}