{"gold_per_floor":[110,130,15,26,26,26,55,5,32,51,85,100,64,78,78,178,178,198,98,98,16,16,16,50,50,50,50,63,63,78,78,78,177,177,196,296,121,121,42,42,54,54],"floor_reached":42,"playtime":1871,"items_purged":["Strike_B","Pain","Injury"],"score":592,"play_id":"dc31f51a-446f-4f87-b72e-cd22a485108d","local_time":"20190614173144","is_ascension_mode":true,"campfire_choices":[{"data":"Zap","floor":6,"key":"SMITH"},{"data":"Defragment","floor":15,"key":"SMITH"},{"floor":23,"key":"REST"},{"floor":25,"key":"REST"},{"data":"Loop","floor":27,"key":"SMITH"},{"data":"Defragment","floor":29,"key":"SMITH"},{"floor":32,"key":"REST"},{"data":"Storm","floor":40,"key":"SMITH"}],"neow_cost":"NONE","seed_source_timestamp":257222356821570,"circlet_count":0,"master_deck":["Strike_B","Strike_B","Defend_B","Defend_B","Defend_B","Zap+1","Dualcast","Leap","Go for the Eyes","White Noise","Defragment+1","Defragment+1","Glacier","FTL","Echo Form","Loop+1","Leap+1","Capacitor","Redo","Double Energy","Consume","Turbo","Violence","Storm+1","Stack+1"],"relics":["Cracked Core","Ancient Tea Set","Centennial Puzzle","Happy Flower","Calling Bell","Oddly Smooth Stone","Molten Egg 2","Prayer Wheel","Spirit Poop","Dead Branch","Darkstone Periapt","Inserter","Nunchaku"],"potions_floor_usage":[24,24,28,31,35,35,35,41,42],"damage_taken":[{"damage":0,"enemies":"Small Slimes","floor":1,"turns":3},{"damage":1,"enemies":"Jaw Worm","floor":2,"turns":4},{"damage":0,"enemies":"Cultist","floor":4,"turns":3},{"damage":10,"enemies":"Gremlin Nob","floor":7,"turns":4},{"damage":1,"enemies":"Looter","floor":10,"turns":3},{"damage":20,"enemies":"3 Sentries","floor":11,"turns":7},{"damage":0,"enemies":"2 Fungi Beasts","floor":12,"turns":3},{"damage":0,"enemies":"Large Slime","floor":14,"turns":5},{"damage":0,"enemies":"Slime Boss","floor":16,"turns":9},{"damage":13,"enemies":"Shell Parasite","floor":18,"turns":4},{"damage":52,"enemies":"Colosseum Slavers","floor":20,"turns":5},{"damage":6,"enemies":"Book of Stabbing","floor":24,"turns":7},{"damage":1,"enemies":"Spheric Guardian","floor":28,"turns":4},{"damage":12,"enemies":"Cultist and Chosen","floor":30,"turns":5},{"damage":0,"enemies":"Shelled Parasite and Fungi","floor":31,"turns":1},{"damage":30,"enemies":"Collector","floor":33,"turns":10},{"damage":0,"enemies":"3 Shapes","floor":35,"turns":6},{"damage":4,"enemies":"Mind Bloom Boss Battle","floor":36,"turns":6},{"damage":19,"enemies":"3 Darklings","floor":41,"turns":3},{"damage":54,"enemies":"Reptomancer","floor":42,"turns":3}],"seed_played":"2262500575257820466","potions_obtained":[{"floor":2,"key":"Ancient Potion"},{"floor":11,"key":"SpeedPotion"},{"floor":12,"key":"Poison Potion"},{"floor":16,"key":"FocusPotion"},{"floor":30,"key":"SmokeBomb"},{"floor":33,"key":"EntropicBrew"},{"floor":36,"key":"GamblersBrew"}],"is_trial":false,"path_per_floor":["M","M","$","M","$","R","E","?","T","M","E","M","$","M","R","B",null,"M","$","?","$","?","R","E","R","T","R","M","R","M","M","R","B",null,"M","?","$","?","$","R","M","E"],"character_chosen":"DEFECT","items_purchased":["White Noise","Glacier","Capacitor","Turbo","Storm"],"campfire_rested":3,"item_purchase_floors":[3,13,21,37,39],"current_hp_per_floor":[75,74,74,74,74,74,64,64,64,63,43,43,43,43,43,43,67,54,54,2,2,2,24,18,40,40,40,39,39,27,27,49,19,61,61,57,57,57,57,57,38,0],"gold":54,"neow_bonus":"TRANSFORM_CARD","is_prod":false,"is_daily":false,"chose_seed":false,"campfire_upgraded":5,"win_rate":0,"timestamp":1560551504,"path_taken":["M","M","$","M","$","R","E","?","T","M","E","M","?","M","R","BOSS","M","$","?","$","?","R","E","R","T","R","M","R","?","M","R","BOSS","M","?","$","?","$","R","M","E"],"build_version":"2019-01-23","purchased_purges":3,"victory":false,"max_hp_per_floor":[75,75,75,75,75,75,75,75,75,75,75,75,75,75,75,75,75,75,75,75,75,75,75,75,75,75,75,75,75,75,75,75,75,75,75,75,75,75,75,75,75,75],"card_choices":[{"not_picked":["Streamline","Leap","Rebound"],"picked":"SKIP","floor":1},{"not_picked":["Ball Lightning","Compile Driver"],"picked":"Go for the Eyes","floor":2},{"not_picked":["BootSequence","Coolheaded"],"picked":"Defragment","floor":4},{"not_picked":["Streamline","Chaos","Self Repair"],"picked":"SKIP","floor":7},{"not_picked":["Tempest","Steam","Buffer"],"picked":"SKIP","floor":10},{"not_picked":["Aggregate","Reprogram","Barrage"],"picked":"SKIP","floor":11},{"not_picked":["Coolheaded","Steam"],"picked":"Defragment","floor":12},{"not_picked":["Sunder","Aggregate"],"picked":"FTL","floor":14},{"not_picked":["Machine Learning","Reboot"],"picked":"Echo Form","floor":16},{"not_picked":["Redo","Hologram+1"],"picked":"Loop","floor":18},{"not_picked":["Compile Driver+1","Consume+1"],"picked":"Leap+1","floor":18},{"not_picked":["Meteor Strike+1","Darkness"],"picked":"Redo","floor":24},{"not_picked":["Reinforced Body","Lockon+1","Rebound+1"],"picked":"SKIP","floor":28},{"not_picked":["Go for the Eyes+1","Beam Cell+1","Reprogram"],"picked":"SKIP","floor":28},{"not_picked":["Ball Lightning+1","Biased Cognition","Consume"],"picked":"SKIP","floor":30},{"not_picked":["Loop","Leap","Stack"],"picked":"SKIP","floor":30},{"not_picked":["Go for the Eyes+1","Lockon+1"],"picked":"Double Energy","floor":35},{"not_picked":["Barrage+1","Stack"],"picked":"Consume","floor":35},{"not_picked":["Trip","Dark Shackles"],"picked":"Violence","floor":38},{"not_picked":["Redo","Gash+1"],"picked":"Stack+1","floor":41},{"not_picked":["Storm","Blizzard+1","Leap+1"],"picked":"SKIP","floor":41}],"player_experience":253343,"relics_obtained":[{"floor":7,"key":"Ancient Tea Set"},{"floor":9,"key":"Centennial Puzzle"},{"floor":11,"key":"Happy Flower"},{"floor":17,"key":"Oddly Smooth Stone"},{"floor":17,"key":"Molten Egg 2"},{"floor":17,"key":"Prayer Wheel"},{"floor":24,"key":"Dead Branch"},{"floor":26,"key":"Darkstone Periapt"},{"floor":36,"key":"Nunchaku"}],"event_choices":[{"cards_removed":["Defend_B"],"damage_healed":0,"gold_gain":0,"player_choice":"Card Removal","damage_taken":0,"max_hp_gain":0,"max_hp_loss":0,"event_name":"The Cleric","floor":8,"gold_loss":50},{"damage_healed":0,"gold_gain":0,"player_choice":"Fight","damage_taken":0,"max_hp_gain":0,"max_hp_loss":0,"event_name":"Colosseum","floor":20,"gold_loss":0},{"damage_healed":0,"gold_gain":0,"player_choice":"Fled From Nobs","damage_taken":0,"max_hp_gain":0,"max_hp_loss":0,"event_name":"Colosseum","floor":20,"gold_loss":0},{"cards_removed":["Pain"],"damage_healed":0,"gold_gain":0,"player_choice":"Offered Curse","damage_taken":0,"relics_obtained":["Spirit Poop"],"max_hp_gain":0,"max_hp_loss":0,"event_name":"Bonfire Elementals","floor":22,"gold_loss":0},{"damage_healed":0,"gold_gain":0,"player_choice":"Fight","damage_taken":0,"max_hp_gain":0,"max_hp_loss":0,"event_name":"MindBloom","floor":36,"gold_loss":0},{"damage_healed":0,"gold_gain":0,"player_choice":"Memory 1","damage_taken":0,"max_hp_gain":0,"max_hp_loss":0,"event_name":"SensoryStone","floor":38,"gold_loss":0}],"is_beta":false,"boss_relics":[{"not_picked":["Orrery","Velvet Choker"],"picked":"Calling Bell"},{"not_picked":["Lizard Tail","White Beast Statue"],"picked":"Inserter"}],"items_purged_floors":[3,19,37],"is_endless":false,"potions_floor_spawned":[2,11,12,16,20,30,33,36],"killed_by":"Reptomancer","ascension_level":5}