{"gold_per_floor":[215,215,215,232,31,31,31,31,108,108,8,43,43,61,61,166,166,149,248,248,262,281,310,34,34,34,34,34,134,154,167,167,262,262,272,272,272,287,287,287,314,329,329,329,92,102,102,30,30,30],"floor_reached":51,"playtime":1891,"items_purged":["Strike_B","Defend_B"],"score":764,"play_id":"e3263012-d84b-4113-8f6f-e839ac6be146","local_time":"20190625133228","is_ascension_mode":false,"campfire_choices":[{"data":"Discovery","floor":10,"key":"SMITH"},{"data":"Dualcast","floor":13,"key":"SMITH"},{"data":"Zap","floor":15,"key":"SMITH"},{"floor":25,"key":"REST"},{"floor":28,"key":"REST"},{"floor":32,"key":"DIG"},{"floor":40,"key":"DIG"},{"floor":47,"key":"DIG"},{"floor":49,"key":"DIG"}],"neow_cost":"NONE","seed_source_timestamp":26140425479792,"circlet_count":0,"master_deck":["Strike_B","Defend_B","Zap+1","Dualcast+1","Glacier","Rip and Tear","Discovery+1","Hello World","Hologram","Heatsinks","Amplify","Sweeping Beam+1","Self Repair","Beam Cell+1","Echo Form","Storm","Sweeping Beam","Blizzard","Glacier","Storm+1","Multi-Cast","Defragment","Conserve Battery+1","Good Instincts","Dark Shackles","Finesse","Tempest+1","Coolheaded+1","Madness","Madness","Defragment","Biased Cognition","Capacitor"],"relics":["Cracked Core","Gambling Chip","Meat on the Bone","Bird Faced Urn","Fusion Hammer","FossilizedHelix","Runic Capacitor","Omamori","Shovel","Symbiotic Virus","DataDisk","Black Star","Bag of Marbles","Bag of Preparation","Anchor","PreservedInsect","Chemical X","Dodecahedron","Dead Branch"],"potions_floor_usage":[29,29,38,46,46],"damage_taken":[{"damage":1,"enemies":"Jaw Worm","floor":1,"turns":4},{"damage":0,"enemies":"Cultist","floor":4,"turns":3},{"damage":16,"enemies":"Lagavulin","floor":12,"turns":8},{"damage":0,"enemies":"2 Louse","floor":14,"turns":2},{"damage":9,"enemies":"Hexaghost","floor":16,"turns":9},{"damage":17,"enemies":"2 Thieves","floor":18,"turns":4},{"damage":3,"enemies":"Spheric Guardian","floor":21,"turns":4},{"damage":20,"enemies":"Snake Plant","floor":22,"turns":5},{"damage":35,"enemies":"Book of Stabbing","floor":23,"turns":6},{"damage":27,"enemies":"Colosseum Slavers","floor":29,"turns":4},{"damage":0,"enemies":"Colosseum Nobs","floor":29,"turns":3},{"damage":2,"enemies":"Centurion and Healer","floor":30,"turns":6},{"damage":0,"enemies":"3 Cultists","floor":31,"turns":4},{"damage":0,"enemies":"Champ","floor":33,"turns":7},{"damage":0,"enemies":"3 Shapes","floor":35,"turns":3},{"damage":7,"enemies":"3 Darklings","floor":38,"turns":4},{"damage":17,"enemies":"Nemesis","floor":41,"turns":7},{"damage":7,"enemies":"Writhing Mass","floor":42,"turns":4},{"damage":0,"enemies":"4 Shapes","floor":46,"turns":3},{"damage":42,"enemies":"Awakened One","floor":50,"turns":11}],"seed_played":"3899856908978505360","potions_obtained":[{"floor":12,"key":"Strength Potion"},{"floor":16,"key":"GamblersBrew"},{"floor":23,"key":"FearPotion"},{"floor":29,"key":"Energy Potion"},{"floor":46,"key":"Fruit Juice"}],"is_trial":false,"path_per_floor":["M","?","?","M","$","?","?","$","T","R","$","E","R","M","R","B",null,"M","?","?","M","M","E","$","R","T","?","R","?","M","M","R","B",null,"M","?","?","M","?","R","E","M","T","?","$","M","R","$","R","B",null],"character_chosen":"DEFECT","items_purchased":["Discovery","Hello World","Storm","Runic Capacitor","Chemical X","Defragment","Capacitor"],"campfire_rested":2,"item_purchase_floors":[5,5,24,24,45,45,48],"current_hp_per_floor":[74,67,67,67,67,67,64,64,64,64,64,48,48,48,48,59,75,66,66,66,67,62,52,52,74,74,74,75,75,75,75,75,75,75,75,75,75,75,65,65,75,74,74,65,65,80,80,80,80,74],"gold":30,"neow_bonus":"HUNDRED_GOLD","is_prod":false,"is_daily":false,"chose_seed":false,"campfire_upgraded":3,"win_rate":0,"timestamp":1561491148,"path_taken":["M","?","?","?","$","?","?","?","T","R","$","E","R","?","R","BOSS","M","?","?","?","M","E","?","R","T","?","R","?","M","M","R","BOSS","M","?","?","M","?","R","E","M","T","?","?","M","R","$","R","BOSS"],"build_version":"2019-01-23","purchased_purges":2,"victory":true,"max_hp_per_floor":[75,75,75,75,75,75,75,75,75,75,75,75,75,75,75,75,75,75,75,75,75,75,75,75,75,75,75,75,75,75,75,75,75,75,75,75,75,75,75,75,75,75,75,75,75,80,80,80,80,80],"card_choices":[{"not_picked":["Gash","Sweeping Beam"],"picked":"Glacier","floor":1},{"not_picked":["Loop","Leap"],"picked":"Rip and Tear","floor":4},{"not_picked":["Redo","BootSequence"],"picked":"Hologram","floor":12},{"not_picked":["Beam Cell","Go for the Eyes"],"picked":"Heatsinks","floor":14},{"not_picked":["Fission","All For One"],"picked":"Amplify","floor":16},{"not_picked":["Coolheaded+1","Glacier"],"picked":"Sweeping Beam+1","floor":18},{"not_picked":["Conserve Battery+1","Redo"],"picked":"Self Repair","floor":21},{"not_picked":["Hologram","Force Field"],"picked":"Beam Cell+1","floor":22},{"not_picked":["Capacitor","Coolheaded"],"picked":"Echo Form","floor":23},{"not_picked":["Coolheaded+1","Force Field"],"picked":"Glacier","floor":30},{"not_picked":["Coolheaded+1","Turbo+1"],"picked":"Storm+1","floor":31},{"not_picked":["Core Surge","All For One"],"picked":"Multi-Cast","floor":33},{"not_picked":["Steam+1","Cold Snap"],"picked":"Defragment","floor":35},{"not_picked":["Compile Driver","Streamline+1"],"picked":"Conserve Battery+1","floor":38},{"not_picked":["Finesse","Chrysalis"],"picked":"Good Instincts","floor":39},{"not_picked":["Bandage Up","Madness"],"picked":"Dark Shackles","floor":39},{"not_picked":["Enlightenment","Metamorphosis"],"picked":"Finesse","floor":39},{"not_picked":["Stack+1","Ball Lightning"],"picked":"Tempest+1","floor":41},{"not_picked":["Conserve Battery+1","Go for the Eyes+1"],"picked":"Coolheaded+1","floor":42},{"not_picked":["Skim","Steam"],"picked":"Biased Cognition","floor":46}],"player_experience":1503036,"relics_obtained":[{"floor":9,"key":"Meat on the Bone"},{"floor":12,"key":"Bird Faced Urn"},{"floor":23,"key":"FossilizedHelix"},{"floor":26,"key":"Omamori"},{"floor":29,"key":"Shovel"},{"floor":29,"key":"Symbiotic Virus"},{"floor":32,"key":"DataDisk"},{"floor":40,"key":"Bag of Marbles"},{"floor":41,"key":"Bag of Preparation"},{"floor":41,"key":"Anchor"},{"floor":43,"key":"PreservedInsect"},{"floor":47,"key":"Dodecahedron"},{"floor":49,"key":"Dead Branch"}],"event_choices":[{"cards_removed":["Strike_B"],"damage_healed":0,"gold_gain":0,"player_choice":"Card Removal","damage_taken":7,"max_hp_gain":0,"max_hp_loss":0,"event_name":"Golden Wing","floor":2,"gold_loss":0},{"damage_healed":0,"gold_gain":0,"cards_transformed":["Defend_B"],"player_choice":"Transformed","damage_taken":0,"max_hp_gain":0,"max_hp_loss":0,"event_name":"Transmorgrifier","floor":3,"gold_loss":0,"cards_obtained":["Compile Driver"]},{"damage_healed":0,"gold_gain":0,"player_choice":"Leave","damage_taken":0,"max_hp_gain":0,"max_hp_loss":0,"event_name":"The Cleric","floor":6,"gold_loss":0},{"damage_healed":0,"gold_gain":0,"player_choice":"Success","damage_taken":3,"relics_obtained":["Gambling Chip"],"max_hp_gain":0,"max_hp_loss":0,"event_name":"Scrap Ooze","floor":7,"gold_loss":0},{"damage_healed":0,"gold_gain":99,"player_choice":"Stole From Cult","damage_taken":0,"max_hp_gain":0,"max_hp_loss":0,"event_name":"Nest","floor":19,"gold_loss":0},{"damage_healed":0,"gold_gain":0,"player_choice":"Ignored","damage_taken":0,"max_hp_gain":0,"max_hp_loss":0,"event_name":"N\u0027loth","floor":20,"gold_loss":0},{"damage_healed":0,"gold_gain":0,"cards_transformed":["Defend_B","Strike_B"],"player_choice":"Became Test Subject","damage_taken":0,"max_hp_gain":0,"max_hp_loss":0,"event_name":"Drug Dealer","floor":27,"gold_loss":0,"cards_obtained":["Sweeping Beam","Blizzard"]},{"damage_healed":0,"gold_gain":0,"player_choice":"Fight","damage_taken":0,"max_hp_gain":0,"max_hp_loss":0,"event_name":"Colosseum","floor":29,"gold_loss":0},{"damage_healed":0,"gold_gain":0,"player_choice":"Fought Nobs","damage_taken":0,"max_hp_gain":0,"max_hp_loss":0,"event_name":"Colosseum","floor":29,"gold_loss":0},{"damage_healed":0,"gold_gain":0,"player_choice":"Ignored","damage_taken":0,"max_hp_gain":0,"max_hp_loss":0,"event_name":"Tomb of Lord Red Mask","floor":36,"gold_loss":0},{"cards_removed":["Compile Driver"],"damage_healed":0,"gold_gain":0,"player_choice":"Removed Attack","damage_taken":0,"max_hp_gain":0,"max_hp_loss":0,"event_name":"Falling","floor":37,"gold_loss":0},{"damage_healed":0,"gold_gain":0,"player_choice":"Memory 3","damage_taken":10,"max_hp_gain":0,"max_hp_loss":0,"event_name":"SensoryStone","floor":39,"gold_loss":0},{"damage_healed":0,"gold_gain":0,"player_choice":"Embrace Madness","damage_taken":9,"max_hp_gain":0,"max_hp_loss":0,"event_name":"Winding Halls","floor":44,"gold_loss":0,"cards_obtained":["Madness","Madness"]}],"is_beta":false,"boss_relics":[{"not_picked":["White Beast Statue","Orrery"],"picked":"Fusion Hammer"},{"not_picked":["Runic Dome","Lizard Tail"],"picked":"Black Star"}],"items_purged_floors":[5,11],"is_endless":false,"potions_floor_spawned":[12,16,23,29,29,46],"ascension_level":0}