{"gold_per_floor":[111,111,131,149,149,149,161,192,192,192,132,161,161,59,59,164,164],"floor_reached":17,"playtime":569,"items_purged":["Strike_R"],"score":171,"play_id":"38799491-67f8-47dd-bdd5-4bb3141e5c9b","local_time":"20190330221139","is_ascension_mode":true,"campfire_choices":[{"data":"Anger","floor":6,"key":"SMITH"},{"floor":13,"key":"REST"},{"data":"Whirlwind","floor":15,"key":"SMITH"}],"neow_cost":"NONE","seed_source_timestamp":0,"circlet_count":0,"master_deck":["Strike_R","Strike_R","Strike_R","Strike_R","Defend_R","Defend_R","Defend_R","Defend_R","Bash+1","True Grit","Disarm","Anger+1","Thunderclap","Anger","Shrug It Off","Whirlwind+1","Immolate"],"relics":["Burning Blood","Art of War","Darkstone Periapt","The Courier","Mercury Hourglass","Fusion Hammer"],"potions_floor_usage":[],"damage_taken":[{"damage":2,"enemies":"Small Slimes","floor":1,"turns":4},{"damage":6,"enemies":"2 Louse","floor":3,"turns":4},{"damage":5,"enemies":"Jaw Worm","floor":4,"turns":4},{"damage":15,"enemies":"Exordium Wildlife","floor":7,"turns":4},{"damage":41,"enemies":"3 Sentries","floor":8,"turns":9},{"damage":18,"enemies":"Lagavulin","floor":12,"turns":6},{"damage":13,"enemies":"Slime Boss","floor":16,"turns":8}],"seed_played":"-3775842784337264801","potions_obtained":[{"floor":3,"key":"Fire Potion"},{"floor":4,"key":"AttackPotion"},{"floor":8,"key":"Block Potion"}],"is_trial":false,"path_per_floor":["M","?","M","M","?","R","M","E","T","?","$","E","R","$","R","B",null],"character_chosen":"IRONCLAD","items_purchased":["Shrug It Off","Whirlwind"],"campfire_rested":1,"item_purchase_floors":[14,14],"current_hp_per_floor":[80,80,80,80,80,80,71,36,36,36,36,24,48,48,48,41,41],"gold":164,"neow_bonus":"RANDOM_COMMON_RELIC","is_prod":false,"is_daily":false,"chose_seed":true,"campfire_upgraded":2,"win_rate":0,"timestamp":1553998299,"path_taken":["M","?","M","M","?","R","M","E","T","?","$","E","R","?","R","BOSS"],"build_version":"2019-01-23","purchased_purges":1,"victory":false,"max_hp_per_floor":[80,80,80,80,80,80,80,80,80,80,80,80,80,80,80,80,80],"card_choices":[{"not_picked":["Reckless Charge","Sentinel"],"picked":"True Grit","floor":1},{"not_picked":["Dual Wield","Havoc"],"picked":"Disarm","floor":3},{"not_picked":["Second Wind","Shrug It Off"],"picked":"Anger","floor":4},{"not_picked":["Infernal Blade","Flex"],"picked":"Thunderclap","floor":7},{"not_picked":["Battle Trance","Thunderclap","Havoc"],"picked":"SKIP","floor":8},{"not_picked":["Disarm","Iron Wave"],"picked":"Anger","floor":12},{"not_picked":["Juggernaut","Berserk"],"picked":"Immolate","floor":16}],"player_experience":71845,"relics_obtained":[{"floor":8,"key":"Darkstone Periapt"},{"floor":12,"key":"Mercury Hourglass"}],"event_choices":[{"damage_healed":0,"gold_gain":0,"player_choice":"Leave","damage_taken":0,"max_hp_gain":0,"max_hp_loss":0,"event_name":"The Cleric","floor":2,"gold_loss":0},{"damage_healed":0,"gold_gain":0,"player_choice":"Grow","damage_taken":0,"max_hp_gain":0,"max_hp_loss":0,"event_name":"Living Wall","floor":5,"gold_loss":0,"cards_upgraded":["Bash"]},{"damage_healed":0,"gold_gain":0,"player_choice":"Searched \u00271\u0027 times","damage_taken":0,"relics_obtained":["The Courier"],"max_hp_gain":0,"max_hp_loss":0,"event_name":"Dead Adventurer","floor":10,"gold_loss":0}],"is_beta":false,"boss_relics":[{"not_picked":["Coffee Dripper","Eternal Feather"],"picked":"Fusion Hammer"}],"items_purged_floors":[11],"is_endless":false,"potions_floor_spawned":[3,4,8,12],"ascension_level":1}