{"gold_per_floor":[15,15,15,32,45,78,78,78,103,117,42,63,93,103,103,207,207,219,229,248,248,6,6,6,6,29,29,29,62,89,119,119,221,221,241,18,38,38,49,80,97,15,15,15,48,75,87,39,51,63],"floor_reached":51,"playtime":3774,"items_purged":["Strike_G"],"score":1691,"play_id":"7baef77b-fb4d-4faa-8d31-e4a1546836d1","local_time":"20190623161457","is_ascension_mode":true,"campfire_choices":[{"data":"Footwork","floor":7,"key":"SMITH"},{"floor":15,"key":"REST"},{"data":"Adrenaline","floor":23,"key":"SMITH"},{"data":"Noxious Fumes","floor":25,"key":"SMITH"},{"data":"Dash","floor":27,"key":"SMITH"},{"data":"Doppelganger","floor":32,"key":"SMITH"},{"floor":47,"key":"REST"},{"floor":49,"key":"RECALL"}],"neow_cost":"NO_GOLD","seed_source_timestamp":187208361677200,"circlet_count":0,"master_deck":["AscendersBane","Survivor+1","Neutralize+1","Footwork+1","Dash+1","Quick Slash+1","Flying Knee+1","PiercingWail+1","Catalyst+1","Dash+1","Dash+1","Adrenaline+1","Masterful Stab+1","Well Laid Plans+1","Calculated Gamble+1","Calculated Gamble+1","Blur+1","Noxious Fumes+1","Backflip+1","Terror+1","Ghostly+1","Ghostly+1","Ghostly+1","Ghostly+1","Ghostly+1","Doppelganger+1","Deflect+1","Night Terror+1","Night Terror+1","Choke+1","Doppelganger+1","Outmaneuver+1","Underhanded Strike+1","Venomology+1","PiercingWail+1","Blur+1","Poisoned Stab+1","Masterful Stab+1"],"relics":["Ring of the Snake","Ice Cream","CultistMask","Ancient Tea Set","Bag of Marbles","Odd Mushroom","Whetstone","Pandora\u0027s Box","Bottled Lightning","Juzu Bracelet","Pantograph","Dead Branch","Art of War","Toxic Egg 2","Astrolabe","Potion Belt","Mark of the Bloom","Bottled Tornado","Frozen Egg 2","Spirit Poop","MawBank","Bronze Scales"],"potions_floor_usage":[6,6,13,20,20,35,41,41,46,50,50],"damage_taken":[{"damage":0,"enemies":"Small Slimes","floor":1,"turns":4},{"damage":0,"enemies":"2 Louse","floor":4,"turns":4},{"damage":0,"enemies":"Cultist","floor":5,"turns":4},{"damage":10,"enemies":"Lagavulin","floor":6,"turns":8},{"damage":2,"enemies":"2 Fungi Beasts","floor":10,"turns":3},{"damage":5,"enemies":"The Mushroom Lair","floor":12,"turns":6},{"damage":11,"enemies":"3 Sentries","floor":13,"turns":12},{"damage":1,"enemies":"Looter","floor":14,"turns":3},{"damage":0,"enemies":"The Guardian","floor":16,"turns":15},{"damage":0,"enemies":"Shell Parasite","floor":18,"turns":7},{"damage":0,"enemies":"3 Byrds","floor":19,"turns":6},{"damage":5,"enemies":"Snecko","floor":20,"turns":7},{"damage":0,"enemies":"Gremlin Leader","floor":29,"turns":6},{"damage":0,"enemies":"Book of Stabbing","floor":31,"turns":6},{"damage":0,"enemies":"Collector","floor":33,"turns":7},{"damage":0,"enemies":"Orb Walker","floor":35,"turns":4},{"damage":4,"enemies":"3 Darklings","floor":37,"turns":6},{"damage":0,"enemies":"Spire Growth","floor":39,"turns":4},{"damage":0,"enemies":"Reptomancer","floor":40,"turns":5},{"damage":0,"enemies":"Transient","floor":41,"turns":5},{"damage":0,"enemies":"Nemesis","floor":45,"turns":9},{"damage":0,"enemies":"4 Shapes","floor":46,"turns":5},{"damage":0,"enemies":"Time Eater","floor":50,"turns":9}],"seed_played":"7909214395205679869","potions_obtained":[{"floor":1,"key":"Energy Potion"},{"floor":5,"key":"Swift Potion"},{"floor":12,"key":"SpeedPotion"},{"floor":13,"key":"GamblersBrew"},{"floor":19,"key":"AttackPotion"},{"floor":20,"key":"Energy Potion"},{"floor":33,"key":"EssenceOfSteel"},{"floor":35,"key":"Explosive Potion"},{"floor":37,"key":"GhostInAJar"}],"is_trial":false,"path_per_floor":["M","?","?","M","M","E","R","?","T","M","$","?","E","M","R","B",null,"M","M","M","?","$","R","?","R","T","R","?","E","T","E","R","B",null,"M","$","M","?","M","E","M","$","T","?","E","M","R","?","R","B",null],"character_chosen":"THE_SILENT","items_purchased":["Bottled Lightning","Potion Belt","GhostInAJar","Blur+1"],"campfire_rested":2,"item_purchase_floors":[22,36,36,42],"current_hp_per_floor":[63,49,49,49,49,39,39,32,32,30,30,25,14,13,34,34,61,61,61,56,35,35,35,35,35,35,35,35,35,35,35,35,35,35,35,35,31,31,31,31,31,31,31,31,31,31,31,31,31,31],"gold":75,"neow_bonus":"ONE_RARE_RELIC","is_prod":false,"is_daily":false,"chose_seed":false,"campfire_upgraded":5,"win_rate":0,"timestamp":1561320897,"path_taken":["M","?","?","?","M","E","R","?","T","M","$","?","E","M","R","BOSS","M","M","M","?","$","R","?","R","T","R","?","E","?","E","R","BOSS","M","$","M","?","M","E","M","$","T","?","E","M","R","?","R","BOSS"],"build_version":"2019-01-23","purchased_purges":1,"victory":true,"max_hp_per_floor":[70,70,70,70,70,70,70,70,70,70,70,70,70,70,70,70,70,70,70,70,35,35,35,35,35,35,35,35,35,35,35,35,35,35,35,35,35,35,35,35,35,35,35,35,35,35,35,35,35,35],"card_choices":[{"not_picked":["Sucker Punch","Dodge and Roll"],"picked":"Footwork","floor":1},{"not_picked":["Outmaneuver","All Out Attack"],"picked":"Dash","floor":4},{"not_picked":["Catalyst","Riddle With Holes"],"picked":"Quick Slash","floor":5},{"not_picked":["Reflex","Choke"],"picked":"Flying Knee","floor":6},{"not_picked":["Sucker Punch","Setup"],"picked":"PiercingWail","floor":10},{"not_picked":["Reflex","Eviscerate"],"picked":"Catalyst","floor":12},{"not_picked":["Underhanded Strike","Setup"],"picked":"Dash","floor":13},{"not_picked":["Acrobatics","Blur"],"picked":"Dash","floor":14},{"not_picked":["Night Terror","A Thousand Cuts"],"picked":"Adrenaline","floor":16},{"not_picked":["Slice","Acrobatics"],"picked":"Backflip","floor":18},{"not_picked":["Calculated Gamble","Blade Dance"],"picked":"Bane","floor":19},{"not_picked":["Heel Hook","Poisoned Stab+1"],"picked":"Terror+1","floor":20},{"not_picked":["Deflect","Dodge and Roll+1"],"picked":"Doppelganger","floor":29},{"not_picked":["Underhanded Strike","Dagger Spray+1"],"picked":"Deflect","floor":31},{"not_picked":["Malaise+1","After Image"],"picked":"Night Terror+1","floor":33},{"not_picked":["Acrobatics+1","Terror+1"],"picked":"Outmaneuver+1","floor":35},{"not_picked":["Blade Dance+1","Sucker Punch"],"picked":"Underhanded Strike","floor":37},{"not_picked":["Bullet Time+1","Slice","Finisher"],"picked":"SKIP","floor":39},{"not_picked":["Concentrate+1","Acrobatics+1"],"picked":"Venomology+1","floor":40},{"not_picked":["Bane+1","Deflect+1"],"picked":"PiercingWail+1","floor":41},{"not_picked":["Underhanded Strike","Dodge and Roll+1"],"picked":"Poisoned Stab+1","floor":45},{"not_picked":["Setup+1","Dagger Spray"],"picked":"Masterful Stab+1","floor":46}],"player_experience":1332617,"relics_obtained":[{"floor":6,"key":"Ancient Tea Set"},{"floor":9,"key":"Bag of Marbles"},{"floor":12,"key":"Odd Mushroom"},{"floor":13,"key":"Whetstone"},{"floor":26,"key":"Juzu Bracelet"},{"floor":29,"key":"Dead Branch"},{"floor":30,"key":"Art of War"},{"floor":31,"key":"Toxic Egg 2"},{"floor":40,"key":"Bottled Tornado"},{"floor":43,"key":"Frozen Egg 2"},{"floor":45,"key":"MawBank"}],"event_choices":[{"damage_healed":0,"gold_gain":0,"player_choice":"Entered Light","damage_taken":14,"max_hp_gain":0,"max_hp_loss":0,"event_name":"Shining Light","floor":2,"gold_loss":0,"cards_upgraded":["Defend_G","Strike_G"]},{"damage_healed":0,"gold_gain":0,"player_choice":"Trade","damage_taken":0,"relics_obtained":["CultistMask"],"max_hp_gain":0,"max_hp_loss":0,"event_name":"FaceTrader","floor":3,"gold_loss":0},{"cards_removed":["Strike_G"],"damage_healed":0,"gold_gain":0,"player_choice":"Card Removal","damage_taken":7,"max_hp_gain":0,"max_hp_loss":0,"event_name":"Golden Wing","floor":8,"gold_loss":0},{"damage_healed":0,"gold_gain":0,"player_choice":"Fought Mushrooms","damage_taken":0,"max_hp_gain":0,"max_hp_loss":0,"event_name":"Mushrooms","floor":12,"gold_loss":0},{"damage_healed":0,"gold_gain":0,"player_choice":"Became a Ghost","damage_taken":0,"max_hp_gain":0,"max_hp_loss":35,"event_name":"Ghosts","floor":21,"gold_loss":0,"cards_obtained":["Ghostly","Ghostly","Ghostly","Ghostly","Ghostly"]},{"damage_healed":0,"gold_gain":0,"player_choice":"Ignored","damage_taken":0,"max_hp_gain":0,"max_hp_loss":0,"event_name":"Beggar","floor":24,"gold_loss":0},{"damage_healed":0,"gold_gain":0,"player_choice":"Stole Relic","damage_taken":0,"relics_obtained":["Pantograph"],"max_hp_gain":0,"max_hp_loss":0,"event_name":"Addict","floor":28,"gold_loss":0,"cards_obtained":["Shame"]},{"damage_healed":0,"gold_gain":0,"player_choice":"Upgrade","damage_taken":0,"relics_obtained":["Mark of the Bloom"],"max_hp_gain":0,"max_hp_loss":0,"event_name":"MindBloom","floor":38,"gold_loss":0,"cards_upgraded":["Survivor","Neutralize","Dash","PiercingWail","Catalyst","Dash","Masterful Stab","Well Laid Plans","Calculated Gamble","Calculated Gamble","Blur","Backflip","Ghostly","Ghostly","Ghostly","Ghostly","Ghostly","Underhanded Strike"]},{"cards_removed":["Shame"],"damage_healed":0,"gold_gain":0,"player_choice":"Offered Curse","damage_taken":0,"relics_obtained":["Spirit Poop"],"max_hp_gain":0,"max_hp_loss":0,"event_name":"Bonfire Elementals","floor":44,"gold_loss":0},{"damage_healed":0,"gold_gain":0,"player_choice":"Paid Gold","damage_taken":0,"relics_obtained":["Bronze Scales"],"max_hp_gain":0,"max_hp_loss":0,"event_name":"WeMeetAgain","floor":48,"gold_loss":60}],"is_beta":false,"boss_relics":[{"not_picked":["Philosopher\u0027s Stone","White Beast Statue"],"picked":"Pandora\u0027s Box"},{"not_picked":["Snecko Eye","Velvet Choker"],"picked":"Astrolabe"}],"items_purged_floors":[11],"is_endless":false,"potions_floor_spawned":[1,5,12,13,19,20,33,35,37,45,46],"ascension_level":12}