{"gold_per_floor":[111,111,111,286,286,286,296,331,331,188,188,206,206,222,222,317,317,329,35,35,53,72,83,101,128,128,128,80,80,80,96,96,96],"floor_reached":33,"playtime":1018,"items_purged":["Doubt","Strike_R"],"score":330,"play_id":"5e4dae8e-c5fc-4d13-8ac6-cce73d8764b9","local_time":"20190604173652","is_ascension_mode":true,"campfire_choices":[{"data":"Whirlwind","floor":6,"key":"SMITH"},{"data":"Inflame","floor":11,"key":"SMITH"},{"data":"Heavy Blade","floor":15,"key":"SMITH"},{"floor":30,"key":"RECALL"},{"floor":32,"key":"REST"}],"neow_cost":"NONE","seed_source_timestamp":321024867827739,"circlet_count":0,"master_deck":["Strike_R+1","Strike_R+1","Defend_R","Defend_R","Defend_R","Defend_R","Bash","Panacea","Whirlwind+1","Flex","Cleave","Inflame+1","Bludgeon","Heavy Blade+1","Double Tap","Inflame","Iron Wave+1","Sentinel+1","Armaments"],"relics":["Burning Blood","Blue Candle","Spirit Poop","Centennial Puzzle","Red Skull","Busted Crown","Juzu Bracelet","Ancient Tea Set","Shuriken"],"potions_floor_usage":[18,25,31,33,33],"damage_taken":[{"damage":8,"enemies":"Cultist","floor":1,"turns":5},{"damage":0,"enemies":"2 Louse","floor":7,"turns":2},{"damage":34,"enemies":"Gremlin Nob","floor":8,"turns":5},{"damage":0,"enemies":"Small Slimes","floor":12,"turns":2},{"damage":10,"enemies":"Looter","floor":14,"turns":2},{"damage":0,"enemies":"Slime Boss","floor":16,"turns":7},{"damage":0,"enemies":"Spheric Guardian","floor":18,"turns":3},{"damage":5,"enemies":"Shell Parasite","floor":21,"turns":2},{"damage":7,"enemies":"3 Cultists","floor":22,"turns":3},{"damage":14,"enemies":"Snake Plant","floor":23,"turns":2},{"damage":32,"enemies":"Shelled Parasite and Fungi","floor":24,"turns":5},{"damage":17,"enemies":"Gremlin Leader","floor":25,"turns":4},{"damage":15,"enemies":"Centurion and Healer","floor":31,"turns":2},{"damage":58,"enemies":"Collector","floor":33,"turns":5}],"seed_played":"4608069231993692221","potions_obtained":[{"floor":8,"key":"Explosive Potion"},{"floor":14,"key":"LiquidBronze"},{"floor":16,"key":"PowerPotion"},{"floor":20,"key":"GamblersBrew"},{"floor":20,"key":"Regen Potion"},{"floor":23,"key":"PowerPotion"},{"floor":25,"key":"FearPotion"}],"is_trial":false,"path_per_floor":["M","?","?","?","?","R","M","E","T","$","R","M","?","M","R","B",null,"M","$","?","M","M","M","M","E","T","?","$","?","R","M","R","B"],"character_chosen":"IRONCLAD","items_purchased":["Inflame","Inflame","Juzu Bracelet","Armaments"],"campfire_rested":1,"item_purchase_floors":[10,19,19,28],"current_hp_per_floor":[78,62,62,62,62,62,68,40,40,40,40,46,46,42,42,48,80,80,80,80,80,79,71,45,43,43,35,35,35,35,26,50,0],"gold":96,"neow_bonus":"RANDOM_COLORLESS","is_prod":false,"is_daily":false,"chose_seed":false,"campfire_upgraded":3,"win_rate":0,"timestamp":1559687812,"path_taken":["M","?","?","?","?","R","M","E","T","$","R","?","?","M","R","BOSS","M","$","?","M","M","M","M","E","T","?","$","?","R","M","R","BOSS"],"build_version":"2019-01-23","purchased_purges":2,"victory":false,"max_hp_per_floor":[80,80,80,80,80,80,80,80,80,80,80,80,80,80,80,80,80,80,80,80,80,80,80,80,80,80,80,80,80,80,80,80,80],"card_choices":[{"not_picked":["Body Slam","Perfected Strike"],"picked":"Whirlwind","floor":1},{"not_picked":["Intimidate","Havoc"],"picked":"Flex","floor":7},{"not_picked":["Havoc","Hemokinesis"],"picked":"Cleave","floor":8},{"not_picked":["Evolve","Pummel","Clash"],"picked":"SKIP","floor":12},{"not_picked":["Entrench","Reckless Charge"],"picked":"Heavy Blade","floor":14},{"not_picked":["Barricade","Berserk"],"picked":"Double Tap","floor":16},{"not_picked":["Clash+1"],"picked":"SKIP","floor":18},{"not_picked":[],"picked":"Iron Wave+1","floor":21},{"not_picked":["Sever Soul"],"picked":"SKIP","floor":22},{"not_picked":["Warcry+1"],"picked":"SKIP","floor":23},{"not_picked":["Sever Soul"],"picked":"SKIP","floor":24},{"not_picked":[],"picked":"Sentinel+1","floor":25},{"not_picked":["Headbutt+1"],"picked":"SKIP","floor":31}],"player_experience":82118,"relics_obtained":[{"floor":8,"key":"Centennial Puzzle"},{"floor":9,"key":"Red Skull"},{"floor":25,"key":"Ancient Tea Set"},{"floor":26,"key":"Shuriken"}],"event_choices":[{"damage_healed":0,"gold_gain":0,"player_choice":"Entered Light","damage_taken":16,"max_hp_gain":0,"max_hp_loss":0,"event_name":"Shining Light","floor":2,"gold_loss":0,"cards_upgraded":["Strike_R","Strike_R"]},{"damage_healed":0,"gold_gain":0,"player_choice":"Box","damage_taken":0,"relics_obtained":["Blue Candle"],"max_hp_gain":0,"max_hp_loss":0,"event_name":"Big Fish","floor":3,"gold_loss":0,"cards_obtained":["Regret"]},{"damage_healed":0,"gold_gain":175,"player_choice":"AGREE","damage_taken":0,"max_hp_gain":0,"max_hp_loss":0,"event_name":"Liars Game","floor":4,"gold_loss":0,"cards_obtained":["Doubt"]},{"cards_removed":["Regret"],"damage_healed":0,"gold_gain":0,"player_choice":"Offered Curse","damage_taken":0,"relics_obtained":["Spirit Poop"],"max_hp_gain":0,"max_hp_loss":0,"event_name":"Bonfire Elementals","floor":5,"gold_loss":0},{"damage_healed":0,"gold_gain":0,"cards_transformed":["Strike_R"],"player_choice":"Transformed","damage_taken":0,"max_hp_gain":0,"max_hp_loss":0,"event_name":"Transmorgrifier","floor":13,"gold_loss":0,"cards_obtained":["Bludgeon"]},{"damage_healed":0,"gold_gain":0,"player_choice":"Got Potions","damage_taken":0,"max_hp_gain":0,"max_hp_loss":0,"event_name":"Lab","floor":20,"gold_loss":0},{"damage_healed":0,"gold_gain":0,"player_choice":"","damage_taken":8,"max_hp_gain":0,"max_hp_loss":0,"event_name":"Knowing Skull","floor":27,"potions_obtained":[],"gold_loss":0,"cards_obtained":[]},{"cards_removed":["Strike_R"],"damage_healed":0,"gold_gain":0,"player_choice":"Elegance","damage_taken":0,"max_hp_gain":0,"max_hp_loss":0,"event_name":"Back to Basics","floor":29,"gold_loss":0}],"is_beta":false,"boss_relics":[{"not_picked":["Runic Pyramid","Runic Cube"],"picked":"Busted Crown"}],"items_purged_floors":[10,19],"is_endless":false,"potions_floor_spawned":[8,14,16,21,23,25],"killed_by":"Collector","ascension_level":1}