{"gold_per_floor":[115,125,140,140,65,65,91,91,91,91],"floor_reached":10,"playtime":816,"items_purged":["Strike_G"],"score":129,"play_id":"dd5bb6c0-9548-4b75-96c3-2a1f9287f61b","local_time":"20190626122241","is_ascension_mode":true,"campfire_choices":[{"data":"Dagger Spray","floor":6,"key":"SMITH"},{"floor":8,"key":"REST"}],"neow_cost":"NONE","seed_source_timestamp":96520816275400,"circlet_count":0,"master_deck":["AscendersBane","Defend_G","Defend_G","Defend_G","Defend_G","Defend_G","Strike_G","Strike_G","Strike_G","Strike_G","Survivor","Neutralize","Escape Plan","Backflip","Dagger Spray+1","Dagger Throw"],"relics":["White Beast Statue","Pear","Ice Cream","Mummified Hand"],"potions_floor_usage":[3,7,7,10],"damage_taken":[{"damage":11,"enemies":"2 Louse","floor":1,"turns":4},{"damage":2,"enemies":"Cultist","floor":2,"turns":5},{"damage":4,"enemies":"Small Slimes","floor":3,"turns":4},{"damage":40,"enemies":"Gremlin Nob","floor":7,"turns":5},{"damage":39,"enemies":"Lagavulin","floor":10,"turns":8}],"seed_played":"5218083498965587344","potions_obtained":[{"floor":1,"key":"FearPotion"},{"floor":2,"key":"Ancient Potion"},{"floor":3,"key":"Weak Potion"},{"floor":7,"key":"Ancient Potion"}],"is_trial":false,"path_per_floor":["M","M","M","?","$","R","E","R","T","E"],"character_chosen":"THE_SILENT","items_purchased":[],"campfire_rested":1,"item_purchase_floors":[],"current_hp_per_floor":[48,46,42,52,52,52,12,34,34,0],"gold":91,"neow_bonus":"BOSS_RELIC","is_prod":false,"is_daily":false,"chose_seed":false,"campfire_upgraded":1,"win_rate":0,"timestamp":1561566161,"path_taken":["M","M","M","?","$","R","E","R","T","E"],"build_version":"2019-01-23","purchased_purges":1,"victory":false,"max_hp_per_floor":[66,66,66,76,76,76,76,76,76,76],"card_choices":[{"not_picked":["Crippling Poison","Calculated Gamble"],"picked":"Escape Plan","floor":1},{"not_picked":["Acrobatics","Quick Slash"],"picked":"Backflip","floor":2},{"not_picked":["Cloak And Dagger","Tactician"],"picked":"Dagger Spray","floor":3},{"not_picked":["Sucker Punch","Malaise"],"picked":"Dagger Throw","floor":7}],"player_experience":1424884,"relics_obtained":[{"floor":4,"key":"Pear"},{"floor":7,"key":"Ice Cream"},{"floor":9,"key":"Mummified Hand"}],"event_choices":[{"damage_healed":0,"gold_gain":0,"player_choice":"Relic","damage_taken":0,"max_hp_gain":0,"max_hp_loss":0,"event_name":"Wheel of Change","floor":4,"gold_loss":0}],"is_beta":false,"boss_relics":[],"items_purged_floors":[5],"is_endless":false,"potions_floor_spawned":[1,2,3,7],"killed_by":"Lagavulin","ascension_level":19}