{"gold_per_floor":[119,69,79,94,114,114,127,152,152,152,152],"floor_reached":11,"playtime":541,"items_purged":[],"score":124,"play_id":"6da55f93-7fb3-45e2-8abc-90bb4c9446de","local_time":"20190625172335","is_ascension_mode":true,"campfire_choices":[{"data":"Zap","floor":6,"key":"SMITH"}],"neow_cost":"NONE","seed_source_timestamp":169076344709058,"circlet_count":0,"master_deck":["AscendersBane","Strike_B","Strike_B","Defend_B","Defend_B","Defend_B","Defend_B","Zap+1","Dualcast","All For One","Rebound","Coolheaded","Go for the Eyes","Self Repair","Compile Driver"],"relics":["Cracked Core","Pantograph","Calipers"],"potions_floor_usage":[6],"damage_taken":[{"damage":0,"enemies":"2 Louse","floor":1,"turns":2},{"damage":5,"enemies":"Small Slimes","floor":3,"turns":3},{"damage":2,"enemies":"Jaw Worm","floor":4,"turns":4},{"damage":7,"enemies":"2 Fungi Beasts","floor":5,"turns":4},{"damage":9,"enemies":"Exordium Wildlife","floor":7,"turns":4},{"damage":46,"enemies":"Gremlin Nob","floor":8,"turns":5},{"damage":35,"enemies":"Gremlin Gang","floor":11,"turns":3}],"seed_played":"5562020649666375665","potions_obtained":[{"floor":1,"key":"Fruit Juice"}],"is_trial":false,"path_per_floor":["M","?","M","M","M","R","M","E","T","?","M"],"character_chosen":"DEFECT","items_purchased":[],"campfire_rested":0,"item_purchase_floors":[],"current_hp_per_floor":[68,68,63,61,54,59,50,11,11,11,0],"gold":152,"neow_bonus":"TRANSFORM_CARD","is_prod":false,"is_daily":false,"chose_seed":false,"campfire_upgraded":1,"win_rate":0,"timestamp":1561494215,"path_taken":["M","?","M","M","M","R","M","E","T","?","M"],"build_version":"2019-01-23","purchased_purges":0,"victory":false,"max_hp_per_floor":[75,75,75,75,75,80,80,80,80,80,80],"card_choices":[{"not_picked":["Doom and Gloom","Sweeping Beam"],"picked":"Rebound","floor":1},{"not_picked":["Melter","Storm"],"picked":"Coolheaded","floor":3},{"not_picked":["Coolheaded","Rebound","Sweeping Beam"],"picked":"SKIP","floor":4},{"not_picked":["Capacitor","Lockon"],"picked":"Go for the Eyes","floor":5},{"not_picked":["Sunder","Glacier"],"picked":"Self Repair","floor":7},{"not_picked":["Blizzard","Double Energy"],"picked":"Compile Driver","floor":8}],"player_experience":1184831,"relics_obtained":[{"floor":8,"key":"Pantograph"},{"floor":9,"key":"Calipers"}],"event_choices":[{"cards_removed":["Strike_B"],"damage_healed":0,"gold_gain":0,"player_choice":"Card Removal","damage_taken":0,"max_hp_gain":0,"max_hp_loss":0,"event_name":"The Cleric","floor":2,"gold_loss":50},{"damage_healed":0,"gold_gain":0,"player_choice":"Ignored","damage_taken":0,"max_hp_gain":0,"max_hp_loss":0,"event_name":"Liars Game","floor":10,"gold_loss":0}],"is_beta":false,"boss_relics":[],"items_purged_floors":[],"is_endless":false,"potions_floor_spawned":[1],"killed_by":"Gremlin Gang","ascension_level":13}