{"gold_per_floor":[113,113,133,133,5,35,35,69,148,178,353,2,2,2,2,2],"floor_reached":16,"playtime":948,"items_purged":["Pain","Doubt"],"score":131,"play_id":"14a7cdef-428a-4628-b78f-103a28c7fe80","local_time":"20190517212012","is_ascension_mode":true,"campfire_choices":[{"data":"Whirlwind","floor":7,"key":"SMITH"},{"data":"Flame Barrier","floor":13,"key":"SMITH"},{"data":"Shrug It Off","floor":15,"key":"SMITH"}],"neow_cost":"NONE","seed_source_timestamp":3194585828221626,"circlet_count":0,"master_deck":["Strike_R","Strike_R","Strike_R","Strike_R","Strike_R","Defend_R","Defend_R+1","Defend_R","Defend_R+1","Bash","Headbutt","Clothesline","Whirlwind+1","Shrug It Off+1","Flame Barrier+1"],"relics":["Burning Blood","Juzu Bracelet","War Paint","WarpedTongs","Pear","Mummified Hand","Mercury Hourglass","Happy Flower","Dodecahedron"],"potions_floor_usage":[16],"damage_taken":[{"damage":13,"enemies":"Small Slimes","floor":1,"turns":4},{"damage":0,"enemies":"Jaw Worm","floor":3,"turns":5},{"damage":33,"enemies":"Lagavulin","floor":6,"turns":8},{"damage":20,"enemies":"3 Sentries","floor":8,"turns":4},{"damage":17,"enemies":"Gremlin Nob","floor":10,"turns":4},{"damage":27,"enemies":"The Guardian","floor":16,"turns":9}],"seed_played":"2751521563339748941","potions_obtained":[{"floor":8,"key":"Ancient Potion"}],"is_trial":false,"path_per_floor":["M","?","M","?","$","E","R","E","T","E","?","$","R","$","R","B"],"character_chosen":"IRONCLAD","items_purchased":["Clothesline","Dodecahedron"],"campfire_rested":0,"item_purchase_floors":[5,12],"current_hp_per_floor":[73,61,67,67,67,50,50,36,36,25,25,25,25,25,25,0],"gold":2,"neow_bonus":"RANDOM_COMMON_RELIC","is_prod":false,"is_daily":false,"chose_seed":false,"campfire_upgraded":3,"win_rate":0,"timestamp":1558142412,"path_taken":["M","?","M","?","$","E","R","E","T","E","?","$","R","$","R","BOSS"],"build_version":"2019-01-23","purchased_purges":2,"victory":false,"max_hp_per_floor":[80,80,80,80,80,90,90,90,90,90,90,90,90,90,90,90],"card_choices":[{"not_picked":["Wild Strike","True Grit","Thunderclap"],"picked":"SKIP","floor":1},{"not_picked":["Carnage","True Grit"],"picked":"Headbutt","floor":3},{"not_picked":["Twin Strike","Heavy Blade"],"picked":"Whirlwind","floor":6},{"not_picked":["Rampage","Intimidate"],"picked":"Shrug It Off","floor":8},{"not_picked":["Headbutt","Clash"],"picked":"Flame Barrier","floor":10}],"player_experience":42633,"relics_obtained":[{"floor":6,"key":"Pear"},{"floor":8,"key":"Mummified Hand"},{"floor":9,"key":"Mercury Hourglass"},{"floor":10,"key":"Happy Flower"}],"event_choices":[{"damage_healed":0,"gold_gain":0,"player_choice":"Success","damage_taken":12,"relics_obtained":["War Paint"],"max_hp_gain":0,"max_hp_loss":0,"event_name":"Scrap Ooze","floor":2,"gold_loss":0},{"damage_healed":0,"gold_gain":0,"player_choice":"Rummage","damage_taken":0,"relics_obtained":["WarpedTongs"],"max_hp_gain":0,"max_hp_loss":0,"event_name":"Accursed Blacksmith","floor":4,"gold_loss":0,"cards_obtained":["Pain"]},{"damage_healed":0,"gold_gain":175,"player_choice":"AGREE","damage_taken":0,"max_hp_gain":0,"max_hp_loss":0,"event_name":"Liars Game","floor":11,"gold_loss":0,"cards_obtained":["Doubt"]}],"is_beta":false,"boss_relics":[],"items_purged_floors":[5,12],"is_endless":false,"potions_floor_spawned":[8],"killed_by":"The Guardian","ascension_level":3}