{"gold_per_floor":[112,129,129,148,148,148,158,158,183,217,142,174,174,204,204,308,308,328,339,289,303,323,323,335,361,361,361,37,37,72,88,88,88],"floor_reached":33,"playtime":1770,"items_purged":["Shame","Injury"],"score":354,"play_id":"6dec6330-c159-4e41-9595-8854cfa80f58","local_time":"20190616152713","is_ascension_mode":true,"campfire_choices":[{"data":"Bash","floor":6,"key":"SMITH"},{"data":"Flame Barrier","floor":8,"key":"SMITH"},{"data":"Shockwave","floor":13,"key":"SMITH"},{"data":"Shrug It Off","floor":15,"key":"SMITH"},{"data":"True Grit","floor":23,"key":"SMITH"},{"data":"Warcry","floor":27,"key":"SMITH"},{"data":"Disarm","floor":29,"key":"SMITH"},{"floor":32,"key":"REST"}],"neow_cost":"NONE","seed_source_timestamp":313626391191045,"circlet_count":0,"master_deck":["Strike_R","Strike_R","Strike_R","Strike_R+1","Strike_R","Defend_R","Defend_R","Defend_R","Defend_R","Bash+1","Pommel Strike+1","Flame Barrier+1","Shrug It Off+1","Clothesline","Evolve","Shockwave+1","Reaper","Offering","Shrug It Off","True Grit+1","Warcry+1","Disarm+1","Disarm+1","Sentinel+1"],"relics":["Cursed Key","Boot","Bag of Marbles","Oddly Smooth Stone","Odd Mushroom","Sozu","Art of War","Unceasing Top","Anchor","Ancient Tea Set"],"potions_floor_usage":[16,25],"damage_taken":[{"damage":1,"enemies":"Cultist","floor":1,"turns":3},{"damage":0,"enemies":"Small Slimes","floor":2,"turns":2},{"damage":3,"enemies":"2 Louse","floor":4,"turns":2},{"damage":0,"enemies":"Exordium Thugs","floor":7,"turns":4},{"damage":5,"enemies":"Gremlin Nob","floor":10,"turns":3},{"damage":7,"enemies":"3 Sentries","floor":12,"turns":6},{"damage":5,"enemies":"The Mushroom Lair","floor":14,"turns":4},{"damage":22,"enemies":"Hexaghost","floor":16,"turns":8},{"damage":14,"enemies":"Chosen","floor":18,"turns":3},{"damage":10,"enemies":"Shell Parasite","floor":19,"turns":4},{"damage":8,"enemies":"Chosen and Byrds","floor":21,"turns":6},{"damage":7,"enemies":"Snecko","floor":22,"turns":6},{"damage":7,"enemies":"Snake Plant","floor":24,"turns":3},{"damage":16,"enemies":"Slavers","floor":25,"turns":8},{"damage":19,"enemies":"Gremlin Leader","floor":30,"turns":11},{"damage":8,"enemies":"Shelled Parasite and Fungi","floor":31,"turns":6},{"damage":79,"enemies":"Automaton","floor":33,"turns":16}],"seed_played":"-4737023852493403002","potions_obtained":[{"floor":1,"key":"Strength Potion"},{"floor":4,"key":"Strength Potion"},{"floor":12,"key":"Swift Potion"}],"is_trial":false,"path_per_floor":["M","M","?","M","?","R","M","R","T","E","$","E","R","?","R","B",null,"M","M","?","M","M","R","M","E","T","R","$","R","E","M","R","B"],"character_chosen":"IRONCLAD","items_purchased":["Disarm","Anchor"],"campfire_rested":1,"item_purchase_floors":[28,28],"current_hp_per_floor":[79,79,63,60,65,65,65,65,65,60,60,53,53,48,48,26,85,71,61,61,64,63,63,56,55,55,55,55,55,50,42,67,0],"gold":88,"neow_bonus":"BOSS_RELIC","is_prod":false,"is_daily":false,"chose_seed":false,"campfire_upgraded":7,"win_rate":0,"timestamp":1560713233,"path_taken":["M","M","?","M","?","R","M","R","T","E","$","E","R","?","R","BOSS","M","M","?","?","M","R","M","E","T","R","$","R","E","M","R","BOSS"],"build_version":"2019-01-23","purchased_purges":2,"victory":false,"max_hp_per_floor":[80,80,80,80,85,85,85,85,85,85,85,85,85,85,85,85,85,85,85,85,85,85,85,85,85,85,85,85,85,85,85,85,85],"card_choices":[{"not_picked":["Sever Soul","Wild Strike"],"picked":"Pommel Strike","floor":1},{"not_picked":["Wild Strike","Headbutt"],"picked":"Flame Barrier","floor":2},{"not_picked":["Sword Boomerang","Iron Wave"],"picked":"Shrug It Off","floor":4},{"not_picked":["Armaments","Headbutt"],"picked":"Clothesline","floor":7},{"not_picked":["Clash","Pummel"],"picked":"Evolve","floor":10},{"not_picked":["Clothesline","Carnage"],"picked":"Shockwave","floor":12},{"not_picked":["Body Slam","Second Wind"],"picked":"Reaper","floor":14},{"not_picked":["Double Tap","Bludgeon"],"picked":"Offering","floor":16},{"not_picked":["Twin Strike","Burning Pact"],"picked":"Shrug It Off","floor":18},{"not_picked":["Body Slam","Infernal Blade"],"picked":"True Grit","floor":19},{"not_picked":["Body Slam","Fire Breathing"],"picked":"Warcry","floor":21},{"not_picked":["True Grit","Sword Boomerang+1","Searing Blow"],"picked":"SKIP","floor":22},{"not_picked":["Twin Strike+1","Infernal Blade"],"picked":"Disarm+1","floor":24},{"not_picked":["Intimidate","Heavy Blade","Bloodletting"],"picked":"SKIP","floor":25},{"not_picked":["Infernal Blade","Flex+1","Blood for Blood"],"picked":"SKIP","floor":30},{"not_picked":["Combust","Fire Breathing"],"picked":"Sentinel+1","floor":31}],"player_experience":127037,"relics_obtained":[{"floor":9,"key":"Boot"},{"floor":10,"key":"Bag of Marbles"},{"floor":12,"key":"Oddly Smooth Stone"},{"floor":14,"key":"Odd Mushroom"},{"floor":25,"key":"Art of War"},{"floor":26,"key":"Unceasing Top"},{"floor":30,"key":"Ancient Tea Set"}],"event_choices":[{"damage_healed":0,"gold_gain":0,"player_choice":"Entered Light","damage_taken":16,"max_hp_gain":0,"max_hp_loss":0,"event_name":"Shining Light","floor":3,"gold_loss":0,"cards_upgraded":["Strike_R","Pommel Strike"]},{"damage_healed":0,"gold_gain":0,"player_choice":"Donut","damage_taken":0,"max_hp_gain":5,"max_hp_loss":0,"event_name":"Big Fish","floor":5,"gold_loss":0},{"damage_healed":0,"gold_gain":0,"player_choice":"Fought Mushrooms","damage_taken":0,"max_hp_gain":0,"max_hp_loss":0,"event_name":"Mushrooms","floor":14,"gold_loss":0},{"damage_healed":0,"gold_gain":0,"player_choice":"Bet on Murderer","damage_taken":0,"max_hp_gain":0,"max_hp_loss":0,"event_name":"The Joust","floor":20,"gold_loss":50}],"is_beta":false,"boss_relics":[{"not_picked":["Tiny House","Calling Bell"],"picked":"Sozu"}],"items_purged_floors":[11,28],"is_endless":false,"potions_floor_spawned":[1,4,12,14,19,24,25,31],"killed_by":"Automaton","ascension_level":4}