{"gold_per_floor":[116,132,132,144,155,189,189,217,240,240],"floor_reached":10,"playtime":502,"items_purged":[],"score":129,"play_id":"186ddb9f-4274-4495-ae17-05ef20f8e7d1","local_time":"20190625163718","is_ascension_mode":true,"campfire_choices":[{"floor":7,"key":"REST"}],"neow_cost":"NONE","seed_source_timestamp":166339557708824,"circlet_count":0,"master_deck":["AscendersBane","Strike_B","Strike_B","Strike_B","Strike_B","Defend_B","Defend_B","Defend_B","Defend_B","Zap","Dualcast","Machine Learning","Gash","Defragment","Streamline","Gash","Genetic Algorithm","Cold Snap"],"relics":["Cracked Core","Question Card","Potion Belt","Happy Flower"],"potions_floor_usage":[8],"damage_taken":[{"damage":0,"enemies":"2 Louse","floor":1,"turns":2},{"damage":1,"enemies":"Cultist","floor":2,"turns":4},{"damage":16,"enemies":"Small Slimes","floor":4,"turns":3},{"damage":2,"enemies":"3 Louse","floor":5,"turns":4},{"damage":40,"enemies":"3 Sentries","floor":6,"turns":7},{"damage":32,"enemies":"Gremlin Nob","floor":8,"turns":4},{"damage":17,"enemies":"Red Slaver","floor":10,"turns":4}],"seed_played":"-5774739424211349860","potions_obtained":[{"floor":5,"key":"SteroidPotion"},{"floor":6,"key":"Poison Potion"}],"is_trial":false,"path_per_floor":["M","M","?","M","M","E","R","E","T","M"],"character_chosen":"DEFECT","items_purchased":[],"campfire_rested":1,"item_purchase_floors":[],"current_hp_per_floor":[68,67,75,59,57,17,39,7,7,0],"gold":240,"neow_bonus":"ONE_RANDOM_RARE_CARD","is_prod":false,"is_daily":false,"chose_seed":false,"campfire_upgraded":0,"win_rate":0,"timestamp":1561491438,"path_taken":["M","M","?","M","M","E","R","E","T","M"],"build_version":"2019-01-23","purchased_purges":0,"victory":false,"max_hp_per_floor":[75,75,75,75,75,75,75,75,75,75],"card_choices":[{"not_picked":["Coolheaded","Stack"],"picked":"Gash","floor":1},{"not_picked":["Conserve Battery","Double Energy"],"picked":"Defragment","floor":2},{"not_picked":["Double Energy","Turbo"],"picked":"Streamline","floor":4},{"not_picked":["Cold Snap","Consume"],"picked":"Gash","floor":5},{"not_picked":["Meteor Strike","Scrape"],"picked":"Genetic Algorithm","floor":6},{"not_picked":["Capacitor","Hologram","Skim"],"picked":"Cold Snap","floor":8}],"player_experience":1183583,"relics_obtained":[{"floor":6,"key":"Question Card"},{"floor":8,"key":"Potion Belt"},{"floor":9,"key":"Happy Flower"}],"event_choices":[{"damage_healed":8,"gold_gain":0,"player_choice":"Full Heal","damage_taken":0,"max_hp_gain":0,"max_hp_loss":0,"event_name":"Wheel of Change","floor":3,"gold_loss":0}],"is_beta":false,"boss_relics":[],"items_purged_floors":[],"is_endless":false,"potions_floor_spawned":[5,6],"killed_by":"Red Slaver","ascension_level":13}