{"gold_per_floor":[110,122,72,48,67,67,27,54,54,81,93,93,126,141,141,245,245,245,245,245,166,166,166,166,166,166,166,166,166,166,166,166,166,166,166,166,166,166,166,166,166,166,166,0,0,0,0,0,0,0],"floor_reached":51,"playtime":3928,"items_purged":["Strike_G","Strike_G"],"score":1231,"play_id":"b7666726-daae-41cd-8a93-9ea1ad5edf88","local_time":"20190623163449","is_ascension_mode":true,"campfire_choices":[{"data":"Venomology","floor":6,"key":"SMITH"},{"floor":12,"key":"REST"},{"data":"Neutralize","floor":15,"key":"SMITH"},{"floor":24,"key":"REST"},{"floor":32,"key":"REST"},{"data":"PiercingWail","floor":40,"key":"SMITH"},{"data":"Survivor","floor":42,"key":"SMITH"},{"data":"Backflip","floor":49,"key":"SMITH"}],"neow_cost":"CURSE","seed_source_timestamp":150043688219883,"circlet_count":0,"master_deck":["AscendersBane","Defend_G","Defend_G","Defend_G","Defend_G","Defend_G","Strike_G+1","Strike_G","Strike_G+1","Survivor+1","Neutralize+1","Venomology+1","Dagger Spray","PiercingWail+1","Poisoned Stab","Backflip+1","Sucker Punch+1","Deadly Poison+1","Well Laid Plans","Bouncing Flask+1","Burst+1","Catalyst+1","Poisoned Stab+1","Backflip+1","Deadly Poison+1","Blur+1","Deadly Poison+1","Footwork+1","Outmaneuver+1","Deadly Poison+1","Doppelganger+1","Deflect+1","Distraction+1","Footwork+1","Crippling Poison+1","Expertise+1","Night Terror+1","Acrobatics+1","Distraction+1","Night Terror+1"],"relics":["Ring of the Snake","Toxic Egg 2","Molten Egg 2","Bird Faced Urn","The Courier","Ectoplasm","Red Mask","Snake Skull","Whetstone","Ornamental Fan","Art of War","Lizard Tail","Thread and Needle","Smiling Mask","PreservedInsect","Shuriken","Singing Bowl"],"potions_floor_usage":[8,8,8,8,10,10,10,13,13,14,16,18,19,22,23,25,25,28,30,33,36,36,41,45,46,47,50,50,50],"damage_taken":[{"damage":6,"enemies":"Cultist","floor":1,"turns":5},{"damage":2,"enemies":"Jaw Worm","floor":2,"turns":7},{"damage":0,"enemies":"2 Louse","floor":5,"turns":2},{"damage":14,"enemies":"Gremlin Nob","floor":8,"turns":4},{"damage":25,"enemies":"Lagavulin","floor":10,"turns":6},{"damage":1,"enemies":"Exordium Wildlife","floor":11,"turns":5},{"damage":8,"enemies":"Gremlin Nob","floor":13,"turns":3},{"damage":1,"enemies":"Red Slaver","floor":14,"turns":3},{"damage":24,"enemies":"The Guardian","floor":16,"turns":10},{"damage":11,"enemies":"Shell Parasite","floor":18,"turns":5},{"damage":3,"enemies":"Masked Bandits","floor":19,"turns":3},{"damage":0,"enemies":"Spheric Guardian","floor":20,"turns":3},{"damage":6,"enemies":"Centurion and Healer","floor":22,"turns":6},{"damage":9,"enemies":"Book of Stabbing","floor":23,"turns":5},{"damage":24,"enemies":"Gremlin Leader","floor":25,"turns":3},{"damage":0,"enemies":"Book of Stabbing","floor":28,"turns":3},{"damage":1,"enemies":"Snecko","floor":29,"turns":4},{"damage":0,"enemies":"3 Cultists","floor":30,"turns":5},{"damage":17,"enemies":"Collector","floor":33,"turns":5},{"damage":3,"enemies":"Orb Walker","floor":35,"turns":4},{"damage":10,"enemies":"Mind Bloom Boss Battle","floor":36,"turns":6},{"damage":9,"enemies":"3 Darklings","floor":38,"turns":7},{"damage":5,"enemies":"Spire Growth","floor":39,"turns":4},{"damage":8,"enemies":"Maw","floor":41,"turns":4},{"damage":2,"enemies":"Giant Head","floor":45,"turns":5},{"damage":0,"enemies":"3 Darklings","floor":46,"turns":5},{"damage":6,"enemies":"Nemesis","floor":47,"turns":7},{"damage":0,"enemies":"Jaw Worm Horde","floor":48,"turns":4},{"damage":53,"enemies":"Awakened One","floor":50,"turns":10}],"seed_played":"3712293860053991054","potions_obtained":[{"floor":5,"key":"Energy Potion"},{"floor":7,"key":"Fire Potion"},{"floor":7,"key":"EntropicBrew"},{"floor":11,"key":"Strength Potion"},{"floor":13,"key":"AttackPotion"},{"floor":22,"key":"PowerPotion"},{"floor":27,"key":"Block Potion"},{"floor":29,"key":"GamblersBrew"},{"floor":30,"key":"Strength Potion"},{"floor":39,"key":"Dexterity Potion"},{"floor":47,"key":"AttackPotion"}],"is_trial":false,"path_per_floor":["M","M","?","$","M","R","?","E","T","E","M","R","E","M","R","B",null,"M","?","M","$","M","E","R","E","T","?","E","M","M","?","R","B",null,"M","?","T","M","M","R","M","R","T","$","E","M","E","M","R","B",null],"character_chosen":"THE_SILENT","items_purchased":["Poisoned Stab","Deadly Poison+1","Night Terror+1"],"campfire_rested":3,"item_purchase_floors":[4,21,44],"current_hp_per_floor":[57,55,55,55,55,55,55,41,41,16,15,35,27,37,37,15,54,45,42,42,42,38,31,51,29,29,29,31,32,36,36,56,43,61,62,56,56,51,48,48,44,44,44,44,48,54,54,62,62,11],"gold":0,"neow_bonus":"THREE_RARE_CARDS","is_prod":false,"is_daily":false,"chose_seed":false,"campfire_upgraded":5,"win_rate":0,"timestamp":1561322089,"path_taken":["M","?","?","$","M","R","?","E","T","E","?","R","E","M","R","BOSS","M","?","M","$","M","E","R","E","T","?","E","?","M","?","R","BOSS","M","?","?","M","?","R","M","R","T","$","E","M","E","M","R","BOSS"],"build_version":"2019-01-23","purchased_purges":2,"victory":true,"max_hp_per_floor":[70,70,67,67,67,67,67,67,67,67,67,67,67,67,67,67,67,67,67,67,67,67,67,67,67,67,67,67,67,67,67,67,67,67,67,67,67,67,67,67,67,67,67,67,67,67,67,69,69,69],"card_choices":[{"not_picked":["Adrenaline","Glass Knife"],"picked":"Venomology","floor":0},{"not_picked":["Finisher","Outmaneuver"],"picked":"Dagger Spray","floor":1},{"not_picked":["Predator","Slice"],"picked":"PiercingWail","floor":2},{"not_picked":["Sucker Punch","Eviscerate"],"picked":"Backflip","floor":5},{"not_picked":["Dagger Spray","Tactician","Reflex"],"picked":"SKIP","floor":8},{"not_picked":["Infinite Blades","Acrobatics+1"],"picked":"Sucker Punch+1","floor":10},{"not_picked":["Dagger Spray+1","Dodge and Roll+1"],"picked":"Deadly Poison+1","floor":11},{"not_picked":["Blade Dance+1","Dagger Throw+1"],"picked":"Well Laid Plans","floor":13},{"not_picked":["Distraction+1","Slice+1"],"picked":"Bouncing Flask+1","floor":14},{"not_picked":["Grand Finale+1","Die Die Die+1"],"picked":"Burst+1","floor":16},{"not_picked":["Deadly Poison+1","Heel Hook+1"],"picked":"Catalyst+1","floor":18},{"not_picked":["Acrobatics+1","Bane+1"],"picked":"Poisoned Stab+1","floor":19},{"not_picked":["Calculated Gamble+1","Dagger Spray+1"],"picked":"Backflip+1","floor":20},{"not_picked":["Eviscerate+1","Backflip+1"],"picked":"Blur+1","floor":22},{"not_picked":["Calculated Gamble+1","Dagger Spray+1"],"picked":"Deadly Poison+1","floor":23},{"not_picked":["Bane+1","Accuracy","Flying Knee+1"],"picked":"SKIP","floor":25},{"not_picked":["Unload+1","Accuracy"],"picked":"Footwork+1","floor":28},{"not_picked":["Flying Knee+1","Dagger Throw+1"],"picked":"Outmaneuver+1","floor":29},{"not_picked":["Quick Slash+1","Bane+1"],"picked":"Deadly Poison+1","floor":30},{"not_picked":["After Image","Phantasmal Killer+1"],"picked":"Doppelganger+1","floor":33},{"not_picked":["Cloak And Dagger+1","Concentrate+1"],"picked":"Deflect+1","floor":35},{"not_picked":["Dagger Spray+1","Tactician+1"],"picked":"Distraction+1","floor":36},{"not_picked":["Calculated Gamble+1","Poisoned Stab+1"],"picked":"Footwork+1","floor":38},{"not_picked":["Terror+1","Bouncing Flask+1"],"picked":"Crippling Poison+1","floor":39},{"not_picked":["Deadly Poison+1","Accuracy"],"picked":"Expertise+1","floor":41},{"not_picked":["Flying Knee+1","Deadly Poison+1"],"picked":"Acrobatics+1","floor":45},{"not_picked":["Deadly Poison+1","Dodge and Roll+1"],"picked":"Distraction+1","floor":46},{"not_picked":["Cloak And Dagger+1","All Out Attack+1"],"picked":"Night Terror+1","floor":47},{"not_picked":["Cloak And Dagger+1","Underhanded Strike+1","Poisoned Stab+1"],"picked":"Singing Bowl","floor":48}],"player_experience":627419,"relics_obtained":[{"floor":8,"key":"Toxic Egg 2"},{"floor":9,"key":"Molten Egg 2"},{"floor":10,"key":"Bird Faced Urn"},{"floor":13,"key":"The Courier"},{"floor":19,"key":"Red Mask"},{"floor":23,"key":"Snake Skull"},{"floor":25,"key":"Whetstone"},{"floor":26,"key":"Ornamental Fan"},{"floor":28,"key":"Art of War"},{"floor":36,"key":"Thread and Needle"},{"floor":37,"key":"Smiling Mask"},{"floor":43,"key":"PreservedInsect"},{"floor":45,"key":"Shuriken"},{"floor":47,"key":"Singing Bowl"}],"event_choices":[{"cards_removed":["Parasite"],"damage_healed":0,"gold_gain":0,"player_choice":"Card Removal","damage_taken":0,"max_hp_gain":0,"max_hp_loss":0,"event_name":"The Cleric","floor":3,"gold_loss":50},{"damage_healed":0,"gold_gain":0,"player_choice":"Bought 3 Potions","damage_taken":0,"max_hp_gain":0,"max_hp_loss":0,"event_name":"The Woman in Blue","floor":7,"gold_loss":0},{"damage_healed":0,"gold_gain":0,"player_choice":"Fought Bandits","damage_taken":0,"max_hp_gain":0,"max_hp_loss":0,"event_name":"Masked Bandits","floor":19,"gold_loss":0},{"damage_healed":0,"gold_gain":0,"player_choice":"Got Potions","damage_taken":0,"max_hp_gain":0,"max_hp_loss":0,"event_name":"Lab","floor":27,"gold_loss":0},{"damage_healed":0,"gold_gain":0,"player_choice":"Ignored","damage_taken":0,"max_hp_gain":0,"max_hp_loss":0,"event_name":"Vampires","floor":31,"gold_loss":0},{"damage_healed":0,"gold_gain":0,"player_choice":"Fight","damage_taken":0,"max_hp_gain":0,"max_hp_loss":0,"event_name":"MindBloom","floor":36,"gold_loss":0}],"is_beta":false,"boss_relics":[{"not_picked":["Calling Bell","White Beast Statue"],"picked":"Ectoplasm"},{"not_picked":["WristBlade","Busted Crown"],"picked":"Lizard Tail"}],"items_purged_floors":[21,44],"is_endless":false,"potions_floor_spawned":[5,8,11,13,20,22,29,30,35,39,41,47],"ascension_level":10}