{"gold_per_floor":[118,41,41,41,15,15,48,48,75,104,118,43,63,76,76,76],"floor_reached":16,"playtime":385,"items_purged":["Strike_B"],"score":223,"play_id":"c6419e0b-019b-4bec-9908-66ad44bf55dc","local_time":"20190625164636","is_ascension_mode":true,"campfire_choices":[{"data":"Defragment","floor":6,"key":"SMITH"},{"data":"Zap","floor":8,"key":"SMITH"},{"floor":15,"key":"REST"}],"neow_cost":"NONE","seed_source_timestamp":167014350125968,"circlet_count":0,"master_deck":["AscendersBane","Strike_B","Strike_B","Strike_B","Defend_B","Defend_B","Defend_B","Defend_B","Zap+1","Dualcast","Static Discharge","Defragment+1","Streamline","FTL","Gash","Go for the Eyes","Conserve Battery"],"relics":["Cracked Core","NeowsBlessing","NlothsMask","Unceasing Top","Pen Nib"],"potions_floor_usage":[10,11],"damage_taken":[{"damage":0,"enemies":"Jaw Worm","floor":1,"turns":1},{"damage":0,"enemies":"Cultist","floor":4,"turns":1},{"damage":0,"enemies":"3 Sentries","floor":7,"turns":2},{"damage":36,"enemies":"Gremlin Nob","floor":10,"turns":4},{"damage":4,"enemies":"2 Louse","floor":11,"turns":2},{"damage":0,"enemies":"2 Fungi Beasts","floor":13,"turns":2},{"damage":12,"enemies":"3 Louse","floor":14,"turns":2},{"damage":41,"enemies":"Slime Boss","floor":16,"turns":5}],"seed_played":"3904688855920466449","potions_obtained":[{"floor":1,"key":"Dexterity Potion"},{"floor":10,"key":"Swift Potion"}],"is_trial":false,"path_per_floor":["M","$","?","M","$","R","E","R","T","E","M","$","M","M","R","B"],"character_chosen":"DEFECT","items_purchased":["Defragment","Streamline"],"campfire_rested":1,"item_purchase_floors":[2,5],"current_hp_per_floor":[68,68,68,68,68,68,68,68,68,32,28,28,28,16,38,0],"gold":76,"neow_bonus":"THREE_ENEMY_KILL","is_prod":false,"is_daily":false,"chose_seed":false,"campfire_upgraded":2,"win_rate":0,"timestamp":1561491996,"path_taken":["M","$","?","M","$","R","E","R","T","E","M","?","M","M","R","BOSS"],"build_version":"2019-01-23","purchased_purges":1,"victory":false,"max_hp_per_floor":[75,75,75,75,75,75,75,75,75,75,75,75,75,75,75,75],"card_choices":[{"not_picked":["Rebound","Auto Shields"],"picked":"Static Discharge","floor":1},{"not_picked":["Steam","Consume","Storm"],"picked":"SKIP","floor":4},{"not_picked":["Sweeping Beam","Steam"],"picked":"FTL","floor":7},{"not_picked":["Conserve Battery","Ball Lightning"],"picked":"Gash","floor":10},{"not_picked":["Stack","Biased Cognition"],"picked":"Go for the Eyes","floor":11},{"not_picked":["Cold Snap","Sweeping Beam"],"picked":"Conserve Battery","floor":13},{"not_picked":["Cold Snap","Barrage","Consume"],"picked":"SKIP","floor":14}],"player_experience":1184085,"relics_obtained":[{"floor":7,"key":"Unceasing Top"},{"floor":10,"key":"Pen Nib"}],"event_choices":[{"damage_healed":0,"gold_gain":0,"player_choice":"Trade","damage_taken":0,"relics_obtained":["NlothsMask"],"max_hp_gain":0,"max_hp_loss":0,"event_name":"FaceTrader","floor":3,"gold_loss":0}],"is_beta":false,"boss_relics":[],"items_purged_floors":[12],"is_endless":false,"potions_floor_spawned":[1,10],"killed_by":"Slime Boss","ascension_level":13}