{"gold_per_floor":[217,217,168,168,15,46,46,75,102,102,113,113,113,125,125,125],"floor_reached":16,"playtime":598,"items_purged":["Strike_R"],"score":138,"play_id":"0930017f-10a3-4900-a397-ddf4bbccb853","local_time":"20190626195330","is_ascension_mode":true,"campfire_choices":[{"data":"Rampage","floor":7,"key":"SMITH"},{"data":"Spot Weakness","floor":10,"key":"SMITH"},{"data":"Bash","floor":13,"key":"SMITH"},{"data":"Twin Strike","floor":15,"key":"SMITH"}],"neow_cost":"NONE","seed_source_timestamp":239455580783913,"circlet_count":0,"master_deck":["Strike_R","Strike_R","Strike_R","Strike_R","Defend_R","Defend_R","Defend_R","Defend_R","Bash+1","Rampage+1","Shrug It Off","Spot Weakness+1","Clothesline+1","Pommel Strike","Iron Wave","Twin Strike+1"],"relics":["Burning Blood","Pen Nib","Smiling Mask","Du-Vu Doll","Blood Vial"],"potions_floor_usage":[16,16],"damage_taken":[{"damage":1,"enemies":"2 Louse","floor":1,"turns":3},{"damage":37,"enemies":"3 Sentries","floor":6,"turns":9},{"damage":12,"enemies":"Lagavulin","floor":8,"turns":5},{"damage":0,"enemies":"Jaw Worm","floor":11,"turns":3},{"damage":7,"enemies":"Small Slimes","floor":14,"turns":3},{"damage":50,"enemies":"Hexaghost","floor":16,"turns":10}],"seed_played":"-3977607304553395050","potions_obtained":[{"floor":11,"key":"PowerPotion"},{"floor":14,"key":"EssenceOfSteel"}],"is_trial":false,"path_per_floor":["M","?","$","?","$","E","R","E","T","R","M","?","R","M","R","B"],"character_chosen":"IRONCLAD","items_purchased":["Shrug It Off","Spot Weakness"],"campfire_rested":0,"item_purchase_floors":[3,5],"current_hp_per_floor":[77,82,82,75,75,44,44,38,38,38,46,46,46,47,47,0],"gold":125,"neow_bonus":"HUNDRED_GOLD","is_prod":false,"is_daily":false,"chose_seed":false,"campfire_upgraded":4,"win_rate":0,"timestamp":1561593210,"path_taken":["M","?","$","?","$","E","R","E","T","R","M","?","R","M","R","BOSS"],"build_version":"2019-01-23","purchased_purges":1,"victory":false,"max_hp_per_floor":[80,85,85,85,85,85,85,85,85,85,85,85,85,85,85,85],"card_choices":[{"not_picked":["Thunderclap","Pommel Strike"],"picked":"Rampage","floor":1},{"not_picked":["Body Slam","Barricade"],"picked":"Clothesline","floor":6},{"not_picked":["Carnage","Perfected Strike"],"picked":"Pommel Strike","floor":8},{"not_picked":["Second Wind","Seeing Red"],"picked":"Iron Wave","floor":11},{"not_picked":["Entrench","Clothesline"],"picked":"Twin Strike","floor":14}],"player_experience":173878,"relics_obtained":[{"floor":6,"key":"Smiling Mask"},{"floor":8,"key":"Du-Vu Doll"},{"floor":9,"key":"Blood Vial"}],"event_choices":[{"damage_healed":0,"gold_gain":0,"player_choice":"Donut","damage_taken":0,"max_hp_gain":5,"max_hp_loss":0,"event_name":"Big Fish","floor":2,"gold_loss":0},{"damage_healed":0,"gold_gain":0,"player_choice":"Success","damage_taken":7,"relics_obtained":["Pen Nib"],"max_hp_gain":0,"max_hp_loss":0,"event_name":"Scrap Ooze","floor":4,"gold_loss":0},{"damage_healed":0,"gold_gain":0,"player_choice":"Grow","damage_taken":0,"max_hp_gain":0,"max_hp_loss":0,"event_name":"Living Wall","floor":12,"gold_loss":0,"cards_upgraded":["Clothesline"]}],"is_beta":false,"boss_relics":[],"items_purged_floors":[5],"is_endless":false,"potions_floor_spawned":[11,14],"killed_by":"Hexaghost","ascension_level":6}