{"gold_per_floor":[114,114,114,189,116,143,154,154,223,234,253,63,88,18,18,115,115,133,113,133,58,104,104,104],"floor_reached":24,"playtime":1155,"items_purged":["Strike_B"],"score":355,"play_id":"ed51ba87-5389-4cec-93d5-f140b6265247","local_time":"20190622080521","is_ascension_mode":true,"campfire_choices":[{"data":"Sunder","floor":8,"key":"SMITH"},{"data":"Machine Learning","floor":15,"key":"SMITH"},{"floor":23,"key":"REST"}],"neow_cost":"NONE","seed_source_timestamp":406662028548617,"circlet_count":0,"master_deck":["AscendersBane","Strike_B","Strike_B","Strike_B","Defend_B","Defend_B","Defend_B","Defend_B","Zap+1","Dualcast","Cold Snap","Sunder+1","Steam","Static Discharge","Loop","Machine Learning+1","Echo Form","BootSequence","Genetic Algorithm+1","Conserve Battery+1"],"relics":["Cracked Core","NeowsBlessing","Blood Vial","Gambling Chip","Pantograph","Tiny Chest","Lantern","Centennial Puzzle","Eternal Feather","Pen Nib"],"potions_floor_usage":[10,13,16,18,24,24],"damage_taken":[{"damage":0,"enemies":"Jaw Worm","floor":1,"turns":1},{"damage":0,"enemies":"Gremlin Nob","floor":6,"turns":1},{"damage":0,"enemies":"2 Louse","floor":7,"turns":1},{"damage":0,"enemies":"Small Slimes","floor":10,"turns":2},{"damage":9,"enemies":"Red Slaver","floor":11,"turns":3},{"damage":17,"enemies":"3 Sentries","floor":13,"turns":6},{"damage":55,"enemies":"Hexaghost","floor":16,"turns":9},{"damage":15,"enemies":"Shell Parasite","floor":18,"turns":5},{"damage":16,"enemies":"2 Thieves","floor":19,"turns":4},{"damage":20,"enemies":"Centurion and Healer","floor":20,"turns":10},{"damage":67,"enemies":"Gremlin Leader","floor":24,"turns":9}],"seed_played":"-7752740122782236341","potions_obtained":[{"floor":1,"key":"Regen Potion"},{"floor":6,"key":"Energy Potion"},{"floor":10,"key":"PowerPotion"},{"floor":11,"key":"FocusPotion"},{"floor":16,"key":"SteroidPotion"},{"floor":19,"key":"Poison Potion"},{"floor":20,"key":"FocusPotion"}],"is_trial":false,"path_per_floor":["M","?","?","?","$","E","M","R","T","M","M","$","E","?","R","B",null,"M","M","M","$","T","R","E"],"character_chosen":"DEFECT","items_purchased":["Sunder","Tiny Chest","Loop"],"campfire_rested":1,"item_purchase_floors":[5,12,12],"current_hp_per_floor":[68,61,61,50,50,52,54,54,54,56,49,49,34,34,34,21,62,49,35,17,17,17,51,0],"gold":104,"neow_bonus":"THREE_ENEMY_KILL","is_prod":false,"is_daily":false,"chose_seed":false,"campfire_upgraded":2,"win_rate":0,"timestamp":1561201521,"path_taken":["M","?","?","?","$","E","M","R","T","M","?","$","E","?","R","BOSS","M","M","M","$","?","R","E"],"build_version":"2019-01-23","purchased_purges":1,"victory":false,"max_hp_per_floor":[75,75,75,75,75,75,75,75,75,75,75,75,75,75,75,75,75,75,75,75,75,75,75,75],"card_choices":[{"not_picked":["Double Energy","Hello World"],"picked":"Cold Snap","floor":1},{"not_picked":["Barrage","Fusion","Sweeping Beam"],"picked":"SKIP","floor":6},{"not_picked":["White Noise","Rebound"],"picked":"Steam","floor":7},{"not_picked":["Turbo","Sweeping Beam","Heatsinks"],"picked":"SKIP","floor":10},{"not_picked":["Stack","Coolheaded"],"picked":"Static Discharge","floor":11},{"not_picked":["Reboot","Barrage"],"picked":"Machine Learning","floor":13},{"not_picked":["Biased Cognition","Reboot"],"picked":"Echo Form","floor":16},{"not_picked":["Redo","Turbo"],"picked":"BootSequence","floor":18},{"not_picked":["Hologram","Fission"],"picked":"Genetic Algorithm+1","floor":19},{"not_picked":["Static Discharge+1","Barrage"],"picked":"Conserve Battery+1","floor":20}],"player_experience":1129824,"relics_obtained":[{"floor":6,"key":"Gambling Chip"},{"floor":9,"key":"Pantograph"},{"floor":13,"key":"Lantern"},{"floor":22,"key":"Pen Nib"}],"event_choices":[{"damage_healed":0,"gold_gain":0,"player_choice":"Success","damage_taken":7,"relics_obtained":["Blood Vial"],"max_hp_gain":0,"max_hp_loss":0,"event_name":"Scrap Ooze","floor":2,"gold_loss":0},{"damage_healed":0,"gold_gain":0,"player_choice":"Grow","damage_taken":0,"max_hp_gain":0,"max_hp_loss":0,"event_name":"Living Wall","floor":3,"gold_loss":0,"cards_upgraded":["Zap"]},{"damage_healed":0,"gold_gain":75,"player_choice":"Gather Gold","damage_taken":11,"max_hp_gain":0,"max_hp_loss":0,"event_name":"World of Goop","floor":4,"gold_loss":0},{"damage_healed":0,"gold_gain":0,"player_choice":"Paid Gold","damage_taken":0,"relics_obtained":["Centennial Puzzle"],"max_hp_gain":0,"max_hp_loss":0,"event_name":"WeMeetAgain","floor":14,"gold_loss":70}],"is_beta":false,"boss_relics":[{"not_picked":["Pandora\u0027s Box","Tiny House"],"picked":"Eternal Feather"}],"items_purged_floors":[21],"is_endless":false,"potions_floor_spawned":[1,6,10,11,16,19,20],"killed_by":"Gremlin Leader","ascension_level":11}