{"gold_per_floor":[18,33,50,67,83,112,124,134,210,210,221,221,254,239],"floor_reached":14,"playtime":628,"items_purged":[],"score":122,"play_id":"77e97094-86b5-4638-bc3b-63d1b3e9b6f3","local_time":"20190415011212","is_ascension_mode":true,"campfire_choices":[{"floor":10,"key":"REST"},{"data":"Creative AI","floor":12,"key":"SMITH"}],"neow_cost":"NO_GOLD","seed_source_timestamp":104584769111857,"circlet_count":0,"master_deck":["Strike_B","Strike_B","Strike_B","Strike_B","Defend_B","Defend_B","Defend_B","Defend_B","Zap","Dualcast","Creative AI+1","Leap","Cold Snap","Hello World","Seek","Coolheaded","Barrage+1","Undo","Hologram","Conserve Battery","Go for the Eyes+1"],"relics":["Cracked Core","Molten Egg 2","Sundial","Ancient Tea Set"],"potions_floor_usage":[6,7,8,8],"damage_taken":[{"damage":1,"enemies":"Cultist","floor":1,"turns":4},{"damage":15,"enemies":"Small Slimes","floor":2,"turns":5},{"damage":0,"enemies":"2 Louse","floor":3,"turns":2},{"damage":16,"enemies":"Exordium Thugs","floor":4,"turns":6},{"damage":6,"enemies":"Large Slime","floor":5,"turns":6},{"damage":36,"enemies":"Gremlin Nob","floor":6,"turns":7},{"damage":5,"enemies":"Blue Slaver","floor":7,"turns":4},{"damage":0,"enemies":"3 Louse","floor":8,"turns":6},{"damage":7,"enemies":"Red Slaver","floor":11,"turns":3},{"damage":25,"enemies":"3 Sentries","floor":13,"turns":5},{"damage":9,"enemies":"Looter","floor":14,"turns":1}],"seed_played":"-3083181060251634659","potions_obtained":[{"floor":4,"key":"SkillPotion"},{"floor":5,"key":"Fruit Juice"},{"floor":6,"key":"Strength Potion"},{"floor":7,"key":"Regen Potion"},{"floor":8,"key":"AttackPotion"}],"is_trial":false,"path_per_floor":["M","M","M","M","M","E","M","M","T","R","M","R","E","M"],"character_chosen":"DEFECT","items_purchased":[],"campfire_rested":1,"item_purchase_floors":[],"current_hp_per_floor":[74,59,59,43,37,1,1,16,16,40,33,33,8,0],"gold":239,"neow_bonus":"THREE_RARE_CARDS","is_prod":false,"is_daily":false,"chose_seed":false,"campfire_upgraded":1,"win_rate":0,"timestamp":1555305132,"path_taken":["M","M","M","M","?","E","M","M","T","R","M","R","E","M"],"build_version":"2019-01-23","purchased_purges":0,"victory":false,"max_hp_per_floor":[75,75,75,75,75,75,80,80,80,80,80,80,80,80],"card_choices":[{"not_picked":["Amplify","Rainbow"],"picked":"Creative AI","floor":0},{"not_picked":["Streamline","Go for the Eyes"],"picked":"Leap","floor":1},{"not_picked":["Stack","Lockon"],"picked":"Cold Snap","floor":2},{"not_picked":["Barrage","Turbo"],"picked":"Hello World","floor":3},{"not_picked":["Turbo","White Noise"],"picked":"Seek","floor":4},{"not_picked":["Sunder","Gash"],"picked":"Coolheaded","floor":5},{"not_picked":["Darkness","Compile Driver"],"picked":"Barrage","floor":6},{"not_picked":["Force Field","Chill"],"picked":"Undo","floor":7},{"not_picked":["Reinforced Body","FTL+1"],"picked":"Hologram","floor":8},{"not_picked":["Streamline+1","Turbo"],"picked":"Conserve Battery","floor":11},{"not_picked":["Seek","Steam Power"],"picked":"Go for the Eyes+1","floor":13}],"player_experience":76689,"relics_obtained":[{"floor":6,"key":"Molten Egg 2"},{"floor":9,"key":"Sundial"},{"floor":13,"key":"Ancient Tea Set"}],"event_choices":[],"is_beta":false,"boss_relics":[],"items_purged_floors":[],"is_endless":false,"potions_floor_spawned":[4,5,6,7,8],"killed_by":"Looter","ascension_level":3}