{"gold_per_floor":[116,134,134,149,149,149,479,18,18,18,31,61,13,30,30,107,107,125,49,49,49,66,66,83,182,207,207],"floor_reached":27,"playtime":857,"items_purged":[],"score":418,"play_id":"17561c30-f4f6-47e3-bcb4-30a74dbc844a","local_time":"20190624151910","is_ascension_mode":true,"campfire_choices":[{"data":"Dagger Spray","floor":6,"key":"SMITH"},{"data":"Footwork","floor":10,"key":"SMITH"},{"data":"Calculated Gamble","floor":15,"key":"SMITH"},{"floor":23,"key":"REST"}],"neow_cost":"NONE","seed_source_timestamp":273179877267799,"circlet_count":0,"master_deck":["AscendersBane","Defend_G","Defend_G","Defend_G","Defend_G","Defend_G","Strike_G","Strike_G","Strike_G","Strike_G","Strike_G","Survivor","Neutralize","Dagger Spray+1","Terror+1","Dagger Throw","Footwork+1","Calculated Gamble+1","Choke","After Image","Footwork","Shame","Dagger Throw","Dash","Parasite"],"relics":["Ring of the Snake","NeowsBlessing","Old Coin","Toy Ornithopter","Blue Candle","Matryoshka","Happy Flower","Cursed Key","Blood Vial","Toxic Egg 2","Strawberry"],"potions_floor_usage":[7,7,12,16,16,24],"damage_taken":[{"damage":0,"enemies":"Small Slimes","floor":1,"turns":1},{"damage":0,"enemies":"Cultist","floor":2,"turns":1},{"damage":0,"enemies":"2 Louse","floor":4,"turns":1},{"damage":0,"enemies":"Gremlin Nob","floor":7,"turns":1},{"damage":16,"enemies":"Exordium Thugs","floor":11,"turns":4},{"damage":16,"enemies":"3 Sentries","floor":12,"turns":8},{"damage":0,"enemies":"3 Louse","floor":14,"turns":4},{"damage":53,"enemies":"The Guardian","floor":16,"turns":17},{"damage":1,"enemies":"3 Byrds","floor":18,"turns":4},{"damage":23,"enemies":"Spheric Guardian","floor":22,"turns":6},{"damage":45,"enemies":"Chosen and Byrds","floor":24,"turns":9},{"damage":24,"enemies":"Cultist and Chosen","floor":27,"turns":4}],"seed_played":"-3826364741541059548","potions_obtained":[{"floor":1,"key":"AttackPotion"},{"floor":2,"key":"SteroidPotion"},{"floor":11,"key":"Regen Potion"},{"floor":12,"key":"GhostInAJar"},{"floor":18,"key":"PowerPotion"}],"is_trial":false,"path_per_floor":["M","M","?","M","?","R","E","$","T","R","M","E","$","M","R","B",null,"M","$","?","?","M","R","M","?","T","M"],"character_chosen":"THE_SILENT","items_purchased":["Toy Ornithopter","Blue Candle","Weak Potion","Footwork"],"campfire_rested":1,"item_purchase_floors":[8,8,13,19],"current_hp_per_floor":[59,59,59,59,59,59,59,59,59,59,43,47,47,47,47,4,51,50,50,50,50,29,48,10,10,17,0],"gold":207,"neow_bonus":"THREE_ENEMY_KILL","is_prod":false,"is_daily":false,"chose_seed":false,"campfire_upgraded":3,"win_rate":0,"timestamp":1561403950,"path_taken":["M","M","?","?","?","R","E","$","T","R","M","E","?","M","R","BOSS","M","$","?","?","M","R","M","?","T","M"],"build_version":"2019-01-23","purchased_purges":0,"victory":false,"max_hp_per_floor":[66,66,66,66,66,66,66,66,66,66,66,66,66,66,66,66,66,66,66,66,66,66,66,66,66,73,73],"card_choices":[{"not_picked":["Acrobatics","Well Laid Plans"],"picked":"Dagger Spray","floor":1},{"not_picked":["Poisoned Stab","Deadly Poison"],"picked":"Terror","floor":2},{"not_picked":["Poisoned Stab","Cloak And Dagger"],"picked":"Dagger Throw","floor":4},{"not_picked":["Die Die Die","Tactician"],"picked":"Footwork","floor":7},{"not_picked":["Underhanded Strike","Blade Dance","Accuracy"],"picked":"SKIP","floor":11},{"not_picked":["Blade Dance","Setup"],"picked":"Calculated Gamble","floor":12},{"not_picked":["Outmaneuver","Deflect"],"picked":"Choke","floor":14},{"not_picked":["Night Terror","Grand Finale"],"picked":"After Image","floor":16},{"not_picked":["Poisoned Stab","Outmaneuver","Bane"],"picked":"SKIP","floor":18},{"not_picked":["Accuracy","Prepared"],"picked":"Dagger Throw","floor":22},{"not_picked":["Catalyst","Deflect"],"picked":"Dash","floor":24}],"player_experience":1347202,"relics_obtained":[{"floor":7,"key":"Old Coin"},{"floor":9,"key":"Matryoshka"},{"floor":12,"key":"Happy Flower"},{"floor":26,"key":"Toxic Egg 2"},{"floor":26,"key":"Strawberry"}],"event_choices":[{"damage_healed":0,"gold_gain":0,"player_choice":"Upgraded","damage_taken":0,"max_hp_gain":0,"max_hp_loss":0,"event_name":"Upgrade Shrine","floor":3,"gold_loss":0,"cards_upgraded":["Terror"]},{"damage_healed":0,"gold_gain":0,"player_choice":"Got Potions","damage_taken":0,"max_hp_gain":0,"max_hp_loss":0,"event_name":"Lab","floor":5,"gold_loss":0},{"damage_healed":0,"gold_gain":0,"player_choice":"Ignored","damage_taken":0,"max_hp_gain":0,"max_hp_loss":0,"event_name":"Ghosts","floor":20,"gold_loss":0},{"damage_healed":0,"gold_gain":0,"player_choice":"Stole Relic","damage_taken":0,"relics_obtained":["Blood Vial"],"max_hp_gain":0,"max_hp_loss":0,"event_name":"Addict","floor":21,"gold_loss":0,"cards_obtained":["Shame"]},{"damage_healed":0,"gold_gain":99,"player_choice":"Stole From Cult","damage_taken":0,"max_hp_gain":0,"max_hp_loss":0,"event_name":"Nest","floor":25,"gold_loss":0}],"is_beta":false,"boss_relics":[{"not_picked":["Empty Cage","Ring of the Serpent"],"picked":"Cursed Key"}],"items_purged_floors":[],"is_endless":false,"potions_floor_spawned":[1,2,11,12,18],"killed_by":"Cultist and Chosen","ascension_level":14}