{"gold_per_floor":[115,134,148,168,179,213,232,243,243,243,322,356,356,375,375,451,451,462,493,493],"floor_reached":20,"playtime":1052,"items_purged":[],"score":351,"play_id":"aebce63f-e19d-409f-a67c-31e8685df0a3","local_time":"20190622115743","is_ascension_mode":true,"campfire_choices":[{"data":"Seeing Red","floor":10.0,"key":"SMITH"},{"floor":15.0,"key":"REST"}],"neow_cost":"NONE","seed_source_timestamp":0,"circlet_count":0,"master_deck":["AscendersBane","Strike_R","Strike_R","Strike_R","Strike_R","Strike_R+1","Defend_R","Defend_R","Defend_R","Defend_R","Bash","Sword Boomerang","Twin Strike","Flame Barrier","Heavy Blade+1","Perfected Strike","Demon Form","Thunderclap","Seeing Red+1","Headbutt","Flex","Double Tap","Havoc+1"],"special_seed":0,"relics":["Burning Blood","NeowsBlessing","Orichalcum","Centennial Puzzle","Anchor","Fusion Hammer","Red Mask"],"potions_floor_usage":[19,19],"damage_taken":[{"damage":0.0,"enemies":"Jaw Worm","floor":1.0,"turns":1.0},{"damage":0.0,"enemies":"2 Louse","floor":2.0,"turns":1.0},{"damage":0.0,"enemies":"Small Slimes","floor":3.0,"turns":1.0},{"damage":12.0,"enemies":"3 Louse","floor":4.0,"turns":3.0},{"damage":14.0,"enemies":"Looter","floor":5.0,"turns":4.0},{"damage":33.0,"enemies":"3 Sentries","floor":6.0,"turns":9.0},{"damage":1.0,"enemies":"Large Slime","floor":7.0,"turns":6.0},{"damage":2.0,"enemies":"Exordium Wildlife","floor":8.0,"turns":3.0},{"damage":14.0,"enemies":"Lagavulin","floor":12.0,"turns":4.0},{"damage":1.0,"enemies":"Looter","floor":14.0,"turns":2.0},{"damage":27.0,"enemies":"Hexaghost","floor":16.0,"turns":7.0},{"damage":12.0,"enemies":"Shell Parasite","floor":18.0,"turns":3.0},{"damage":56,"enemies":"Masked Bandits","floor":19,"turns":5},{"damage":19,"enemies":"Spheric Guardian","floor":20,"turns":3}],"seed_played":"6903103703212247886","potions_obtained":[{"floor":2.0,"key":"SpeedPotion"},{"floor":4.0,"key":"SpeedPotion"},{"floor":5.0,"key":"SkillPotion"},{"floor":7.0,"key":"Swift Potion"},{"floor":8.0,"key":"Strength Potion"},{"floor":16.0,"key":"Dexterity Potion"}],"is_trial":false,"path_per_floor":["M","M","M","M","M","E","M","M","T","R","?","E","?","M","R","B",null,"M","?","M"],"character_chosen":"IRONCLAD","items_purchased":[],"campfire_rested":1,"item_purchase_floors":[],"current_hp_per_floor":[78,80,80,74,66,39,44,48,48,48,48,40,24,29,53,32,68,62,12,0],"gold":493,"neow_bonus":"THREE_ENEMY_KILL","is_prod":false,"is_daily":false,"chose_seed":false,"campfire_upgraded":1,"win_rate":0,"timestamp":1561219063,"path_taken":["M","M","M","M","M","E","M","M","T","R","?","E","?","M","R","BOSS","M","?","M"],"build_version":"2019-01-23","purchased_purges":0,"victory":false,"max_hp_per_floor":[80,80,80,80,80,80,80,80,80,80,80,80,80,80,80,80,80,80,80,80],"card_choices":[{"not_picked":["Clash","Shockwave"],"picked":"Sword Boomerang","floor":1.0},{"not_picked":["Offering","Sword Boomerang"],"picked":"Twin Strike","floor":2.0},{"not_picked":["Flex","Thunderclap"],"picked":"Flame Barrier","floor":3.0},{"not_picked":["Warcry","Reckless Charge"],"picked":"Heavy Blade","floor":4.0},{"not_picked":["Pommel Strike","True Grit"],"picked":"Perfected Strike","floor":5.0},{"not_picked":["Seeing Red","Entrench"],"picked":"Demon Form","floor":6.0},{"not_picked":["Rupture","Heavy Blade"],"picked":"Thunderclap","floor":7.0},{"not_picked":["Armaments","Sword Boomerang"],"picked":"Seeing Red","floor":8.0},{"not_picked":["Exhume","Warcry"],"picked":"Headbutt","floor":12.0},{"not_picked":["Clothesline","Intimidate"],"picked":"Flex","floor":14.0},{"not_picked":["Immolate","Barricade"],"picked":"Double Tap","floor":16.0},{"not_picked":["Rupture","Evolve+1"],"picked":"Havoc+1","floor":18.0}],"player_experience":318809,"relics_obtained":[{"floor":6.0,"key":"Orichalcum"},{"floor":9.0,"key":"Centennial Puzzle"},{"floor":12.0,"key":"Anchor"},{"floor":19,"key":"Red Mask"}],"event_choices":[{"damage_healed":0.0,"max_hp_gain":0.0,"max_hp_loss":0.0,"gold_gain":79.0,"event_name":"Golden Wing","player_choice":"Gained Gold","floor":11.0,"gold_loss":0.0,"damage_taken":0.0},{"damage_healed":0.0,"max_hp_gain":0.0,"max_hp_loss":0.0,"gold_gain":0.0,"event_name":"Shining Light","player_choice":"Entered Light","floor":13.0,"gold_loss":0.0,"damage_taken":16.0,"cards_upgraded":["Heavy Blade","Strike_R"]},{"damage_healed":0,"gold_gain":0,"player_choice":"Fought Bandits","damage_taken":0,"max_hp_gain":0,"max_hp_loss":0,"event_name":"Masked Bandits","floor":19,"gold_loss":0}],"is_beta":false,"boss_relics":[{"not_picked":["Ectoplasm","Black Blood"],"picked":"Fusion Hammer"}],"items_purged_floors":[],"is_endless":false,"potions_floor_spawned":[2,4,5,7,8,16],"killed_by":"Spheric Guardian","ascension_level":13}