{"gold_per_floor":[109,129,6,26,26,26,45,75,75,94,109,109,109,144,144,223,223,241,241,257,81,92,122,142,142,142,142,157,157,173,205,205,282,282,301,317,70,70],"floor_reached":38,"playtime":35192,"items_purged":["Decay","Strike_G"],"score":714,"play_id":"d4a2dce1-85a0-4d70-9697-b34efcae29fb","local_time":"20190625065323","is_ascension_mode":true,"campfire_choices":[{"data":"Outmaneuver","floor":6,"key":"SMITH"},{"floor":12,"key":"REST"},{"floor":15,"key":"REST"},{"floor":25,"key":"REST"},{"floor":27,"key":"REST"},{"floor":29,"key":"REST"},{"floor":32,"key":"REST"}],"neow_cost":"CURSE","seed_source_timestamp":294702095187700,"circlet_count":0,"master_deck":["AscendersBane","Defend_G","Defend_G","Defend_G","Defend_G","Defend_G","Strike_G","Strike_G","Strike_G","Survivor","Neutralize","Terror","Dagger Spray","Outmaneuver+1","Footwork","Poisoned Stab","Slice","Unload","Backstab+1","Doppelganger","Dagger Spray+1","Noxious Fumes","Quick Slash+1","Dagger Spray+1","Doppelganger","Prepared","Crippling Poison","Slice+1","Skewer+1","Bullet Time","Bane+1","Sucker Punch+1"],"relics":["Ring of the Serpent","Dead Branch","Thread and Needle","Shuriken","Molten Egg 2","Sundial","Bag of Marbles","Red Mask","Busted Crown","Toxic Egg 2"],"potions_floor_usage":[7,8,11,16,18,22,22,23,28,35,38],"damage_taken":[{"damage":10,"enemies":"Jaw Worm","floor":1,"turns":5},{"damage":10,"enemies":"Cultist","floor":2,"turns":4},{"damage":1,"enemies":"Small Slimes","floor":4,"turns":5},{"damage":4,"enemies":"Red Slaver","floor":7,"turns":3},{"damage":25,"enemies":"3 Sentries","floor":8,"turns":8},{"damage":2,"enemies":"2 Fungi Beasts","floor":10,"turns":3},{"damage":0,"enemies":"Large Slime","floor":11,"turns":3},{"damage":15,"enemies":"Gremlin Nob","floor":14,"turns":4},{"damage":21,"enemies":"Slime Boss","floor":16,"turns":9},{"damage":3,"enemies":"3 Byrds","floor":18,"turns":4},{"damage":30,"enemies":"Spheric Guardian","floor":20,"turns":6},{"damage":8,"enemies":"Shelled Parasite and Fungi","floor":22,"turns":6},{"damage":15,"enemies":"Book of Stabbing","floor":23,"turns":6},{"damage":5,"enemies":"Centurion and Healer","floor":24,"turns":5},{"damage":14,"enemies":"Snecko","floor":28,"turns":4},{"damage":12,"enemies":"Snake Plant","floor":30,"turns":5},{"damage":8,"enemies":"Masked Bandits","floor":31,"turns":4},{"damage":43,"enemies":"Champ","floor":33,"turns":13},{"damage":12,"enemies":"3 Darklings","floor":35,"turns":5},{"damage":21,"enemies":"3 Shapes","floor":36,"turns":4},{"damage":25,"enemies":"Spire Growth","floor":38,"turns":3}],"seed_played":"2223424816445588162","potions_obtained":[{"floor":2,"key":"Poison Potion"},{"floor":10,"key":"AttackPotion"},{"floor":14,"key":"Weak Potion"},{"floor":16,"key":"Explosive Potion"},{"floor":20,"key":"Block Potion"},{"floor":22,"key":"PowerPotion"},{"floor":24,"key":"Weak Potion"},{"floor":33,"key":"Block Potion"},{"floor":35,"key":"PowerPotion"}],"is_trial":false,"path_per_floor":["M","M","$","M","?","R","M","E","T","M","M","R","?","E","R","B",null,"M","?","M","$","M","E","M","R","T","R","M","R","M","?","R","B",null,"M","M","$","M"],"character_chosen":"THE_SILENT","items_purchased":["Explosive Potion","Regen Potion","Toxic Egg 2"],"campfire_rested":6,"item_purchase_floors":[3,21,37],"current_hp_per_floor":[49,39,39,38,38,38,34,9,9,7,7,26,26,11,30,9,52,49,49,19,19,26,11,6,25,25,44,30,49,37,29,48,5,51,39,18,18,0],"gold":70,"neow_bonus":"ONE_RARE_RELIC","is_prod":false,"is_daily":false,"chose_seed":false,"campfire_upgraded":1,"win_rate":0,"timestamp":1561460003,"path_taken":["M","M","$","M","?","R","M","E","T","M","M","R","?","E","R","BOSS","M","?","M","$","?","E","M","R","T","R","M","R","M","?","R","BOSS","M","M","$","M"],"build_version":"2019-01-23","purchased_purges":2,"victory":false,"max_hp_per_floor":[66,66,66,66,66,66,66,66,66,66,66,66,66,66,66,66,66,66,66,66,66,66,66,66,66,66,66,66,66,66,66,66,66,66,66,66,66,66],"card_choices":[{"not_picked":["Riddle With Holes","Outmaneuver"],"picked":"Terror","floor":1},{"not_picked":["Accuracy","Expertise"],"picked":"Dagger Spray","floor":2},{"not_picked":["Dodge and Roll","Deadly Poison"],"picked":"Outmaneuver","floor":4},{"not_picked":["Dagger Throw","Prepared"],"picked":"Footwork","floor":7},{"not_picked":["Accuracy","Terror"],"picked":"Poisoned Stab","floor":8},{"not_picked":["Riddle With Holes","Dagger Throw"],"picked":"Slice","floor":10},{"not_picked":["Outmaneuver","Concentrate"],"picked":"Unload","floor":11},{"not_picked":["Bane","Slice"],"picked":"Backstab","floor":14},{"not_picked":["Phantasmal Killer","Night Terror"],"picked":"Doppelganger","floor":16},{"not_picked":["All Out Attack+1","Quick Slash+1"],"picked":"Dagger Spray+1","floor":18},{"not_picked":["Wraith Form v2","Blade Dance+1"],"picked":"Quick Slash+1","floor":20},{"not_picked":["Poisoned Stab+1","All Out Attack+1"],"picked":"Dagger Spray+1","floor":22},{"not_picked":["Underhanded Strike+1","Dagger Spray+1"],"picked":"Doppelganger","floor":23},{"not_picked":["Accuracy","Infinite Blades"],"picked":"Prepared","floor":24},{"not_picked":["PiercingWail","Escape Plan"],"picked":"Crippling Poison","floor":28},{"not_picked":["Deflect","Crippling Poison"],"picked":"Slice+1","floor":30},{"not_picked":["PiercingWail","Dodge and Roll"],"picked":"Skewer+1","floor":31},{"not_picked":["Venomology","Corpse Explosion"],"picked":"Bullet Time","floor":33},{"not_picked":[],"picked":"Bane+1","floor":35},{"not_picked":[],"picked":"Sucker Punch+1","floor":36}],"player_experience":1361421,"relics_obtained":[{"floor":8,"key":"Thread and Needle"},{"floor":9,"key":"Shuriken"},{"floor":14,"key":"Molten Egg 2"},{"floor":23,"key":"Sundial"},{"floor":26,"key":"Bag of Marbles"},{"floor":31,"key":"Red Mask"}],"event_choices":[{"damage_healed":0,"gold_gain":0,"player_choice":"Fled","damage_taken":0,"max_hp_gain":0,"max_hp_loss":0,"event_name":"Scrap Ooze","floor":5,"gold_loss":0},{"damage_healed":0,"gold_gain":0,"player_choice":"Ignored","damage_taken":0,"max_hp_gain":0,"max_hp_loss":0,"event_name":"Liars Game","floor":13,"gold_loss":0},{"damage_healed":0,"gold_gain":0,"cards_transformed":["Strike_G"],"player_choice":"Transformed","damage_taken":0,"max_hp_gain":0,"max_hp_loss":0,"event_name":"Transmorgrifier","floor":19,"gold_loss":0,"cards_obtained":["Noxious Fumes"]},{"damage_healed":0,"gold_gain":0,"player_choice":"Fought Bandits","damage_taken":0,"max_hp_gain":0,"max_hp_loss":0,"event_name":"Masked Bandits","floor":31,"gold_loss":0}],"is_beta":false,"boss_relics":[{"not_picked":["Philosopher\u0027s Stone","HoveringKite"],"picked":"Ring of the Serpent"},{"not_picked":["Cursed Key","Pandora\u0027s Box"],"picked":"Busted Crown"}],"items_purged_floors":[3,21],"is_endless":false,"potions_floor_spawned":[2,10,14,16,20,22,24,33,35],"killed_by":"Spire Growth","ascension_level":15}