{"gold_per_floor":[116,116,116,141,157,196,196,196,196,240,205,238,261,284,284,405,468,481,368,402,501,501,571,571,586,586,601,617,655,655,674,674,799,799,819,819,819,840,840,840,861,884,884,923,923,923,288,82,82,82],"floor_reached":51,"playtime":38423,"items_purged":["Injury","Strike_B","Strike_B"],"score":808,"play_id":"098c0d80-f38c-4d1d-9646-3303363a27fb","local_time":"20190610071432","is_ascension_mode":true,"campfire_choices":[{"data":"Redo","floor":7,"key":"SMITH"},{"floor":15,"key":"REST"},{"data":"Defragment","floor":24,"key":"SMITH"},{"floor":30,"key":"REST"},{"floor":32,"key":"REST"},{"data":"Dualcast","floor":40,"key":"SMITH"},{"data":"Capacitor","floor":46,"key":"SMITH"},{"data":"Loop","floor":49,"key":"SMITH"}],"neow_cost":"NONE","seed_source_timestamp":272372842508991,"circlet_count":0,"master_deck":["Strike_B+1","Defend_B","Defend_B","Defend_B","Defend_B","Zap","Dualcast+1","Electrodynamics","Conserve Battery","Static Discharge","Redo+1","Conserve Battery","Coolheaded","Thunder Strike","Capacitor+1","Defragment+1","Turbo","Glacier+1","Redo+1","Madness","Madness","Barrage","Blizzard","Loop+1","Loop"],"relics":["Cracked Core","Golden Idol","Mummified Hand","Blood Vial","DataDisk","Art of War","Bronze Scales","Strawberry","Tiny House","Red Mask","Tiny Chest","Centennial Puzzle","Lantern","Runic Pyramid","Meat on the Bone","Happy Flower","Regal Pillow","Bag of Preparation","Incense Burner"],"potions_floor_usage":[12,16,22,29,41,44,50],"damage_taken":[{"damage":0,"enemies":"Cultist","floor":1,"turns":3},{"damage":0,"enemies":"Small Slimes","floor":4,"turns":2},{"damage":7,"enemies":"2 Louse","floor":5,"turns":2},{"damage":18,"enemies":"3 Sentries","floor":6,"turns":4},{"damage":13,"enemies":"Gremlin Nob","floor":10,"turns":3},{"damage":25,"enemies":"Lagavulin","floor":12,"turns":5},{"damage":0,"enemies":"Looter","floor":14,"turns":2},{"damage":9,"enemies":"The Guardian","floor":16,"turns":9},{"damage":6,"enemies":"Spheric Guardian","floor":18,"turns":3},{"damage":7,"enemies":"Masked Bandits","floor":20,"turns":2},{"damage":39,"enemies":"Slavers","floor":23,"turns":6},{"damage":15,"enemies":"Shell Parasite","floor":25,"turns":5},{"damage":16,"enemies":"Shelled Parasite and Fungi","floor":27,"turns":4},{"damage":0,"enemies":"Centurion and Healer","floor":28,"turns":3},{"damage":9,"enemies":"Book of Stabbing","floor":29,"turns":5},{"damage":20,"enemies":"Snake Plant","floor":31,"turns":3},{"damage":40,"enemies":"Champ","floor":33,"turns":13},{"damage":17,"enemies":"3 Darklings","floor":35,"turns":4},{"damage":6,"enemies":"Orb Walker","floor":38,"turns":4},{"damage":2,"enemies":"Transient","floor":41,"turns":5},{"damage":3,"enemies":"Spire Growth","floor":42,"turns":6},{"damage":62,"enemies":"Giant Head","floor":44,"turns":11},{"damage":41,"enemies":"Time Eater","floor":50,"turns":10}],"seed_played":"-3688195958440338279","potions_obtained":[{"floor":4,"key":"AttackPotion"},{"floor":10,"key":"SteroidPotion"},{"floor":12,"key":"Weak Potion"},{"floor":14,"key":"Fire Potion"},{"floor":17,"key":"FairyPotion"},{"floor":18,"key":"Energy Potion"},{"floor":22,"key":"Fruit Juice"},{"floor":22,"key":"EssenceOfSteel"},{"floor":31,"key":"FocusPotion"},{"floor":41,"key":"Swift Potion"}],"is_trial":false,"path_per_floor":["M","?","?","M","M","E","R","?","T","E","?","E","T","M","R","B",null,"M","$","?","?","?","E","R","M","T","M","M","E","R","M","R","B",null,"M","T","?","M","?","R","M","M","T","E","?","R","$","$","R","B",null],"character_chosen":"DEFECT","items_purchased":["Defragment","Loop","Bag of Preparation","Incense Burner","Loop"],"campfire_rested":3,"item_purchase_floors":[19,47,47,47,48],"current_hp_per_floor":[75,75,75,75,68,50,50,43,43,32,50,27,34,36,60,53,87,81,81,76,76,81,44,44,31,31,17,19,12,39,21,48,10,92,75,75,75,71,59,59,59,58,58,21,80,80,80,80,80,51],"gold":82,"neow_bonus":"ONE_RANDOM_RARE_CARD","is_prod":false,"is_daily":false,"chose_seed":false,"campfire_upgraded":5,"win_rate":0,"timestamp":1560168872,"path_taken":["M","?","?","M","?","E","R","?","T","E","?","E","?","M","R","BOSS","M","$","?","?","?","E","R","M","T","?","M","E","R","M","R","BOSS","M","?","?","M","?","R","M","M","T","E","?","R","?","$","R","BOSS"],"build_version":"2019-01-23","purchased_purges":3,"victory":true,"max_hp_per_floor":[75,75,75,75,75,75,75,75,75,75,75,75,82,82,82,82,87,87,87,87,87,92,92,92,92,92,92,92,92,92,92,92,92,92,92,92,92,92,92,92,92,92,92,92,80,80,80,80,80,80],"card_choices":[{"not_picked":["Cold Snap","Streamline"],"picked":"Conserve Battery","floor":1},{"not_picked":["Leap","Doom and Gloom"],"picked":"Static Discharge","floor":4},{"not_picked":["Melter","Streamline","Ball Lightning"],"picked":"SKIP","floor":5},{"not_picked":["Seek","Heatsinks"],"picked":"Redo","floor":6},{"not_picked":["Ball Lightning","Rip and Tear"],"picked":"Conserve Battery","floor":10},{"not_picked":["Redo","Streamline"],"picked":"Coolheaded","floor":12},{"not_picked":["Go for the Eyes","Conserve Battery","Leap"],"picked":"SKIP","floor":14},{"not_picked":["Buffer","Echo Form"],"picked":"Thunder Strike","floor":16},{"not_picked":["Compile Driver","Reinforced Body"],"picked":"Capacitor","floor":17},{"not_picked":["Recycle+1","Streamline","Beam Cell+1"],"picked":"SKIP","floor":18},{"not_picked":["Rebound","Chill"],"picked":"Turbo","floor":20},{"not_picked":["Blizzard+1","Gash+1","Genetic Algorithm"],"picked":"SKIP","floor":23},{"not_picked":["Leap","Turbo+1","Auto Shields"],"picked":"SKIP","floor":25},{"not_picked":["Consume","Beam Cell","Leap"],"picked":"SKIP","floor":27},{"not_picked":["Aggregate+1","Reprogram+1"],"picked":"Glacier+1","floor":28},{"not_picked":["Skim","Meteor Strike","Coolheaded"],"picked":"SKIP","floor":29},{"not_picked":["Reprogram","Recycle","Compile Driver"],"picked":"SKIP","floor":31},{"not_picked":["Steam","Stack","Rebound"],"picked":"SKIP","floor":35},{"not_picked":["Auto Shields+1","Gash+1"],"picked":"Redo+1","floor":38},{"not_picked":["Gash","Genetic Algorithm+1"],"picked":"Barrage","floor":41},{"not_picked":["Redo+1","Doom and Gloom","Streamline+1"],"picked":"SKIP","floor":42},{"not_picked":["Reinforced Body+1","Doom and Gloom"],"picked":"Blizzard","floor":44}],"player_experience":146190,"relics_obtained":[{"floor":6,"key":"Mummified Hand"},{"floor":9,"key":"DataDisk"},{"floor":10,"key":"Art of War"},{"floor":12,"key":"Bronze Scales"},{"floor":13,"key":"Strawberry"},{"floor":20,"key":"Red Mask"},{"floor":23,"key":"Tiny Chest"},{"floor":26,"key":"Centennial Puzzle"},{"floor":29,"key":"Lantern"},{"floor":36,"key":"Meat on the Bone"},{"floor":43,"key":"Happy Flower"},{"floor":44,"key":"Regal Pillow"}],"event_choices":[{"damage_healed":0,"gold_gain":0,"player_choice":"Take Wound","damage_taken":0,"relics_obtained":["Golden Idol"],"max_hp_gain":0,"max_hp_loss":0,"event_name":"Golden Idol","floor":2,"gold_loss":0,"cards_obtained":["Injury"]},{"damage_healed":0,"gold_gain":0,"player_choice":"Bought 0 Potions","damage_taken":0,"max_hp_gain":0,"max_hp_loss":0,"event_name":"The Woman in Blue","floor":3,"gold_loss":0},{"damage_healed":0,"gold_gain":0,"player_choice":"Success","damage_taken":7,"relics_obtained":["Blood Vial"],"max_hp_gain":0,"max_hp_loss":0,"event_name":"Scrap Ooze","floor":8,"gold_loss":0},{"damage_healed":18,"gold_gain":0,"player_choice":"Healed","damage_taken":0,"max_hp_gain":0,"max_hp_loss":0,"event_name":"The Cleric","floor":11,"gold_loss":35},{"damage_healed":0,"gold_gain":0,"player_choice":"Fought Bandits","damage_taken":0,"max_hp_gain":0,"max_hp_loss":0,"event_name":"Masked Bandits","floor":20,"gold_loss":0},{"damage_healed":0,"gold_gain":99,"player_choice":"Stole From Cult","damage_taken":0,"max_hp_gain":0,"max_hp_loss":0,"event_name":"Nest","floor":21,"gold_loss":0},{"damage_healed":0,"gold_gain":0,"player_choice":"Got Potions","damage_taken":0,"max_hp_gain":0,"max_hp_loss":0,"event_name":"Lab","floor":22,"gold_loss":0},{"cards_removed":["Strike_B"],"damage_healed":0,"gold_gain":0,"player_choice":"Removed Attack","damage_taken":0,"max_hp_gain":0,"max_hp_loss":0,"event_name":"Falling","floor":37,"gold_loss":0},{"damage_healed":0,"gold_gain":0,"player_choice":"Embrace Madness","damage_taken":12,"max_hp_gain":0,"max_hp_loss":0,"event_name":"Winding Halls","floor":39,"gold_loss":0,"cards_obtained":["Madness","Madness"]},{"damage_healed":80,"gold_gain":0,"player_choice":"Heal","damage_taken":0,"max_hp_gain":0,"max_hp_loss":12,"event_name":"The Moai Head","floor":45,"gold_loss":0}],"is_beta":false,"boss_relics":[{"not_picked":["Runic Dome","Cursed Key"],"picked":"Tiny House"},{"not_picked":["Fusion Hammer","Snecko Eye"],"picked":"Runic Pyramid"}],"items_purged_floors":[19,47,48],"is_endless":false,"potions_floor_spawned":[4,10,12,14,18,28,31,41,42],"ascension_level":3}