{"gold_per_floor":[109,127,127,144,163,195,195,208,287,317,20,20],"floor_reached":12,"playtime":797,"items_purged":["Strike_G"],"score":144,"play_id":"01b6f33d-a97f-4a65-be5d-88e662971a22","local_time":"20190624164841","is_ascension_mode":true,"campfire_choices":[{"floor":7,"key":"REST"}],"neow_cost":"NONE","seed_source_timestamp":240418875585657,"circlet_count":0,"master_deck":["AscendersBane","Defend_G","Defend_G","Defend_G","Defend_G","Defend_G","Strike_G","Strike_G","Strike_G","Strike_G","Survivor","Neutralize","Die Die Die","Setup","Deadly Poison","Dagger Spray","Dash","Masterful Stab","Deflect","Good Instincts","Crippling Poison"],"relics":["Ring of the Snake","Mercury Hourglass","Dodecahedron","Dead Branch"],"potions_floor_usage":[6,10,12,12],"damage_taken":[{"damage":0,"enemies":"2 Louse","floor":1,"turns":1},{"damage":1,"enemies":"Cultist","floor":2,"turns":4},{"damage":8,"enemies":"Small Slimes","floor":4,"turns":3},{"damage":3,"enemies":"Looter","floor":5,"turns":3},{"damage":32,"enemies":"Lagavulin","floor":6,"turns":8},{"damage":7,"enemies":"Exordium Thugs","floor":8,"turns":4},{"damage":7,"enemies":"3 Sentries","floor":10,"turns":4},{"damage":40,"enemies":"Lagavulin","floor":12,"turns":6}],"seed_played":"3015283222211538379","potions_obtained":[{"floor":1,"key":"LiquidBronze"},{"floor":2,"key":"Explosive Potion"},{"floor":10,"key":"Fruit Juice"}],"is_trial":false,"path_per_floor":["M","M","?","M","M","E","R","M","T","E","$","E"],"character_chosen":"THE_SILENT","items_purchased":["Good Instincts","SteroidPotion","Crippling Poison"],"campfire_rested":1,"item_purchase_floors":[11,11,11],"current_hp_per_floor":[63,62,62,54,51,19,40,33,33,26,26,0],"gold":20,"neow_bonus":"ONE_RANDOM_RARE_CARD","is_prod":false,"is_daily":false,"chose_seed":false,"campfire_upgraded":0,"win_rate":0,"timestamp":1561409321,"path_taken":["M","M","?","?","M","E","R","M","T","E","$","E"],"build_version":"2019-01-23","purchased_purges":1,"victory":false,"max_hp_per_floor":[70,70,70,70,70,70,70,70,70,70,70,75],"card_choices":[{"not_picked":["Bane","Tactician"],"picked":"Setup","floor":1},{"not_picked":["Tactician","Bane"],"picked":"Deadly Poison","floor":2},{"not_picked":["Quick Slash","Dagger Throw","Blade Dance"],"picked":"SKIP","floor":4},{"not_picked":["Quick Slash","Prepared"],"picked":"Dagger Spray","floor":5},{"not_picked":["Sucker Punch","Deflect","Dash"],"picked":"SKIP","floor":6},{"not_picked":["Sucker Punch","Deflect"],"picked":"Dash","floor":6},{"not_picked":["Sucker Punch","Deadly Poison"],"picked":"Masterful Stab","floor":8},{"not_picked":["Eviscerate","Phantasmal Killer"],"picked":"Deflect","floor":10}],"player_experience":656643,"relics_obtained":[{"floor":6,"key":"Mercury Hourglass"},{"floor":9,"key":"Dodecahedron"},{"floor":10,"key":"Dead Branch"}],"event_choices":[{"damage_healed":0,"gold_gain":0,"player_choice":"Bought 0 Potions","damage_taken":0,"max_hp_gain":0,"max_hp_loss":0,"event_name":"The Woman in Blue","floor":3,"gold_loss":0}],"is_beta":false,"boss_relics":[],"items_purged_floors":[11],"is_endless":false,"potions_floor_spawned":[1,2,10],"killed_by":"Lagavulin","ascension_level":12}