{"gold_per_floor":[116,116,116,135,154,185,185,185,185,185,185,204,204,204,204,309,309,329,187,286,306,320,320,320],"floor_reached":24,"playtime":1075,"items_purged":["Strike_B"],"score":255,"play_id":"9face68d-27de-4948-88ac-69c735ee9b6f","local_time":"20190530202840","is_ascension_mode":true,"campfire_choices":[{"floor":8,"key":"REST"},{"floor":11,"key":"REST"},{"data":"Zap","floor":15,"key":"SMITH"},{"floor":23,"key":"REST"}],"neow_cost":"NONE","seed_source_timestamp":205018555576048,"circlet_count":0,"master_deck":["Strike_B","Strike_B","Defend_B","Defend_B","Defend_B","Defend_B","Zap+1","Dualcast","Conserve Battery","Redo","Cold Snap","Loop+1","Creative AI","Conserve Battery","White Noise","Steam+1","BootSequence"],"relics":["Cracked Core","NeowsBlessing","WarpedTongs","Dodecahedron","Kunai","Spirit Poop","Mango","Inserter"],"potions_floor_usage":[16,22,22,22],"damage_taken":[{"damage":0,"enemies":"Jaw Worm","floor":1,"turns":1},{"damage":1,"enemies":"2 Louse","floor":4,"turns":1},{"damage":0,"enemies":"Cultist","floor":5,"turns":1},{"damage":63,"enemies":"Gremlin Nob","floor":6,"turns":5},{"damage":0,"enemies":"3 Louse","floor":12,"turns":2},{"damage":0,"enemies":"The Guardian","floor":16,"turns":9},{"damage":19,"enemies":"Shell Parasite","floor":18,"turns":6},{"damage":22,"enemies":"Spheric Guardian","floor":21,"turns":6},{"damage":39,"enemies":"3 Cultists","floor":22,"turns":8},{"damage":41,"enemies":"Slavers","floor":24,"turns":5}],"seed_played":"-1427267656992517252","potions_obtained":[{"floor":6,"key":"SteroidPotion"},{"floor":12,"key":"FocusPotion"},{"floor":16,"key":"Dexterity Potion"},{"floor":21,"key":"FocusPotion"},{"floor":22,"key":"SteroidPotion"}],"is_trial":false,"path_per_floor":["M","?","?","M","M","E","?","R","T","?","R","M","T","?","R","B",null,"M","$","?","M","M","R","E"],"character_chosen":"DEFECT","items_purchased":["White Noise"],"campfire_rested":3,"item_purchase_floors":[19],"current_hp_per_floor":[75,68,68,67,67,4,4,26,26,26,48,48,62,62,62,62,89,70,70,70,48,9,35,0],"gold":320,"neow_bonus":"THREE_ENEMY_KILL","is_prod":false,"is_daily":false,"chose_seed":false,"campfire_upgraded":1,"win_rate":0,"timestamp":1559266120,"path_taken":["M","?","?","M","?","E","?","R","T","?","R","?","?","?","R","BOSS","M","$","?","M","M","R","E"],"build_version":"2019-01-23","purchased_purges":1,"victory":false,"max_hp_per_floor":[75,75,75,75,75,75,75,75,75,75,75,75,89,89,89,89,89,89,89,89,89,89,89,89],"card_choices":[{"not_picked":["Turbo","Leap"],"picked":"Conserve Battery","floor":1},{"not_picked":["Compile Driver","Storm"],"picked":"Redo","floor":4},{"not_picked":["Steam Power","Go for the Eyes"],"picked":"Cold Snap","floor":5},{"not_picked":["Redo","Streamline","Beam Cell"],"picked":"SKIP","floor":6},{"not_picked":["Barrage","Fusion"],"picked":"Loop","floor":12},{"not_picked":["Thunder Strike","Electrodynamics"],"picked":"Creative AI","floor":16},{"not_picked":["Cold Snap","Gash+1"],"picked":"Conserve Battery","floor":18},{"not_picked":["Streamline","Gash+1"],"picked":"Steam+1","floor":21},{"not_picked":["Darkness","Coolheaded+1"],"picked":"BootSequence","floor":22}],"player_experience":33098,"relics_obtained":[{"floor":6,"key":"Dodecahedron"},{"floor":9,"key":"Kunai"},{"floor":13,"key":"Mango"}],"event_choices":[{"cards_removed":["Strike_B"],"damage_healed":0,"gold_gain":0,"player_choice":"Card Removal","damage_taken":7,"max_hp_gain":0,"max_hp_loss":0,"event_name":"Golden Wing","floor":2,"gold_loss":0},{"damage_healed":0,"gold_gain":0,"player_choice":"Rummage","damage_taken":0,"relics_obtained":["WarpedTongs"],"max_hp_gain":0,"max_hp_loss":0,"event_name":"Accursed Blacksmith","floor":3,"gold_loss":0,"cards_obtained":["Pain"]},{"damage_healed":0,"gold_gain":0,"player_choice":"Ignored","damage_taken":0,"max_hp_gain":0,"max_hp_loss":0,"event_name":"Shining Light","floor":7,"gold_loss":0},{"cards_removed":["Pain"],"damage_healed":0,"gold_gain":0,"player_choice":"Offered Curse","damage_taken":0,"relics_obtained":["Spirit Poop"],"max_hp_gain":0,"max_hp_loss":0,"event_name":"Bonfire Elementals","floor":10,"gold_loss":0},{"damage_healed":0,"gold_gain":0,"player_choice":"Upgraded","damage_taken":0,"max_hp_gain":0,"max_hp_loss":0,"event_name":"Upgrade Shrine","floor":14,"gold_loss":0,"cards_upgraded":["Loop"]},{"damage_healed":0,"gold_gain":99,"player_choice":"Stole From Cult","damage_taken":0,"max_hp_gain":0,"max_hp_loss":0,"event_name":"Nest","floor":20,"gold_loss":0}],"is_beta":false,"boss_relics":[{"not_picked":["Philosopher\u0027s Stone","Lizard Tail"],"picked":"Inserter"}],"items_purged_floors":[19],"is_endless":false,"potions_floor_spawned":[6,12,16,21,22],"killed_by":"Slavers","ascension_level":1}