{"gold_per_floor":[109,209,85,85,100,100,130,144,167,242,257,289,289,315,315,412,412,423,333,343,343],"floor_reached":21,"playtime":752,"items_purged":["Strike_R"],"score":233,"play_id":"2a741f0c-f4d1-428c-a14e-10d4256abecb","local_time":"20190604171354","is_ascension_mode":true,"campfire_choices":[{"data":"Body Slam","floor":6.0,"key":"SMITH"},{"floor":15.0,"key":"REST"}],"neow_cost":"NONE","seed_source_timestamp":0,"circlet_count":0,"master_deck":["Strike_R+1","Strike_R+1","Defend_R","Defend_R","Defend_R","Defend_R","Bash","Flex","Body Slam+1","Demon Form","Heavy Blade","Cleave+1","Iron Wave","Thunderclap","Juggernaut","Regret","Normality","Pain","Ghostly Armor"],"special_seed":0,"relics":["Burning Blood","NeowsBlessing","Pantograph","Shovel","Dream Catcher","Whetstone","Bronze Scales","Calling Bell","Boot","Self Forming Clay","Ice Cream"],"potions_floor_usage":[21],"damage_taken":[{"damage":0.0,"enemies":"Small Slimes","floor":1.0,"turns":1.0},{"damage":0.0,"enemies":"Cultist","floor":5.0,"turns":1.0},{"damage":0.0,"enemies":"3 Sentries","floor":7.0,"turns":1.0},{"damage":11.0,"enemies":"Jaw Worm","floor":8.0,"turns":4.0},{"damage":2.0,"enemies":"3 Louse","floor":11.0,"turns":2.0},{"damage":26.0,"enemies":"Lagavulin","floor":12.0,"turns":6.0},{"damage":34.0,"enemies":"3 Sentries","floor":14.0,"turns":7.0},{"damage":48.0,"enemies":"Slime Boss","floor":16.0,"turns":8.0},{"damage":46,"enemies":"Spheric Guardian","floor":18,"turns":6},{"damage":32,"enemies":"2 Thieves","floor":20,"turns":3},{"damage":15,"enemies":"Shelled Parasite and Fungi","floor":21,"turns":3}],"seed_played":"4579923281082508115","potions_obtained":[{"floor":7.0,"key":"Swift Potion"},{"floor":8.0,"key":"Explosive Potion"}],"is_trial":false,"path_per_floor":["M","?","$","T","M","R","E","M","T","?","M","E","?","E","R","B",null,"M","?","M","M"],"character_chosen":"IRONCLAD","items_purchased":["Flex"],"campfire_rested":1,"item_purchase_floors":[3],"current_hp_per_floor":[80,80,80,80,80,80,80,75,75,64,68,48,48,20,44,27,80,40,40,14,0],"gold":343,"neow_bonus":"THREE_ENEMY_KILL","is_prod":false,"is_daily":false,"chose_seed":false,"campfire_upgraded":1,"win_rate":0,"timestamp":1559686434,"path_taken":["M","?","$","?","M","R","E","M","T","?","M","E","?","E","R","BOSS","M","?","M","M"],"build_version":"2019-01-23","purchased_purges":1,"victory":false,"max_hp_per_floor":[80,80,80,80,80,80,80,80,80,80,80,80,80,80,80,80,80,80,80,80,80],"card_choices":[{"not_picked":["Warcry","Sword Boomerang","Wild Strike"],"picked":"SKIP","floor":1.0},{"not_picked":["Pommel Strike","Perfected Strike"],"picked":"Body Slam","floor":5.0},{"not_picked":["Twin Strike","Fire Breathing"],"picked":"Demon Form","floor":7.0},{"not_picked":["Power Through","Wild Strike"],"picked":"Heavy Blade","floor":8.0},{"not_picked":["Wild Strike","True Grit","Searing Blow"],"picked":"SKIP","floor":11.0},{"not_picked":["Rage","Wild Strike"],"picked":"Cleave","floor":12.0},{"not_picked":["Wild Strike","Dark Embrace","Pommel Strike"],"picked":"SKIP","floor":14.0},{"not_picked":["Evolve","Cleave"],"picked":"Thunderclap","floor":15.0},{"not_picked":["Fiend Fire","Immolate"],"picked":"Juggernaut","floor":16.0},{"not_picked":["Perfected Strike","Heavy Blade","True Grit"],"picked":"SKIP","floor":18},{"not_picked":["Thunderclap","Havoc+1"],"picked":"Ghostly Armor","floor":20}],"player_experience":81030,"relics_obtained":[{"floor":4.0,"key":"Pantograph"},{"floor":7.0,"key":"Shovel"},{"floor":9.0,"key":"Dream Catcher"},{"floor":12.0,"key":"Whetstone"},{"floor":14.0,"key":"Bronze Scales"},{"floor":17,"key":"Boot"},{"floor":17,"key":"Self Forming Clay"},{"floor":17,"key":"Ice Cream"}],"event_choices":[{"damage_healed":0.0,"max_hp_gain":0.0,"max_hp_loss":0.0,"gold_gain":100.0,"event_name":"Wheel of Change","player_choice":"Gold","floor":2.0,"gold_loss":0.0,"damage_taken":0.0},{"damage_healed":0.0,"max_hp_gain":0.0,"max_hp_loss":0.0,"gold_gain":75.0,"event_name":"World of Goop","player_choice":"Gather Gold","floor":10.0,"gold_loss":0.0,"damage_taken":11.0},{"damage_healed":0.0,"max_hp_gain":0.0,"max_hp_loss":0.0,"gold_gain":0.0,"cards_transformed":["Strike_R"],"event_name":"Living Wall","player_choice":"Change","floor":13.0,"gold_loss":0.0,"damage_taken":0.0,"cards_obtained":["Iron Wave"]},{"cards_removed":["Strike_R"],"damage_healed":0,"gold_gain":0,"player_choice":"Upgrade and Remove","damage_taken":0,"max_hp_gain":0,"max_hp_loss":0,"event_name":"Designer","floor":19,"gold_loss":90,"cards_upgraded":["Cleave"]}],"is_beta":false,"boss_relics":[{"not_picked":["Runic Dome","Empty Cage"],"picked":"Calling Bell"}],"items_purged_floors":[3],"is_endless":false,"potions_floor_spawned":[7,8],"killed_by":"Shelled Parasite and Fungi","ascension_level":1}