{"gold_per_floor":[118,43,55,0,13,13,13,13,13,54,119,119],"floor_reached":12,"playtime":476,"items_purged":["Strike_G"],"score":144,"play_id":"99711e38-6f23-4dca-b834-591eba73d6cd","local_time":"20190625153005","is_ascension_mode":true,"campfire_choices":[{"data":"Storm of Steel","floor":6,"key":"SMITH"},{"data":"Leg Sweep","floor":8,"key":"SMITH"}],"neow_cost":"NONE","seed_source_timestamp":21705512880600,"circlet_count":0,"master_deck":["AscendersBane","Defend_G","Defend_G","Defend_G","Defend_G","Defend_G","Strike_G","Strike_G","Strike_G","Strike_G","Survivor","Neutralize","Storm of Steel+1","Cloak And Dagger","Dash","Acrobatics","Leg Sweep+1","Injury","Bouncing Flask+1"],"relics":["Ring of the Snake","Golden Idol","Toxic Egg 2","Art of War"],"potions_floor_usage":[10,10],"damage_taken":[{"damage":8,"enemies":"2 Louse","floor":1,"turns":3},{"damage":0,"enemies":"Small Slimes","floor":3,"turns":4},{"damage":6,"enemies":"Cultist","floor":5,"turns":4},{"damage":14,"enemies":"Lagavulin","floor":10,"turns":10},{"damage":33,"enemies":"3 Sentries","floor":12,"turns":7}],"seed_played":"-7616047710132619925","potions_obtained":[{"floor":1,"key":"SpeedPotion"},{"floor":5,"key":"EssenceOfSteel"}],"is_trial":false,"path_per_floor":["M","$","M","$","M","R","?","R","T","E","?","E"],"character_chosen":"THE_SILENT","items_purchased":["Acrobatics"],"campfire_rested":0,"item_purchase_floors":[4],"current_hp_per_floor":[51,51,51,51,45,45,45,45,45,31,31,0],"gold":119,"neow_bonus":"ONE_RANDOM_RARE_CARD","is_prod":false,"is_daily":false,"chose_seed":false,"campfire_upgraded":2,"win_rate":0,"timestamp":1561491005,"path_taken":["M","$","M","$","M","R","?","R","T","E","?","E"],"build_version":"2019-01-23","purchased_purges":1,"victory":false,"max_hp_per_floor":[66,66,66,66,66,66,66,66,66,66,66,66],"card_choices":[{"not_picked":["Underhanded Strike","Dagger Spray"],"picked":"Cloak And Dagger","floor":1},{"not_picked":["Dodge and Roll","Sucker Punch"],"picked":"Dash","floor":3},{"not_picked":["Eviscerate","Reflex"],"picked":"Leg Sweep","floor":5},{"not_picked":["Concentrate+1","Deadly Poison+1"],"picked":"Bouncing Flask+1","floor":10}],"player_experience":1412194,"relics_obtained":[{"floor":9,"key":"Toxic Egg 2"},{"floor":10,"key":"Art of War"}],"event_choices":[{"damage_healed":0,"gold_gain":0,"player_choice":"Take Wound","damage_taken":0,"relics_obtained":["Golden Idol"],"max_hp_gain":0,"max_hp_loss":0,"event_name":"Golden Idol","floor":7,"gold_loss":0,"cards_obtained":["Injury"]},{"damage_healed":0,"gold_gain":65,"player_choice":"Gained Gold","damage_taken":0,"max_hp_gain":0,"max_hp_loss":0,"event_name":"Golden Wing","floor":11,"gold_loss":0}],"is_beta":false,"boss_relics":[],"items_purged_floors":[2],"is_endless":false,"potions_floor_spawned":[1,5],"killed_by":"3 Sentries","ascension_level":18}