{"gold_per_floor":[111,111,36,36,36,67,67,95,122,149,164,181,231,249,249,321,321,339,339,355,370,55,55,105,105,105,120,12,12,12,29,29,105,105,118,131,131,4,23,23,23,23,23,34,34,44,44],"floor_reached":47,"playtime":8473,"items_purged":["Strike_G","Storm of Steel","Dagger Spray"],"score":986,"play_id":"0bcac0fb-16b8-4ec7-8d8e-d27905d8bf64","local_time":"20190626205632","is_ascension_mode":true,"campfire_choices":[{"data":"Neutralize","floor":7,"key":"SMITH"},{"data":"Catalyst","floor":15,"key":"SMITH"},{"floor":23,"key":"REST"},{"data":"Bouncing Flask","floor":25,"key":"SMITH"},{"data":"Adrenaline","floor":29,"key":"SMITH"},{"floor":32,"key":"REST"},{"floor":40,"key":"REST"},{"data":"Deadly Poison","floor":45,"key":"SMITH"}],"neow_cost":"NONE","seed_source_timestamp":119626730580500,"circlet_count":0,"master_deck":["AscendersBane","Survivor","Neutralize+1","Leg Sweep","Escape Plan","Poisoned Stab","Bane+1","Deadly Poison+1","Catalyst+1","PiercingWail","Adrenaline+1","Finisher","Dash","Masterful Stab","Escape Plan","Bouncing Flask+1","All Out Attack","Dagger Spray+1","Backflip","Footwork","Dodge and Roll","Tools of the Trade","Backflip","Footwork"],"relics":["Ring of the Snake","NeowsBlessing","Pear","Snake Skull","Bag of Marbles","PreservedInsect","Whetstone","Pandora\u0027s Box","Membership Card","Darkstone Periapt","Black Star","Bag of Preparation","Ancient Tea Set"],"potions_floor_usage":[10,10,16,20,21,31,31,39,47],"damage_taken":[{"damage":0,"enemies":"Small Slimes","floor":1,"turns":1},{"damage":0,"enemies":"Lagavulin","floor":6,"turns":1},{"damage":0,"enemies":"Gremlin Nob","floor":8,"turns":1},{"damage":9,"enemies":"3 Sentries","floor":10,"turns":10},{"damage":1,"enemies":"Jaw Worm","floor":11,"turns":2},{"damage":0,"enemies":"2 Louse","floor":12,"turns":2},{"damage":0,"enemies":"Red Slaver","floor":14,"turns":3},{"damage":4,"enemies":"The Guardian","floor":16,"turns":7},{"damage":0,"enemies":"Chosen","floor":18,"turns":2},{"damage":14,"enemies":"2 Thieves","floor":20,"turns":4},{"damage":15,"enemies":"Centurion and Healer","floor":21,"turns":3},{"damage":13,"enemies":"Snecko","floor":27,"turns":3},{"damage":1,"enemies":"Snake Plant","floor":31,"turns":3},{"damage":54,"enemies":"Collector","floor":33,"turns":5},{"damage":10,"enemies":"Orb Walker","floor":35,"turns":2},{"damage":6,"enemies":"3 Shapes","floor":36,"turns":3},{"damage":16,"enemies":"Maw","floor":39,"turns":5},{"damage":12,"enemies":"Sphere and 2 Shapes","floor":44,"turns":7},{"damage":0,"enemies":"Transient","floor":46,"turns":6},{"damage":73,"enemies":"Jaw Worm Horde","floor":47,"turns":5}],"seed_played":"-5733017860451700139","potions_obtained":[{"floor":6,"key":"GamblersBrew"},{"floor":8,"key":"GhostInAJar"},{"floor":11,"key":"Swift Potion"},{"floor":14,"key":"Block Potion"},{"floor":18,"key":"SteroidPotion"},{"floor":27,"key":"Regen Potion"},{"floor":36,"key":"Strength Potion"},{"floor":44,"key":"Block Potion"}],"is_trial":false,"path_per_floor":["M","?","$","?","T","E","R","E","T","E","M","M","?","M","R","B",null,"M","?","M","M","$","R","?","R","T","M","$","R","?","M","R","B",null,"M","M","?","$","M","R","?","$","T","M","R","M","M"],"character_chosen":"THE_SILENT","items_purchased":["Membership Card","Regen Potion","Footwork","Bag of Preparation","Regen Potion"],"campfire_rested":3,"item_purchase_floors":[22,22,28,38,38],"current_hp_per_floor":[59,39,39,39,49,49,49,49,49,40,39,39,39,39,39,35,66,66,66,52,37,37,59,59,59,59,46,46,46,24,50,74,20,66,56,50,50,50,49,73,73,73,73,61,61,61,0],"gold":44,"neow_bonus":"THREE_ENEMY_KILL","is_prod":false,"is_daily":false,"chose_seed":false,"campfire_upgraded":5,"win_rate":0,"timestamp":1561596992,"path_taken":["M","?","$","?","?","E","R","E","T","E","M","M","?","M","R","BOSS","M","?","?","?","$","R","?","R","T","M","?","R","?","?","R","BOSS","M","?","?","$","M","R","?","$","T","M","R","M","M"],"build_version":"2019-01-23","purchased_purges":3,"victory":false,"max_hp_per_floor":[66,66,66,66,76,76,76,76,76,76,76,76,76,76,76,76,76,76,76,76,76,76,76,76,76,76,76,76,76,81,81,81,81,81,81,81,81,81,81,81,81,81,81,81,81,81,81],"card_choices":[{"not_picked":["Flying Knee","Outmaneuver"],"picked":"Leg Sweep","floor":1},{"not_picked":["Sucker Punch","Dagger Spray"],"picked":"Poisoned Stab","floor":6},{"not_picked":["Slice","Sucker Punch"],"picked":"Bane","floor":8},{"not_picked":["Unload","Dodge and Roll"],"picked":"Deadly Poison","floor":10},{"not_picked":["Backflip","Deadly Poison"],"picked":"Catalyst","floor":11},{"not_picked":["Quick Slash","Outmaneuver"],"picked":"PiercingWail","floor":12},{"not_picked":["Deadly Poison","Acrobatics"],"picked":"Dagger Spray","floor":14},{"not_picked":["Die Die Die","Grand Finale"],"picked":"Adrenaline","floor":16},{"not_picked":["Underhanded Strike","Noxious Fumes"],"picked":"Dagger Spray+1","floor":18},{"not_picked":["Acrobatics","Flechettes","Setup"],"picked":"SKIP","floor":20},{"not_picked":["Quick Slash+1","Cloak And Dagger"],"picked":"Backflip","floor":21},{"not_picked":["Dash","Quick Slash","Distraction"],"picked":"SKIP","floor":27},{"not_picked":["Envenom","Endless Agony"],"picked":"Dodge and Roll","floor":31},{"not_picked":["Venomology","After Image"],"picked":"Tools of the Trade","floor":33},{"not_picked":["Acrobatics","Terror"],"picked":"Backflip","floor":35},{"not_picked":["Quick Slash","Prepared"],"picked":"Footwork","floor":36},{"not_picked":["Bane","Riddle With Holes","Backstab"],"picked":"SKIP","floor":39},{"not_picked":["Bane","Slice","Dagger Throw"],"picked":"SKIP","floor":44},{"not_picked":["Outmaneuver","All Out Attack","Deflect+1"],"picked":"SKIP","floor":46}],"player_experience":1444887,"relics_obtained":[{"floor":5,"key":"Pear"},{"floor":6,"key":"Snake Skull"},{"floor":8,"key":"Bag of Marbles"},{"floor":9,"key":"PreservedInsect"},{"floor":10,"key":"Whetstone"},{"floor":26,"key":"Darkstone Periapt"},{"floor":43,"key":"Ancient Tea Set"}],"event_choices":[{"damage_healed":0,"gold_gain":0,"player_choice":"Entered Light","damage_taken":20,"max_hp_gain":0,"max_hp_loss":0,"event_name":"Shining Light","floor":2,"gold_loss":0,"cards_upgraded":["Defend_G","Defend_G"]},{"damage_healed":0,"gold_gain":0,"cards_transformed":["Strike_G"],"player_choice":"Change","damage_taken":0,"max_hp_gain":0,"max_hp_loss":0,"event_name":"Living Wall","floor":4,"gold_loss":0,"cards_obtained":["Escape Plan"]},{"damage_healed":0,"gold_gain":50,"player_choice":"Pray","damage_taken":0,"max_hp_gain":0,"max_hp_loss":0,"event_name":"Golden Shrine","floor":13,"gold_loss":0},{"damage_healed":0,"gold_gain":0,"cards_transformed":["Slice"],"player_choice":"Transformed","damage_taken":0,"max_hp_gain":0,"max_hp_loss":0,"event_name":"Transmorgrifier","floor":19,"gold_loss":0,"cards_obtained":["Storm of Steel"]},{"damage_healed":0,"gold_gain":50,"player_choice":"Stole From Cult","damage_taken":0,"max_hp_gain":0,"max_hp_loss":0,"event_name":"Nest","floor":24,"gold_loss":0},{"damage_healed":0,"gold_gain":0,"player_choice":"Shed Blood","damage_taken":27,"max_hp_gain":5,"max_hp_loss":0,"event_name":"Forgotten Altar","floor":30,"gold_loss":0},{"damage_healed":0,"gold_gain":0,"player_choice":"Ignored","damage_taken":0,"max_hp_gain":0,"max_hp_loss":0,"event_name":"Mysterious Sphere","floor":37,"gold_loss":0},{"cards_removed":["Sucker Punch"],"damage_healed":0,"gold_gain":0,"player_choice":"Removed Attack","damage_taken":0,"max_hp_gain":0,"max_hp_loss":0,"event_name":"Falling","floor":41,"gold_loss":0}],"is_beta":false,"boss_relics":[{"not_picked":["Busted Crown","Runic Dome"],"picked":"Pandora\u0027s Box"},{"not_picked":["Orrery","Velvet Choker"],"picked":"Black Star"}],"items_purged_floors":[3,22,28],"is_endless":false,"potions_floor_spawned":[6,8,11,14,18,27,36,44],"killed_by":"Jaw Worm Horde","ascension_level":20}