{"gold_per_floor":[111,41,41,41,54,85,85,85,85,85,85,65,94,107,107,211,211,225,225,150,150,150],"floor_reached":22,"playtime":514,"items_purged":[],"score":245,"play_id":"9ac13b5d-7cd7-4528-9e91-6a35b7d7e46f","local_time":"20190506203112","is_ascension_mode":true,"campfire_choices":[{"data":"Bash","floor":7,"key":"SMITH"},{"data":"Pommel Strike","floor":11,"key":"SMITH"},{"data":"Combust","floor":15,"key":"SMITH"}],"neow_cost":"NONE","seed_source_timestamp":420611777392764,"circlet_count":0,"master_deck":["Bash+1","Anger","Uppercut","Pommel Strike+1","Intimidate","Cleave","Combust+1","Feed","Battle Trance","Thunderclap","Entrench","Clothesline","Armaments","Dropkick","Immolate"],"relics":["Burning Blood","NeowsBlessing","WarpedTongs","Juzu Bracelet","The Courier","Dodecahedron","Unceasing Top","Pandora\u0027s Box","Kunai"],"potions_floor_usage":[],"damage_taken":[{"damage":0,"enemies":"Small Slimes","floor":1,"turns":1},{"damage":0,"enemies":"Cultist","floor":5,"turns":1},{"damage":1,"enemies":"3 Sentries","floor":6,"turns":2},{"damage":18,"enemies":"Gremlin Nob","floor":13,"turns":4},{"damage":4,"enemies":"Jaw Worm","floor":14,"turns":2},{"damage":34,"enemies":"The Guardian","floor":16,"turns":11},{"damage":6,"enemies":"Spheric Guardian","floor":18,"turns":3},{"damage":0,"enemies":"Chosen","floor":22,"turns":1}],"seed_played":"4060729486244851822","potions_obtained":[{"floor":6,"key":"Poison Potion"},{"floor":12,"key":"SmokeBomb"},{"floor":13,"key":"EntropicBrew"},{"floor":14,"key":"Strength Potion"}],"is_trial":false,"path_per_floor":["M","$","?","$","M","E","R","T","T","?","R","?","E","M","R","B",null,"M","?","?","T","M"],"character_chosen":"IRONCLAD","items_purchased":["Uppercut"],"campfire_rested":0,"item_purchase_floors":[2],"current_hp_per_floor":[80,80,80,80,80,80,80,80,80,80,80,80,68,70,70,42,80,80,80,80,80,80],"gold":150,"neow_bonus":"THREE_ENEMY_KILL","is_prod":false,"is_daily":false,"chose_seed":false,"campfire_upgraded":3,"win_rate":0,"timestamp":1557189072,"path_taken":["M","$","?","?","M","E","R","?","T","?","R","?","E","M","R","BOSS","M","?","?","?","M"],"build_version":"2019-01-23","purchased_purges":0,"victory":false,"max_hp_per_floor":[80,80,80,80,80,80,80,80,80,80,80,80,80,80,80,80,80,80,80,80,80,80],"card_choices":[{"not_picked":["Twin Strike","Body Slam"],"picked":"Anger","floor":1},{"not_picked":["Havoc","Searing Blow"],"picked":"Pommel Strike","floor":5},{"not_picked":["Heavy Blade","Thunderclap"],"picked":"Intimidate","floor":6},{"not_picked":["Anger","Perfected Strike"],"picked":"Cleave","floor":13},{"not_picked":["Havoc","Thunderclap"],"picked":"Combust","floor":14},{"not_picked":["Exhume","Fiend Fire"],"picked":"Feed","floor":16},{"not_picked":["Headbutt+1","Body Slam+1","Wild Strike+1"],"picked":"SKIP","floor":18}],"player_experience":116778,"relics_obtained":[{"floor":6,"key":"Juzu Bracelet"},{"floor":8,"key":"The Courier"},{"floor":9,"key":"Dodecahedron"},{"floor":13,"key":"Unceasing Top"},{"floor":21,"key":"Kunai"}],"event_choices":[{"damage_healed":0,"gold_gain":0,"player_choice":"Rummage","damage_taken":0,"relics_obtained":["WarpedTongs"],"max_hp_gain":0,"max_hp_loss":0,"event_name":"Accursed Blacksmith","floor":3,"gold_loss":0,"cards_obtained":["Pain"]},{"cards_removed":["Pain"],"damage_healed":0,"gold_gain":0,"player_choice":"Removed Curses","damage_taken":0,"max_hp_gain":0,"max_hp_loss":0,"event_name":"Fountain of Cleansing","floor":10,"gold_loss":0},{"damage_healed":0,"gold_gain":0,"player_choice":"Bought 1 Potion","damage_taken":0,"max_hp_gain":0,"max_hp_loss":0,"event_name":"The Woman in Blue","floor":12,"gold_loss":0},{"cards_removed":["Perfected Strike"],"damage_healed":0,"gold_gain":0,"player_choice":"Elegance","damage_taken":0,"max_hp_gain":0,"max_hp_loss":0,"event_name":"Back to Basics","floor":19,"gold_loss":0},{"cards_removed":["Havoc"],"damage_healed":0,"gold_gain":0,"player_choice":"Gave Gold","damage_taken":0,"max_hp_gain":0,"max_hp_loss":0,"event_name":"Beggar","floor":20,"gold_loss":75}],"is_beta":false,"boss_relics":[{"not_picked":["Tiny House","Black Star"],"picked":"Pandora\u0027s Box"}],"items_purged_floors":[],"is_endless":false,"potions_floor_spawned":[6,13,14,18],"killed_by":"Chosen","ascension_level":3}