{"gold_per_floor":[119,137,62,73,73,73,73,86,165,182,182,134,134,145,145,241,241,259,80,5,5,22,22,37,37,37,37],"floor_reached":27,"playtime":1780,"items_purged":["Strike_R","Strike_R"],"score":203,"play_id":"f60f868c-3178-454e-a42d-ed4665ab285a","local_time":"20190530123630","is_ascension_mode":false,"campfire_choices":[{"data":"Armaments","floor":6,"key":"SMITH"},{"data":"Shrug It Off","floor":11,"key":"SMITH"},{"data":"Thunderclap","floor":13,"key":"SMITH"},{"data":"Twin Strike","floor":15,"key":"SMITH"},{"data":"Barricade","floor":23,"key":"SMITH"}],"neow_cost":"NONE","seed_source_timestamp":175982887555643,"circlet_count":0,"master_deck":["Strike_R","Strike_R","Strike_R","Defend_R","Defend_R","Defend_R","Defend_R","Bash+1","Armaments+1","Heavy Blade","Regret","Shrug It Off+1","Thunderclap+1","Twin Strike+1","Barricade+1","True Grit","Body Slam","Shrug It Off","Armaments","Metallicize","Warcry+1","True Grit+1"],"relics":["Burning Blood","Boot","FaceOfCleric","Gremlin Horn","Orrery"],"potions_floor_usage":[16,22,22],"damage_taken":[{"damage":1,"enemies":"Cultist","floor":1,"turns":3},{"damage":7,"enemies":"Small Slimes","floor":2,"turns":4},{"damage":0,"enemies":"2 Louse","floor":4,"turns":3},{"damage":27,"enemies":"Exordium Thugs","floor":8,"turns":6},{"damage":6,"enemies":"3 Louse","floor":10,"turns":4},{"damage":7,"enemies":"Gremlin Gang","floor":14,"turns":5},{"damage":31,"enemies":"Slime Boss","floor":16,"turns":10},{"damage":35,"enemies":"Shell Parasite","floor":18,"turns":21},{"damage":11,"enemies":"2 Thieves","floor":20,"turns":5},{"damage":40,"enemies":"Centurion and Healer","floor":22,"turns":11},{"damage":15,"enemies":"Snake Plant","floor":24,"turns":10},{"damage":33,"enemies":"Cultist and Chosen","floor":27,"turns":5}],"seed_played":"5040305573806297620","potions_obtained":[{"floor":8,"key":"SteroidPotion"},{"floor":10,"key":"FearPotion"},{"floor":14,"key":"Energy Potion"},{"floor":16,"key":"Strength Potion"},{"floor":21,"key":"SteroidPotion"},{"floor":21,"key":"Regen Potion"},{"floor":21,"key":"PowerPotion"},{"floor":22,"key":"Swift Potion"}],"is_trial":false,"path_per_floor":["M","M","$","M","?","R","?","M","T","M","R","$","R","M","R","B",null,"M","$","M","?","M","R","M","$","T","M"],"character_chosen":"IRONCLAD","items_purchased":["Thunderclap","Metallicize"],"campfire_rested":0,"item_purchase_floors":[12,19],"current_hp_per_floor":[80,79,79,80,80,80,80,60,60,61,61,61,61,61,61,37,84,56,56,52,52,31,31,23,23,23,0],"gold":37,"neow_bonus":"UPGRADE_CARD","is_prod":false,"is_daily":false,"chose_seed":false,"campfire_upgraded":5,"win_rate":0.0,"timestamp":1559237790,"path_taken":["M","M","$","?","?","R","?","M","T","?","R","$","R","M","R","BOSS","M","$","M","?","M","R","?","$","T","M"],"build_version":"2019-01-23","purchased_purges":2,"victory":false,"max_hp_per_floor":[80,80,80,80,80,80,80,81,81,82,82,82,82,83,83,84,84,85,85,86,86,87,87,88,88,88,88],"card_choices":[{"not_picked":["Iron Wave","Body Slam"],"picked":"Armaments","floor":1},{"not_picked":["Flex","Pommel Strike"],"picked":"Heavy Blade","floor":2},{"not_picked":["Anger","Clothesline","Bloodletting"],"picked":"SKIP","floor":4},{"not_picked":["True Grit","Clothesline"],"picked":"Shrug It Off","floor":8},{"not_picked":["Brutality","Feel No Pain","Heavy Blade"],"picked":"SKIP","floor":10},{"not_picked":["Burning Pact","Cleave"],"picked":"Twin Strike","floor":14},{"not_picked":["Bludgeon","Impervious"],"picked":"Barricade","floor":16},{"not_picked":["Carnage","Thunderclap"],"picked":"True Grit","floor":17},{"not_picked":["Disarm","Reckless Charge"],"picked":"Body Slam","floor":17},{"not_picked":["True Grit","Flex"],"picked":"Shrug It Off","floor":17},{"not_picked":["Second Wind","Body Slam"],"picked":"Armaments","floor":17},{"not_picked":["Dropkick","Seeing Red+1","Perfected Strike"],"picked":"SKIP","floor":18},{"not_picked":["Cleave+1","Iron Wave"],"picked":"Warcry+1","floor":20},{"not_picked":["Combust+1","Bludgeon"],"picked":"True Grit+1","floor":22},{"not_picked":["Thunderclap","Clothesline","Wild Strike"],"picked":"SKIP","floor":24}],"player_experience":25145,"relics_obtained":[{"floor":9,"key":"Gremlin Horn"}],"event_choices":[{"damage_healed":0,"gold_gain":0,"player_choice":"Box","damage_taken":0,"relics_obtained":["Boot"],"max_hp_gain":0,"max_hp_loss":0,"event_name":"Big Fish","floor":5,"gold_loss":0,"cards_obtained":["Regret"]},{"damage_healed":0,"gold_gain":0,"player_choice":"Trade","damage_taken":0,"relics_obtained":["FaceOfCleric"],"max_hp_gain":0,"max_hp_loss":0,"event_name":"FaceTrader","floor":7,"gold_loss":0},{"damage_healed":0,"gold_gain":0,"player_choice":"Got Potions","damage_taken":0,"max_hp_gain":0,"max_hp_loss":0,"event_name":"Lab","floor":21,"gold_loss":0}],"is_beta":false,"boss_relics":[{"not_picked":["Fusion Hammer","Runic Cube"],"picked":"Orrery"}],"items_purged_floors":[3,19],"is_endless":false,"potions_floor_spawned":[8,10,14,16,22],"killed_by":"Cultist and Chosen","ascension_level":0}