{"gold_per_floor":[363,418,429,442,80,114,129,129,159,159,184,184,198,216,216,311,311,325,338,338,338,338,338,358,387,412,437,437,437,76,96,96,197,197,210,210,210,210,228,256,256,216,242,274,287,303,303,303],"floor_reached":48,"playtime":2147,"items_purged":["Strike_G"],"score":928,"play_id":"ba2d5990-1cf8-4c85-bf41-fa1f93a87719","local_time":"20190624152747","is_ascension_mode":true,"campfire_choices":[{"data":"Dagger Spray","floor":10,"key":"SMITH"},{"data":"Deadly Poison","floor":12,"key":"SMITH"},{"data":"Bane","floor":15,"key":"SMITH"},{"data":"Well Laid Plans","floor":23,"key":"SMITH"},{"data":"Ghostly","floor":29,"key":"SMITH"},{"data":"Ghostly","floor":32,"key":"SMITH"},{"data":"Ghostly","floor":47,"key":"SMITH"}],"neow_cost":"TEN_PERCENT_HP_LOSS","seed_source_timestamp":49155407794931,"circlet_count":0,"master_deck":["Defend_G","Defend_G+1","Defend_G","Defend_G","Defend_G","Survivor+1","Neutralize","Dagger Spray+1","Deadly Poison+1","Well Laid Plans+1","PiercingWail","Bane+1","Adrenaline","Quick Slash","Deadly Poison","Wraith Form v2","Bite","Bite","Bite","Bite","Deadly Poison","PiercingWail","Backstab+1","Backstab+1","Ghostly+1","Ghostly","Ghostly+1","Ghostly","Ghostly+1","Catalyst+1","Well Laid Plans","Catalyst+1","Corpse Explosion","Noxious Fumes+1","Wraith Form v2","Crippling Poison+1","Backflip","Parasite"],"relics":["Ring of the Snake","Ancient Tea Set","War Paint","Dream Catcher","Matryoshka","Tiny Chest","Blue Candle","Pear","Sozu","Dodecahedron","Ninja Scroll","Sundial","Anchor","Happy Flower","Lee\u0027s Waffle","Coffee Dripper","Ornamental Fan","Mercury Hourglass","Bottled Lightning","Lantern","Strawberry"],"potions_floor_usage":[33],"damage_taken":[{"damage":0,"enemies":"Cultist","floor":1,"turns":5},{"damage":6,"enemies":"Jaw Worm","floor":3,"turns":5},{"damage":0,"enemies":"Small Slimes","floor":4,"turns":3},{"damage":19,"enemies":"3 Sentries","floor":6,"turns":8},{"damage":3,"enemies":"Looter","floor":7,"turns":3},{"damage":13,"enemies":"Lagavulin","floor":11,"turns":5},{"damage":0,"enemies":"3 Louse","floor":13,"turns":2},{"damage":0,"enemies":"Large Slime","floor":14,"turns":5},{"damage":6,"enemies":"Hexaghost","floor":16,"turns":9},{"damage":8,"enemies":"2 Thieves","floor":18,"turns":4},{"damage":2,"enemies":"Spheric Guardian","floor":19,"turns":4},{"damage":3,"enemies":"Centurion and Healer","floor":24,"turns":5},{"damage":23,"enemies":"Slavers","floor":25,"turns":9},{"damage":0,"enemies":"Gremlin Leader","floor":27,"turns":6},{"damage":0,"enemies":"Snake Plant","floor":31,"turns":4},{"damage":2,"enemies":"Automaton","floor":33,"turns":13},{"damage":0,"enemies":"3 Shapes","floor":35,"turns":7},{"damage":0,"enemies":"Orb Walker","floor":39,"turns":2},{"damage":0,"enemies":"Nemesis","floor":40,"turns":5},{"damage":1,"enemies":"Reptomancer","floor":44,"turns":4},{"damage":24,"enemies":"Spire Growth","floor":45,"turns":5},{"damage":1,"enemies":"Writhing Mass","floor":46,"turns":4},{"damage":32,"enemies":"Nemesis","floor":48,"turns":2}],"seed_played":"4028922973017869818","potions_obtained":[{"floor":4,"key":"EssenceOfSteel"},{"floor":6,"key":"FearPotion"},{"floor":7,"key":"Dexterity Potion"},{"floor":16,"key":"EssenceOfSteel"}],"is_trial":false,"path_per_floor":["M","T","M","M","$","E","M","?","T","R","E","R","M","M","R","B",null,"M","M","?","?","?","R","M","E","T","E","?","R","$","M","R","B",null,"M","?","$","T","M","E","T","?","T","E","M","M","R","E"],"character_chosen":"THE_SILENT","items_purchased":["Well Laid Plans","War Paint","PiercingWail","Catalyst","Lee\u0027s Waffle","Well Laid Plans"],"campfire_rested":0,"item_purchase_floors":[5,5,5,30,30,30],"current_hp_per_floor":[63,63,57,57,57,38,35,35,35,35,32,32,32,32,32,26,61,53,51,51,51,51,51,50,43,43,51,25,25,32,32,32,32,32,32,32,32,32,32,32,32,32,32,39,17,22,22,0],"gold":303,"neow_bonus":"TWO_FIFTY_GOLD","is_prod":false,"is_daily":false,"chose_seed":false,"campfire_upgraded":7,"win_rate":0,"timestamp":1561404467,"path_taken":["M","?","M","M","$","E","M","?","T","R","E","R","M","?","R","BOSS","M","M","?","?","?","R","M","E","T","E","?","R","$","M","R","BOSS","M","?","?","?","M","E","?","?","T","E","?","M","R","E"],"build_version":"2019-01-23","purchased_purges":1,"victory":false,"max_hp_per_floor":[63,63,63,63,63,63,63,63,63,63,73,73,73,73,73,73,73,73,73,73,51,51,51,51,51,51,51,25,25,32,32,32,32,32,32,32,32,32,32,32,32,32,32,39,39,39,39,39],"card_choices":[{"not_picked":["Blur","PiercingWail"],"picked":"Dagger Spray","floor":1},{"not_picked":["Distraction","Cloak And Dagger"],"picked":"Deadly Poison","floor":3},{"not_picked":["Expertise","PiercingWail"],"picked":"Prepared","floor":4},{"not_picked":["PiercingWail","Calculated Gamble"],"picked":"Bane","floor":6},{"not_picked":["Prepared","Underhanded Strike","Infinite Blades"],"picked":"SKIP","floor":7},{"not_picked":["Setup","Backstab"],"picked":"Adrenaline","floor":11},{"not_picked":["Bane","Dagger Throw"],"picked":"Quick Slash","floor":13},{"not_picked":["Poisoned Stab","Dagger Spray"],"picked":"Deadly Poison","floor":14},{"not_picked":["Night Terror","Grand Finale"],"picked":"Wraith Form v2","floor":16},{"not_picked":["Flying Knee","Endless Agony","Underhanded Strike+1"],"picked":"SKIP","floor":18},{"not_picked":["Prepared+1","Deadly Poison","Dodge and Roll"],"picked":"SKIP","floor":19},{"not_picked":["Prepared+1","Adrenaline"],"picked":"PiercingWail","floor":24},{"not_picked":["Deflect","Deadly Poison"],"picked":"Backstab+1","floor":25},{"not_picked":["Predator","Underhanded Strike"],"picked":"Backstab+1","floor":27},{"not_picked":["Masterful Stab","Acrobatics+1"],"picked":"Catalyst+1","floor":31},{"not_picked":["Venomology","Adrenaline"],"picked":"Corpse Explosion","floor":33},{"not_picked":["Masterful Stab+1","Well Laid Plans","Cloak And Dagger"],"picked":"SKIP","floor":35},{"not_picked":["Quick Slash+1","Flying Knee"],"picked":"Noxious Fumes+1","floor":39},{"not_picked":["Prepared+1","Flying Knee+1"],"picked":"Wraith Form v2","floor":40},{"not_picked":["All Out Attack","Dagger Spray"],"picked":"Crippling Poison+1","floor":44},{"not_picked":["Finisher","Reflex"],"picked":"Backflip","floor":45},{"not_picked":["Sucker Punch","Cloak And Dagger+1","Terror"],"picked":"SKIP","floor":46}],"player_experience":166105,"relics_obtained":[{"floor":2,"key":"Ancient Tea Set"},{"floor":6,"key":"Dream Catcher"},{"floor":9,"key":"Tiny Chest"},{"floor":9,"key":"Blue Candle"},{"floor":11,"key":"Pear"},{"floor":25,"key":"Ninja Scroll"},{"floor":26,"key":"Sundial"},{"floor":26,"key":"Anchor"},{"floor":27,"key":"Happy Flower"},{"floor":38,"key":"Ornamental Fan"},{"floor":40,"key":"Mercury Hourglass"},{"floor":41,"key":"Bottled Lightning"},{"floor":43,"key":"Lantern"},{"floor":44,"key":"Strawberry"}],"event_choices":[{"damage_healed":0,"gold_gain":0,"player_choice":"Gave Potion","damage_taken":0,"relics_obtained":["Matryoshka"],"max_hp_gain":0,"max_hp_loss":0,"event_name":"WeMeetAgain","floor":8,"gold_loss":0},{"damage_healed":0,"gold_gain":0,"player_choice":"Opened","damage_taken":0,"relics_obtained":["Dodecahedron"],"max_hp_gain":0,"max_hp_loss":0,"event_name":"The Mausoleum","floor":20,"gold_loss":0},{"damage_healed":0,"gold_gain":0,"player_choice":"Became a vampire","damage_taken":0,"max_hp_gain":0,"max_hp_loss":22,"event_name":"Vampires","floor":21,"gold_loss":0,"cards_obtained":["Bite","Bite","Bite","Bite","Bite"]},{"damage_healed":0,"gold_gain":0,"cards_transformed":["Bite","Prepared"],"player_choice":"Became Test Subject","damage_taken":0,"max_hp_gain":0,"max_hp_loss":0,"event_name":"Drug Dealer","floor":22,"gold_loss":0,"cards_obtained":["Swift Strike","Deadly Poison"]},{"damage_healed":0,"gold_gain":0,"player_choice":"Became a Ghost","damage_taken":0,"max_hp_gain":0,"max_hp_loss":26,"event_name":"Ghosts","floor":28,"gold_loss":0,"cards_obtained":["Ghostly","Ghostly","Ghostly","Ghostly","Ghostly"]},{"cards_removed":["Swift Strike"],"damage_healed":0,"gold_gain":0,"player_choice":"Purged","damage_taken":0,"max_hp_gain":0,"max_hp_loss":0,"event_name":"Purifier","floor":36,"gold_loss":0},{"damage_healed":0,"gold_gain":0,"player_choice":"Upgraded Two","damage_taken":0,"max_hp_gain":0,"max_hp_loss":0,"event_name":"Designer","floor":42,"gold_loss":40,"cards_upgraded":["Catalyst","Defend_G"]}],"is_beta":false,"boss_relics":[{"not_picked":["Ring of the Serpent","Cursed Key"],"picked":"Sozu"},{"not_picked":["Lizard Tail","Pandora\u0027s Box"],"picked":"Coffee Dripper"}],"items_purged_floors":[5],"is_endless":false,"potions_floor_spawned":[4,6,7,16,18,24,25,39,45,46],"killed_by":"Nemesis","ascension_level":7}