{"gold_per_floor":[119,129,141,154,154,188,188,219,219,219,251,251,265,276,276,276],"floor_reached":16,"playtime":827,"items_purged":[],"score":287,"play_id":"460183d7-66aa-44bb-be83-4e740ca8e775","local_time":"20190623115141","is_ascension_mode":true,"campfire_choices":[{"data":"Heavy Blade","floor":7,"key":"SMITH"},{"floor":10,"key":"REST"},{"floor":12,"key":"REST"},{"floor":15,"key":"REST"}],"neow_cost":"NONE","seed_source_timestamp":506970210120337,"circlet_count":0,"master_deck":["AscendersBane","Strike_R","Strike_R+1","Strike_R","Strike_R+1","Strike_R","Defend_R","Defend_R","Defend_R","Defend_R","Bash+1","Inflame","True Grit","Ghostly Armor","Disarm","Heavy Blade+1","Clothesline"],"relics":["Burning Blood","CultistMask","Vajra","Whetstone","Darkstone Periapt","The Courier"],"potions_floor_usage":[8,11,11],"damage_taken":[{"damage":7,"enemies":"Cultist","floor":1,"turns":4},{"damage":15,"enemies":"Small Slimes","floor":2,"turns":4},{"damage":0,"enemies":"2 Louse","floor":3,"turns":4},{"damage":10,"enemies":"Exordium Wildlife","floor":4,"turns":5},{"damage":26,"enemies":"Gremlin Nob","floor":6,"turns":4},{"damage":33,"enemies":"3 Sentries","floor":8,"turns":14},{"damage":0,"enemies":"Lagavulin","floor":11,"turns":4},{"damage":17,"enemies":"3 Louse","floor":13,"turns":7},{"damage":7,"enemies":"Red Slaver","floor":14,"turns":2},{"damage":75,"enemies":"Hexaghost","floor":16,"turns":12}],"seed_played":"6368737197826854253","potions_obtained":[{"floor":3,"key":"EssenceOfSteel"},{"floor":4,"key":"PowerPotion"},{"floor":8,"key":"AttackPotion"}],"is_trial":false,"path_per_floor":["M","M","M","M","?","E","R","E","T","R","E","R","M","M","R","B"],"character_chosen":"IRONCLAD","items_purchased":[],"campfire_rested":3,"item_purchase_floors":[],"current_hp_per_floor":[67,58,64,60,60,40,40,13,13,35,41,63,52,51,73,0],"gold":276,"neow_bonus":"UPGRADE_CARD","is_prod":false,"is_daily":false,"chose_seed":false,"campfire_upgraded":1,"win_rate":0,"timestamp":1561301501,"path_taken":["M","M","M","M","?","E","R","E","T","R","E","R","M","?","R","BOSS"],"build_version":"2019-01-23","purchased_purges":0,"victory":false,"max_hp_per_floor":[75,75,75,75,75,75,75,75,75,75,75,75,75,75,75,75],"card_choices":[{"not_picked":["Body Slam","Spot Weakness"],"picked":"Inflame","floor":1},{"not_picked":["Corruption","Dropkick"],"picked":"True Grit","floor":2},{"not_picked":["Reckless Charge","Wild Strike"],"picked":"Ghostly Armor","floor":3},{"not_picked":["Flex","Headbutt"],"picked":"Disarm","floor":4},{"not_picked":["Body Slam","Clash"],"picked":"Heavy Blade","floor":6},{"not_picked":["Havoc","Pommel Strike","Heavy Blade"],"picked":"SKIP","floor":8},{"not_picked":["Dropkick","Cleave","Infernal Blade"],"picked":"SKIP","floor":11},{"not_picked":["Warcry","Wild Strike","Dark Embrace"],"picked":"SKIP","floor":13},{"not_picked":["True Grit","Pommel Strike"],"picked":"Clothesline","floor":14}],"player_experience":1154316,"relics_obtained":[{"floor":6,"key":"Vajra"},{"floor":8,"key":"Whetstone"},{"floor":9,"key":"Darkstone Periapt"},{"floor":11,"key":"The Courier"}],"event_choices":[{"damage_healed":0,"gold_gain":0,"player_choice":"Trade","damage_taken":0,"relics_obtained":["CultistMask"],"max_hp_gain":0,"max_hp_loss":0,"event_name":"FaceTrader","floor":5,"gold_loss":0}],"is_beta":false,"boss_relics":[],"items_purged_floors":[],"is_endless":false,"potions_floor_spawned":[3,4,6,8],"killed_by":"Hexaghost","ascension_level":19}