{"gold_per_floor":[118,118,43,218,232,232,249,308,333,157,173,190,190,155,155,250,250,269,269,285,285],"floor_reached":21,"playtime":781,"items_purged":["Regret","Doubt"],"score":233,"play_id":"644eef62-2fbb-4c81-88c9-392fc0c9e07d","local_time":"20190615105924","is_ascension_mode":true,"campfire_choices":[{"data":"Sweeping Beam","floor":6,"key":"SMITH"},{"data":"Creative AI","floor":13,"key":"SMITH"},{"data":"Undo","floor":15,"key":"SMITH"}],"neow_cost":"NONE","seed_source_timestamp":321175137786152,"circlet_count":0,"master_deck":["Strike_B","Strike_B","Strike_B","Strike_B","Defend_B","Defend_B","Defend_B","Defend_B","Zap","Dualcast","Rebound","Sweeping Beam+1","Undo+1","Creative AI+1","Capacitor","Go for the Eyes","Electrodynamics","Defragment"],"relics":["FrozenCore","Anchor","Tiny Chest","Omamori"],"potions_floor_usage":[8,21],"damage_taken":[{"damage":0,"enemies":"Small Slimes","floor":1,"turns":3},{"damage":0,"enemies":"2 Louse","floor":5,"turns":2},{"damage":0,"enemies":"Jaw Worm","floor":7,"turns":3},{"damage":48,"enemies":"Lagavulin","floor":8,"turns":10},{"damage":0,"enemies":"Looter","floor":11,"turns":3},{"damage":11,"enemies":"Blue Slaver","floor":12,"turns":4},{"damage":33,"enemies":"Slime Boss","floor":16,"turns":8},{"damage":15,"enemies":"Spheric Guardian","floor":18,"turns":10},{"damage":10,"enemies":"3 Byrds","floor":20,"turns":4},{"damage":26,"enemies":"Colosseum Slavers","floor":21,"turns":4}],"seed_played":"7712904586103127658","potions_obtained":[{"floor":1,"key":"Ancient Potion"},{"floor":7,"key":"AttackPotion"}],"is_trial":false,"path_per_floor":["M","?","$","?","M","R","M","E","T","$","M","M","R","?","R","B",null,"M","?","M","?"],"character_chosen":"DEFECT","items_purchased":["Capacitor"],"campfire_rested":0,"item_purchase_floors":[10],"current_hp_per_floor":[75,75,75,75,75,75,75,27,27,27,27,16,16,36,36,3,62,47,31,21,0],"gold":285,"neow_bonus":"TEN_PERCENT_HP_BONUS","is_prod":false,"is_daily":false,"chose_seed":false,"campfire_upgraded":3,"win_rate":0,"timestamp":1560614364,"path_taken":["M","?","$","?","M","R","M","E","T","$","M","M","R","?","R","BOSS","M","?","M","?"],"build_version":"2019-01-23","purchased_purges":2,"victory":false,"max_hp_per_floor":[82,82,82,82,82,82,82,82,82,82,82,82,82,82,82,82,82,82,87,87,87],"card_choices":[{"not_picked":["Double Energy","Melter"],"picked":"Rebound","floor":1},{"not_picked":["Beam Cell","Doom and Gloom"],"picked":"Sweeping Beam","floor":5},{"not_picked":["Sunder","Gash"],"picked":"Undo","floor":7},{"not_picked":["Static Discharge","Coolheaded"],"picked":"Creative AI","floor":8},{"not_picked":["Compile Driver","Beam Cell","Ball Lightning"],"picked":"SKIP","floor":11},{"not_picked":["Beam Cell","Coolheaded"],"picked":"Go for the Eyes","floor":12},{"not_picked":["Buffer","Fission"],"picked":"Electrodynamics","floor":16},{"not_picked":["Beam Cell","Go for the Eyes+1"],"picked":"Defragment","floor":18},{"not_picked":["Compile Driver+1","Coolheaded+1","Rebound"],"picked":"SKIP","floor":20}],"player_experience":263736,"relics_obtained":[{"floor":8,"key":"Tiny Chest"},{"floor":9,"key":"Omamori"}],"event_choices":[{"damage_healed":0,"gold_gain":0,"player_choice":"Box","damage_taken":0,"relics_obtained":["Anchor"],"max_hp_gain":0,"max_hp_loss":0,"event_name":"Big Fish","floor":2,"gold_loss":0,"cards_obtained":["Regret"]},{"damage_healed":0,"gold_gain":175,"player_choice":"AGREE","damage_taken":0,"max_hp_gain":0,"max_hp_loss":0,"event_name":"Liars Game","floor":4,"gold_loss":0,"cards_obtained":["Doubt"]},{"damage_healed":20,"gold_gain":0,"player_choice":"Healed","damage_taken":0,"max_hp_gain":0,"max_hp_loss":0,"event_name":"The Cleric","floor":14,"gold_loss":35},{"damage_healed":0,"gold_gain":0,"player_choice":"Shed Blood","damage_taken":21,"max_hp_gain":5,"max_hp_loss":0,"event_name":"Forgotten Altar","floor":19,"gold_loss":0},{"damage_healed":0,"gold_gain":0,"player_choice":"Fight","damage_taken":0,"max_hp_gain":0,"max_hp_loss":0,"event_name":"Colosseum","floor":21,"gold_loss":0}],"is_beta":false,"boss_relics":[{"not_picked":["Velvet Choker","Orrery"],"picked":"FrozenCore"}],"items_purged_floors":[3,10],"is_endless":false,"potions_floor_spawned":[1,7],"killed_by":"Colosseum Slavers","ascension_level":6}