{"gold_per_floor":[113,113,38,55,74,74,92,104,104,104,123,156,169,188,188,188],"floor_reached":16,"playtime":719,"items_purged":["Strike_R"],"score":106,"play_id":"abe0b1c4-43ab-4868-98db-573ab5f24383","local_time":"20190530115722","is_ascension_mode":false,"campfire_choices":[{"data":"Infernal Blade","floor":6,"key":"SMITH"},{"data":"Flex","floor":10,"key":"SMITH"},{"floor":15,"key":"REST"}],"neow_cost":"NONE","seed_source_timestamp":174696800570091,"circlet_count":0,"master_deck":["Strike_R","Strike_R","Strike_R","Defend_R","Defend_R","Defend_R","Defend_R","Bash","Rupture","Perfected Strike","Reaper","Infernal Blade+1","Flex+1","Ghostly Armor","Flex","Body Slam"],"relics":["Burning Blood","Bag of Marbles","Ancient Tea Set"],"potions_floor_usage":[12,16],"damage_taken":[{"damage":6,"enemies":"Jaw Worm","floor":1,"turns":3},{"damage":10,"enemies":"Cultist","floor":4,"turns":4},{"damage":5,"enemies":"2 Louse","floor":5,"turns":2},{"damage":6,"enemies":"Exordium Wildlife","floor":7,"turns":3},{"damage":2,"enemies":"Blue Slaver","floor":8,"turns":3},{"damage":0,"enemies":"2 Fungi Beasts","floor":11,"turns":2},{"damage":49,"enemies":"Lagavulin","floor":12,"turns":8},{"damage":20,"enemies":"Exordium Thugs","floor":13,"turns":5},{"damage":29,"enemies":"Gremlin Gang","floor":14,"turns":6},{"damage":54,"enemies":"Hexaghost","floor":16,"turns":10}],"seed_played":"8913732722361835821","potions_obtained":[{"floor":1,"key":"Swift Potion"},{"floor":8,"key":"Poison Potion"},{"floor":11,"key":"Swift Potion"},{"floor":12,"key":"LiquidBronze"}],"is_trial":false,"path_per_floor":["M","?","$","M","M","R","M","M","T","R","M","E","M","M","R","B"],"character_chosen":"IRONCLAD","items_purchased":[],"campfire_rested":1,"item_purchase_floors":[],"current_hp_per_floor":[80,80,80,79,80,80,80,80,80,80,80,44,34,23,47,0],"gold":188,"neow_bonus":"TRANSFORM_CARD","is_prod":false,"is_daily":false,"chose_seed":false,"campfire_upgraded":2,"win_rate":0.0,"timestamp":1559235442,"path_taken":["M","?","$","M","M","R","?","M","T","R","M","E","M","M","R","BOSS"],"build_version":"2019-01-23","purchased_purges":1,"victory":false,"max_hp_per_floor":[80,80,80,80,80,80,80,80,80,80,80,80,80,80,80,80],"card_choices":[{"not_picked":["Carnage","Rage","Entrench"],"picked":"SKIP","floor":1},{"not_picked":["Intimidate","Seeing Red"],"picked":"Infernal Blade","floor":4},{"not_picked":["Wild Strike","Clothesline"],"picked":"Flex","floor":5},{"not_picked":["Flame Barrier","Battle Trance"],"picked":"Ghostly Armor","floor":7},{"not_picked":["Wild Strike","Pommel Strike"],"picked":"Flex","floor":8},{"not_picked":["True Grit","Feel No Pain","Fire Breathing"],"picked":"SKIP","floor":11},{"not_picked":["Spot Weakness","Ghostly Armor"],"picked":"Body Slam","floor":12},{"not_picked":["Hemokinesis","Sword Boomerang","Pummel"],"picked":"SKIP","floor":13},{"not_picked":["Entrench","Rupture","Anger"],"picked":"SKIP","floor":14}],"player_experience":23908,"relics_obtained":[{"floor":9,"key":"Bag of Marbles"},{"floor":12,"key":"Ancient Tea Set"}],"event_choices":[{"damage_healed":0,"gold_gain":0,"player_choice":"2 cards matched","damage_taken":0,"max_hp_gain":0,"max_hp_loss":0,"event_name":"Match and Keep!","floor":2,"gold_loss":0,"cards_obtained":["Perfected Strike","Reaper"]}],"is_beta":false,"boss_relics":[],"items_purged_floors":[3],"is_endless":false,"potions_floor_spawned":[1,8,11,12,13],"killed_by":"Hexaghost","ascension_level":0}