{"gold_per_floor":[20,37,37,56,74,86,100,100,100,100,64,94,111,143,143,241,241,256,256,289,192,192,224,242,242,242,258,272,292,292,323,323,323],"floor_reached":33,"playtime":1924,"items_purged":[],"score":299,"play_id":"193fea61-1ede-4e88-9b34-27f64667555d","local_time":"20190305020546","is_ascension_mode":false,"campfire_choices":[{"data":"Iron Wave","floor":8.0,"key":"SMITH"},{"data":"Cleave","floor":10.0,"key":"SMITH"},{"data":"Perfected Strike","floor":15,"key":"SMITH"},{"floor":25,"key":"REST"},{"floor":32,"key":"REST"}],"neow_cost":"NO_GOLD","seed_source_timestamp":0,"circlet_count":0,"master_deck":["Strike_R","Strike_R","Strike_R","Strike_R","Defend_R","Defend_R","Defend_R","Defend_R","Bash","Pommel Strike","Shrug It Off","Cleave+1","Impervious","Iron Wave","Iron Wave+1","Corruption","Perfected Strike+1","Perfected Strike","Sword Boomerang","Fiend Fire","Perfected Strike","Uppercut","Inflame","Cleave","Battle Trance","Heavy Blade","Whirlwind","Entrench","Flame Barrier","Disarm"],"special_seed":0,"relics":["Burning Blood","Gambling Chip","Sundial","Question Card","Matryoshka","Sozu","Red Mask","StoneCalendar","Bottled Flame","Pen Nib","Shuriken","NlothsMask","Bag of Preparation"],"potions_floor_usage":[31],"damage_taken":[{"damage":1.0,"enemies":"Cultist","floor":1.0,"turns":4.0},{"damage":13.0,"enemies":"Jaw Worm","floor":2.0,"turns":4.0},{"damage":4.0,"enemies":"2 Louse","floor":4.0,"turns":3.0},{"damage":3.0,"enemies":"Exordium Wildlife","floor":5.0,"turns":4.0},{"damage":7.0,"enemies":"Blue Slaver","floor":6.0,"turns":4.0},{"damage":3.0,"enemies":"Red Slaver","floor":7.0,"turns":5.0},{"damage":30.0,"enemies":"Gremlin Nob","floor":12.0,"turns":5.0},{"damage":0,"enemies":"Gremlin Gang","floor":13,"turns":3},{"damage":15,"enemies":"3 Sentries","floor":14,"turns":5},{"damage":31,"enemies":"Slime Boss","floor":16,"turns":11},{"damage":5,"enemies":"Spheric Guardian","floor":18,"turns":3},{"damage":9,"enemies":"Masked Bandits","floor":20,"turns":3},{"damage":40,"enemies":"Slavers","floor":23,"turns":5},{"damage":11,"enemies":"2 Thieves","floor":24,"turns":3},{"damage":27,"enemies":"Shelled Parasite and Fungi","floor":27,"turns":4},{"damage":2,"enemies":"Centurion and Healer","floor":28,"turns":4},{"damage":15,"enemies":"Snake Plant","floor":29,"turns":4},{"damage":29,"enemies":"Book of Stabbing","floor":31,"turns":5},{"damage":37,"enemies":"Champ","floor":33,"turns":7}],"seed_played":"-4968230726299284386","potions_obtained":[{"floor":2.0,"key":"Weak Potion"},{"floor":4.0,"key":"Swift Potion"},{"floor":13,"key":"SkillPotion"}],"is_trial":false,"path_per_floor":["M","M","?","M","M","M","M","R","T","R","$","E","M","E","R","B",null,"M","?","?","$","T","E","M","R","T","M","M","M","?","E","R","B"],"character_chosen":"IRONCLAD","items_purchased":["Corruption","Inflame","Cleave"],"campfire_rested":2,"item_purchase_floors":[11,21,21],"current_hp_per_floor":[80,73,73,75,78,77,80,80,80,80,80,56,62,53,53,28,80,80,80,77,77,77,43,38,62,62,41,45,36,36,13,37,0],"gold":323,"neow_bonus":"ONE_RARE_RELIC","is_prod":false,"is_daily":false,"chose_seed":false,"campfire_upgraded":3,"win_rate":0.0,"timestamp":1551769546,"path_taken":["M","?","?","M","M","M","?","R","T","R","$","E","M","E","R","BOSS","M","?","?","$","?","E","M","R","T","?","M","M","?","E","R","BOSS"],"build_version":"2019-01-23","purchased_purges":0,"victory":false,"max_hp_per_floor":[80,80,80,80,80,80,80,80,80,80,80,80,80,80,80,80,80,80,80,80,80,80,80,80,80,80,80,80,80,80,80,80,80],"card_choices":[{"not_picked":["Searing Blow","Sever Soul"],"picked":"Pommel Strike","floor":1.0},{"not_picked":["Twin Strike","Sword Boomerang"],"picked":"Shrug It Off","floor":2.0},{"not_picked":["Pommel Strike","Body Slam"],"picked":"Cleave","floor":4.0},{"not_picked":["Iron Wave","Shrug It Off"],"picked":"Impervious","floor":5.0},{"not_picked":["Pummel","Thunderclap"],"picked":"Iron Wave","floor":6.0},{"not_picked":["Clash","Disarm"],"picked":"Iron Wave","floor":7.0},{"not_picked":["Pommel Strike","Reaper"],"picked":"Perfected Strike","floor":12},{"not_picked":["Clothesline","Anger","Second Wind"],"picked":"Perfected Strike","floor":13},{"not_picked":["Flex","Headbutt","Clothesline"],"picked":"Sword Boomerang","floor":14},{"not_picked":["Brutality","Demon Form","Dark Embrace"],"picked":"Fiend Fire","floor":16},{"not_picked":["Headbutt+1","True Grit","Armaments"],"picked":"Perfected Strike","floor":18},{"not_picked":["Blood for Blood+1","Power Through","Rage"],"picked":"Uppercut","floor":20},{"not_picked":["Hemokinesis+1","Reckless Charge","Flex"],"picked":"Battle Trance","floor":23},{"not_picked":["Thunderclap+1","Iron Wave","Warcry"],"picked":"Heavy Blade","floor":24},{"not_picked":["Pommel Strike","Sword Boomerang","Iron Wave"],"picked":"Whirlwind","floor":27},{"not_picked":["Body Slam","Rupture","Flame Barrier"],"picked":"Entrench","floor":28},{"not_picked":["Flex","Clothesline+1","Combust+1"],"picked":"Flame Barrier","floor":29},{"not_picked":["Cleave","Dropkick","Battle Trance"],"picked":"Disarm","floor":31}],"player_experience":21105,"relics_obtained":[{"floor":9.0,"key":"Sundial"},{"floor":12,"key":"Question Card"},{"floor":14,"key":"Matryoshka"},{"floor":20,"key":"Red Mask"},{"floor":22,"key":"StoneCalendar"},{"floor":23,"key":"Bottled Flame"},{"floor":26,"key":"Pen Nib"},{"floor":26,"key":"Shuriken"},{"floor":31,"key":"Bag of Preparation"}],"event_choices":[{"cards_removed":["Strike_R"],"damage_healed":0.0,"max_hp_gain":0.0,"max_hp_loss":0.0,"gold_gain":0.0,"event_name":"Bonfire Elementals","player_choice":"Offered Basic","floor":3.0,"gold_loss":0.0,"damage_taken":0.0},{"damage_healed":0,"gold_gain":0,"player_choice":"Ignored","damage_taken":0,"max_hp_gain":0,"max_hp_loss":0,"event_name":"Vampires","floor":19,"gold_loss":0},{"damage_healed":0,"gold_gain":0,"player_choice":"Fought Bandits","damage_taken":0,"max_hp_gain":0,"max_hp_loss":0,"event_name":"Masked Bandits","floor":20,"gold_loss":0},{"damage_healed":0,"gold_gain":0,"player_choice":"Trade","damage_taken":0,"relics_obtained":["NlothsMask"],"max_hp_gain":0,"max_hp_loss":0,"event_name":"FaceTrader","floor":30,"gold_loss":0}],"is_beta":false,"boss_relics":[{"not_picked":["Black Blood","Busted Crown"],"picked":"Sozu"}],"items_purged_floors":[],"is_endless":false,"potions_floor_spawned":[2,4,13,14,20,24,31],"killed_by":"Champ","ascension_level":0}