{"gold_per_floor":[119,119,36,56,70,70,86,106,106,106,106],"floor_reached":11,"playtime":410,"items_purged":[],"score":104,"play_id":"14d257fd-16f8-4968-be0e-682f24553ba8","local_time":"20190624141226","is_ascension_mode":true,"campfire_choices":[{"data":"Mind Blast","floor":6,"key":"SMITH"},{"floor":10,"key":"REST"}],"neow_cost":"PERCENT_DAMAGE","seed_source_timestamp":269623595450000,"circlet_count":0,"master_deck":["AscendersBane","Defend_G","Defend_G","Defend_G","Defend_G","Defend_G","Strike_G","Strike_G","Strike_G","Strike_G","Survivor","Neutralize","Mind Blast+1","Blind","Backflip","Mind Blast","Acrobatics","Backflip","Backflip","Heel Hook"],"relics":["Ring of the Snake","Odd Mushroom","Pantograph"],"potions_floor_usage":[8,11],"damage_taken":[{"damage":1,"enemies":"Jaw Worm","floor":1,"turns":5},{"damage":2,"enemies":"Cultist","floor":4,"turns":6},{"damage":0,"enemies":"2 Louse","floor":5,"turns":3},{"damage":1,"enemies":"Blue Slaver","floor":7,"turns":5},{"damage":26,"enemies":"The Mushroom Lair","floor":8,"turns":5},{"damage":38,"enemies":"Gremlin Nob","floor":11,"turns":6}],"seed_played":"6950985718296939591","potions_obtained":[{"floor":7,"key":"SteroidPotion"},{"floor":8,"key":"Ancient Potion"}],"is_trial":false,"path_per_floor":["M","?","$","M","M","R","M","?","T","R","E"],"character_chosen":"THE_SILENT","items_purchased":["Mind Blast"],"campfire_rested":1,"item_purchase_floors":[3],"current_hp_per_floor":[44,44,44,42,42,42,41,15,15,36,0],"gold":106,"neow_bonus":"RANDOM_COLORLESS_2","is_prod":false,"is_daily":false,"chose_seed":false,"campfire_upgraded":1,"win_rate":0,"timestamp":1561399946,"path_taken":["M","?","?","M","M","R","M","?","T","R","E"],"build_version":"2019-01-23","purchased_purges":0,"victory":false,"max_hp_per_floor":[70,70,70,70,70,70,70,70,70,70,70],"card_choices":[{"not_picked":["PiercingWail","Flying Knee"],"picked":"Backflip","floor":1},{"not_picked":["Outmaneuver","Choke"],"picked":"Acrobatics","floor":4},{"not_picked":["Prepared","Cloak And Dagger"],"picked":"Backflip","floor":5},{"not_picked":["Flying Knee","Glass Knife"],"picked":"Backflip","floor":7},{"not_picked":["Flying Knee","Reflex"],"picked":"Heel Hook","floor":8}],"player_experience":1343932,"relics_obtained":[{"floor":8,"key":"Odd Mushroom"},{"floor":9,"key":"Pantograph"}],"event_choices":[{"cards_removed":["Strike_G"],"damage_healed":0,"gold_gain":0,"player_choice":"Offered Basic","damage_taken":0,"max_hp_gain":0,"max_hp_loss":0,"event_name":"Bonfire Elementals","floor":2,"gold_loss":0},{"damage_healed":0,"gold_gain":0,"player_choice":"Fought Mushrooms","damage_taken":0,"max_hp_gain":0,"max_hp_loss":0,"event_name":"Mushrooms","floor":8,"gold_loss":0}],"is_beta":false,"boss_relics":[],"items_purged_floors":[],"is_endless":false,"potions_floor_spawned":[7,8],"killed_by":"Gremlin Nob","ascension_level":13}