{"gold_per_floor":[110,59,59,59,71,71,97,115,115,115,125,139,166,176,176,279,279,298,223,241,85,85,116,116,126,208,225,260,260,279,295,295,295],"floor_reached":33,"playtime":1806,"items_purged":["Strike_R"],"score":349,"play_id":"ab8f235b-613e-4fa0-bf6e-ee65acdc2e20","local_time":"20190529211554","is_ascension_mode":false,"campfire_choices":[{"data":"Demon Form","floor":6,"key":"SMITH"},{"data":"Thunderclap","floor":10,"key":"SMITH"},{"data":"Twin Strike","floor":15,"key":"SMITH"},{"data":"Limit Break","floor":24,"key":"SMITH"},{"floor":29,"key":"REST"},{"data":"Heavy Blade","floor":32,"key":"SMITH"}],"neow_cost":"NONE","seed_source_timestamp":120721468479713,"circlet_count":0,"master_deck":["Strike_R","Strike_R","Strike_R","Strike_R","Defend_R","Defend_R","Defend_R","Defend_R","Bash","Twin Strike+1","Shrug It Off","Demon Form+1","Thunderclap+1","Heavy Blade+1","Normality","Doubt","Clumsy","Limit Break+1","Writhe","Intimidate+1","Flex"],"relics":["Burning Blood","NeowsBlessing","Mummified Hand","Thread and Needle","Gremlin Horn","Orichalcum","Calling Bell","Red Skull","Pear","Magic Flower","Charon\u0027s Ashes","StoneCalendar","Paper Frog","Meat on the Bone"],"potions_floor_usage":[13,13,23,23,28,28,31],"damage_taken":[{"damage":0,"enemies":"Cultist","floor":1,"turns":1},{"damage":0,"enemies":"2 Louse","floor":5,"turns":1},{"damage":0,"enemies":"Lagavulin","floor":7,"turns":4},{"damage":2,"enemies":"Jaw Worm","floor":8,"turns":4},{"damage":9,"enemies":"Red Slaver","floor":11,"turns":2},{"damage":1,"enemies":"Looter","floor":12,"turns":3},{"damage":0,"enemies":"3 Sentries","floor":13,"turns":5},{"damage":0,"enemies":"Blue Slaver","floor":14,"turns":3},{"damage":25,"enemies":"Slime Boss","floor":16,"turns":5},{"damage":5,"enemies":"Spheric Guardian","floor":18,"turns":5},{"damage":12,"enemies":"Chosen","floor":20,"turns":5},{"damage":45,"enemies":"Slavers","floor":23,"turns":7},{"damage":8,"enemies":"Shelled Parasite and Fungi","floor":25,"turns":4},{"damage":26,"enemies":"Snake Plant","floor":27,"turns":5},{"damage":24,"enemies":"Gremlin Leader","floor":28,"turns":6},{"damage":13,"enemies":"Sentry and Sphere","floor":30,"turns":4},{"damage":0,"enemies":"Centurion and Healer","floor":31,"turns":6},{"damage":87,"enemies":"Collector","floor":33,"turns":7}],"seed_played":"1199695983095192267","potions_obtained":[{"floor":8,"key":"Strength Potion"},{"floor":11,"key":"Block Potion"},{"floor":12,"key":"Swift Potion"},{"floor":13,"key":"Poison Potion"},{"floor":14,"key":"Swift Potion"},{"floor":18,"key":"LiquidBronze"},{"floor":23,"key":"Weak Potion"},{"floor":25,"key":"Weak Potion"},{"floor":27,"key":"Energy Potion"}],"is_trial":false,"path_per_floor":["M","$","$","T","M","R","E","M","T","R","M","M","E","M","R","B",null,"M","$","M","$","?","E","R","M","T","M","E","R","M","M","R","B"],"character_chosen":"IRONCLAD","items_purchased":["Shrug It Off","Limit Break"],"campfire_rested":1,"item_purchase_floors":[2,21],"current_hp_per_floor":[80,80,80,80,80,80,80,80,80,80,77,80,80,80,80,61,90,90,90,87,87,87,51,51,52,52,35,20,47,61,70,70,0],"gold":295,"neow_bonus":"THREE_ENEMY_KILL","is_prod":false,"is_daily":false,"chose_seed":false,"campfire_upgraded":5,"win_rate":0.0,"timestamp":1559182554,"path_taken":["M","?","$","?","M","R","E","?","T","R","M","M","E","M","R","BOSS","M","$","M","$","?","E","R","M","T","M","E","R","M","M","R","BOSS"],"build_version":"2019-01-23","purchased_purges":1,"victory":false,"max_hp_per_floor":[80,80,80,80,80,80,80,80,80,80,80,80,80,80,80,80,90,90,90,90,90,90,90,90,90,90,90,90,90,90,90,90,90],"card_choices":[{"not_picked":["Anger","Perfected Strike"],"picked":"Twin Strike","floor":1},{"not_picked":["Clash","Whirlwind"],"picked":"Demon Form","floor":5},{"not_picked":["Flex","Clash"],"picked":"Thunderclap","floor":7},{"not_picked":["Bloodletting","Body Slam","Rupture"],"picked":"SKIP","floor":8},{"not_picked":["Sword Boomerang","Perfected Strike","Second Wind"],"picked":"SKIP","floor":11},{"not_picked":["Thunderclap","Searing Blow"],"picked":"Heavy Blade","floor":12},{"not_picked":["Clothesline","Carnage","Second Wind"],"picked":"SKIP","floor":13},{"not_picked":["Cleave","Body Slam","Heavy Blade"],"picked":"SKIP","floor":14},{"not_picked":["Clash+1","Reckless Charge","Anger"],"picked":"SKIP","floor":18},{"not_picked":["Iron Wave","Thunderclap","Pommel Strike"],"picked":"SKIP","floor":20},{"not_picked":["Shrug It Off","Flame Barrier","Entrench+1"],"picked":"SKIP","floor":23},{"not_picked":["Shrug It Off","Perfected Strike+1","Metallicize"],"picked":"SKIP","floor":25},{"not_picked":["Fiend Fire","Perfected Strike"],"picked":"Intimidate+1","floor":27},{"not_picked":["Ghostly Armor","Clothesline+1"],"picked":"Flex","floor":28},{"not_picked":["Sever Soul","Infernal Blade+1","Sword Boomerang"],"picked":"SKIP","floor":30},{"not_picked":["Hemokinesis","Dropkick","True Grit"],"picked":"SKIP","floor":31}],"player_experience":21105,"relics_obtained":[{"floor":4,"key":"Mummified Hand"},{"floor":7,"key":"Thread and Needle"},{"floor":9,"key":"Gremlin Horn"},{"floor":13,"key":"Orichalcum"},{"floor":17,"key":"Red Skull"},{"floor":17,"key":"Pear"},{"floor":17,"key":"Magic Flower"},{"floor":23,"key":"StoneCalendar"},{"floor":26,"key":"Paper Frog"},{"floor":28,"key":"Meat on the Bone"}],"event_choices":[{"damage_healed":0,"gold_gain":0,"player_choice":"Opened","damage_taken":0,"relics_obtained":["Charon\u0027s Ashes"],"max_hp_gain":0,"max_hp_loss":0,"event_name":"The Mausoleum","floor":22,"gold_loss":0,"cards_obtained":["Writhe"]}],"is_beta":false,"boss_relics":[{"not_picked":["Cursed Key","Mark of Pain"],"picked":"Calling Bell"}],"items_purged_floors":[19],"is_endless":false,"potions_floor_spawned":[8,11,12,13,14,18,23,25,27],"killed_by":"Collector","ascension_level":0}