{"gold_per_floor":[118,118,138,157,157,189,189,217,217,217,234,260,270,287,287,360,360,371,269,283,297,297,297,325,325,325,325,345,374,394,409,409,409],"floor_reached":33,"playtime":2399,"items_purged":[],"score":618,"play_id":"e066ab6a-3f82-4ca0-81e8-0d1cdc87fc81","local_time":"20190623174824","is_ascension_mode":true,"campfire_choices":[{"floor":7,"key":"REST"},{"floor":10,"key":"REST"},{"floor":15,"key":"REST"},{"floor":23,"key":"REST"},{"floor":25,"key":"REST"},{"data":"Uppercut","floor":27,"key":"SMITH"},{"floor":32,"key":"REST"}],"neow_cost":"NONE","seed_source_timestamp":526801340774755,"circlet_count":0,"master_deck":["AscendersBane","Strike_R","Strike_R","Strike_R","Strike_R","Strike_R","Defend_R+1","Defend_R","Defend_R","Defend_R+1","Bash","Armaments+1","Headbutt","Shrug It Off","Inflame","Anger","Shrug It Off+1","Armaments+1","Uppercut+1","Offering+1","Panacea+1","Inflame","Reaper","Heavy Blade","Flex+1"],"relics":["Burning Blood","Centennial Puzzle","Toxic Egg 2","Dodecahedron","Mercury Hourglass","Juzu Bracelet","Velvet Choker","Matryoshka","PreservedInsect","War Paint","Smiling Mask"],"potions_floor_usage":[6,8,16,29,31],"damage_taken":[{"damage":6,"enemies":"Jaw Worm","floor":1,"turns":6},{"damage":10,"enemies":"2 Louse","floor":3,"turns":4},{"damage":4,"enemies":"Small Slimes","floor":4,"turns":5},{"damage":45,"enemies":"Lagavulin","floor":6,"turns":11},{"damage":32,"enemies":"Gremlin Nob","floor":8,"turns":4},{"damage":0,"enemies":"2 Fungi Beasts","floor":11,"turns":3},{"damage":6,"enemies":"3 Sentries","floor":12,"turns":7},{"damage":6,"enemies":"Gremlin Gang","floor":13,"turns":4},{"damage":5,"enemies":"Large Slime","floor":14,"turns":4},{"damage":25,"enemies":"The Guardian","floor":16,"turns":11},{"damage":16,"enemies":"Shell Parasite","floor":18,"turns":5},{"damage":6,"enemies":"2 Thieves","floor":20,"turns":4},{"damage":13,"enemies":"Centurion and Healer","floor":21,"turns":5},{"damage":33,"enemies":"Book of Stabbing","floor":24,"turns":5},{"damage":18,"enemies":"Snecko","floor":28,"turns":4},{"damage":31,"enemies":"Slavers","floor":29,"turns":4},{"damage":31,"enemies":"3 Cultists","floor":30,"turns":5},{"damage":14,"enemies":"Chosen and Byrds","floor":31,"turns":7},{"damage":99,"enemies":"Automaton","floor":33,"turns":6}],"seed_played":"-4411997877231491180","potions_obtained":[{"floor":1,"key":"EssenceOfSteel"},{"floor":6,"key":"Ancient Potion"},{"floor":8,"key":"Fruit Juice"},{"floor":14,"key":"Fire Potion"},{"floor":18,"key":"EssenceOfSteel"},{"floor":31,"key":"Fruit Juice"}],"is_trial":false,"path_per_floor":["M","?","M","M","?","E","R","E","T","R","M","E","M","M","R","B",null,"M","$","M","M","?","R","E","R","T","R","M","E","M","M","R","B"],"character_chosen":"IRONCLAD","items_purchased":["Panacea+1"],"campfire_rested":6,"item_purchase_floors":[19],"current_hp_per_floor":[68,73,69,71,71,32,56,35,35,60,66,66,66,67,85,66,80,70,70,70,63,63,85,58,83,83,83,81,77,64,70,90,0],"gold":409,"neow_bonus":"RANDOM_COMMON_RELIC","is_prod":false,"is_daily":false,"chose_seed":false,"campfire_upgraded":1,"win_rate":0,"timestamp":1561322904,"path_taken":["M","?","M","M","?","E","R","E","T","R","M","E","M","M","R","BOSS","M","$","M","M","?","R","E","R","T","R","M","E","M","M","R","BOSS"],"build_version":"2019-01-23","purchased_purges":0,"victory":false,"max_hp_per_floor":[75,80,80,80,80,80,80,85,85,85,85,85,85,85,85,85,85,85,85,85,85,85,85,85,85,85,85,85,85,85,90,90,90],"card_choices":[{"not_picked":["Wild Strike","Entrench"],"picked":"Armaments","floor":1},{"not_picked":["Sword Boomerang","Brutality"],"picked":"Headbutt","floor":3},{"not_picked":["Body Slam","Cleave"],"picked":"Shrug It Off","floor":4},{"not_picked":["Barricade","Thunderclap"],"picked":"Inflame","floor":6},{"not_picked":["Pommel Strike","Warcry+1"],"picked":"Anger","floor":8},{"not_picked":["Iron Wave","Flex+1"],"picked":"Shrug It Off+1","floor":11},{"not_picked":["Clash","Anger"],"picked":"Armaments+1","floor":12},{"not_picked":["Flex+1","Dark Embrace"],"picked":"Uppercut","floor":13},{"not_picked":["Blood for Blood","Iron Wave","Heavy Blade"],"picked":"SKIP","floor":14},{"not_picked":["Juggernaut","Bludgeon"],"picked":"Offering+1","floor":16},{"not_picked":["Perfected Strike","Cleave","Second Wind+1"],"picked":"SKIP","floor":18},{"not_picked":["Perfected Strike","Clash"],"picked":"Inflame","floor":20},{"not_picked":["Heavy Blade","Pommel Strike","Headbutt+1"],"picked":"SKIP","floor":21},{"not_picked":["Thunderclap","Headbutt"],"picked":"Reaper","floor":24},{"not_picked":["Iron Wave","Body Slam"],"picked":"Heavy Blade","floor":28},{"not_picked":["Sentinel+1","True Grit+1"],"picked":"Flex+1","floor":29},{"not_picked":["Fire Breathing","Twin Strike","Infernal Blade+1"],"picked":"SKIP","floor":30},{"not_picked":["Searing Blow","Cleave","Infernal Blade+1"],"picked":"SKIP","floor":31}],"player_experience":1164856,"relics_obtained":[{"floor":6,"key":"Toxic Egg 2"},{"floor":8,"key":"Dodecahedron"},{"floor":9,"key":"Mercury Hourglass"},{"floor":12,"key":"Juzu Bracelet"},{"floor":24,"key":"Matryoshka"},{"floor":26,"key":"PreservedInsect"},{"floor":26,"key":"War Paint"},{"floor":29,"key":"Smiling Mask"}],"event_choices":[{"damage_healed":0,"gold_gain":0,"player_choice":"Donut","damage_taken":0,"max_hp_gain":5,"max_hp_loss":0,"event_name":"Big Fish","floor":2,"gold_loss":0},{"damage_healed":0,"gold_gain":0,"player_choice":"Grow","damage_taken":0,"max_hp_gain":0,"max_hp_loss":0,"event_name":"Living Wall","floor":5,"gold_loss":0,"cards_upgraded":["Armaments"]},{"damage_healed":0,"gold_gain":0,"player_choice":"Ignored","damage_taken":0,"max_hp_gain":0,"max_hp_loss":0,"event_name":"Ghosts","floor":22,"gold_loss":0}],"is_beta":false,"boss_relics":[{"not_picked":["Ectoplasm","Philosopher\u0027s Stone"],"picked":"Velvet Choker"}],"items_purged_floors":[],"is_endless":false,"potions_floor_spawned":[1,6,8,14,18,21,28,31],"killed_by":"Automaton","ascension_level":20}