{"gold_per_floor":[119,136,106,31,31,56,56,73,100,100,0,17,17,47,47,47],"floor_reached":16,"playtime":529,"items_purged":["Strike_G","Strike_G"],"score":194,"play_id":"b3eed06f-f778-436a-86b3-6bf814d8a723","local_time":"20190625114710","is_ascension_mode":true,"campfire_choices":[{"data":"Die Die Die","floor":7,"key":"SMITH"},{"data":"Defend_G","floor":10,"key":"SMITH"},{"data":"Neutralize","floor":13,"key":"SMITH"},{"data":"Dodge and Roll","floor":15,"key":"SMITH"}],"neow_cost":"NONE","seed_source_timestamp":8277973193600,"circlet_count":0,"master_deck":["AscendersBane","Defend_G+1","Defend_G","Defend_G","Defend_G","Defend_G","Strike_G","Strike_G","Strike_G","Survivor","Neutralize+1","PiercingWail","Dagger Spray","Die Die Die+1","Poisoned Stab","Dodge and Roll+1"],"relics":["Ring of the Snake","NeowsBlessing","Bird Faced Urn","Blood Vial","Juzu Bracelet","PreservedInsect"],"potions_floor_usage":[8,8,14],"damage_taken":[{"damage":0,"enemies":"2 Louse","floor":1,"turns":1},{"damage":0,"enemies":"Cultist","floor":2,"turns":1},{"damage":5,"enemies":"3 Sentries","floor":6,"turns":2},{"damage":4,"enemies":"Jaw Worm","floor":8,"turns":4},{"damage":6,"enemies":"Exordium Thugs","floor":12,"turns":4},{"damage":32,"enemies":"Lagavulin","floor":14,"turns":11},{"damage":58,"enemies":"The Guardian","floor":16,"turns":20}],"seed_played":"4793649575498001982","potions_obtained":[{"floor":3,"key":"Fruit Juice"},{"floor":3,"key":"Fruit Juice"},{"floor":12,"key":"Regen Potion"}],"is_trial":false,"path_per_floor":["M","M","?","$","T","E","R","M","T","R","$","M","R","E","R","B"],"character_chosen":"THE_SILENT","items_purchased":[],"campfire_rested":0,"item_purchase_floors":[],"current_hp_per_floor":[59,59,59,59,59,54,54,62,62,62,62,58,58,43,43,0],"gold":47,"neow_bonus":"THREE_ENEMY_KILL","is_prod":false,"is_daily":false,"chose_seed":false,"campfire_upgraded":4,"win_rate":0,"timestamp":1561477630,"path_taken":["M","M","?","?","?","E","R","?","T","R","?","M","R","E","R","BOSS"],"build_version":"2019-01-23","purchased_purges":2,"victory":false,"max_hp_per_floor":[66,66,66,66,66,66,66,76,76,76,76,76,76,76,76,76],"card_choices":[{"not_picked":["Flying Knee","Outmaneuver"],"picked":"PiercingWail","floor":1},{"not_picked":["Slice","Dagger Throw"],"picked":"Dagger Spray","floor":2},{"not_picked":["Sucker Punch","Outmaneuver"],"picked":"Die Die Die","floor":6},{"not_picked":["Dagger Spray","Dodge and Roll","Acrobatics"],"picked":"SKIP","floor":8},{"not_picked":["Eviscerate","Backflip"],"picked":"Poisoned Stab","floor":12},{"not_picked":["Cloak And Dagger","Underhanded Strike"],"picked":"Dodge and Roll","floor":14}],"player_experience":1400141,"relics_obtained":[{"floor":5,"key":"Bird Faced Urn"},{"floor":6,"key":"Blood Vial"},{"floor":9,"key":"Juzu Bracelet"},{"floor":14,"key":"PreservedInsect"}],"event_choices":[{"damage_healed":0,"gold_gain":0,"player_choice":"Bought 2 Potions","damage_taken":0,"max_hp_gain":0,"max_hp_loss":0,"event_name":"The Woman in Blue","floor":3,"gold_loss":0}],"is_beta":false,"boss_relics":[],"items_purged_floors":[4,11],"is_endless":false,"potions_floor_spawned":[6,12],"killed_by":"The Guardian","ascension_level":16}