{"gold_per_floor":[114,64,64,83,3,3,0,38,65,65,105,123,123,136,136,229,229,244,244,170,193,206,206,549,568,595,140,140,65,103,7,7,100,100,124,138,199,213,232,232,232,232,285,285,310,310],"floor_reached":46,"playtime":3850,"items_purged":[],"score":926,"play_id":"d429fb70-af67-48d4-9716-3a108b85e37f","local_time":"20190625114043","is_ascension_mode":true,"campfire_choices":[{"data":"Defragment","floor":6.0,"key":"SMITH"},{"data":"Zap","floor":15.0,"key":"SMITH"},{"data":"Beam Cell","floor":23.0,"key":"SMITH"},{"data":"Apotheosis","floor":32.0,"key":"SMITH"},{"data":"Fusion","floor":40,"key":"SMITH"},{"data":"Defragment","floor":44,"key":"SMITH"}],"neow_cost":"NONE","seed_source_timestamp":0,"circlet_count":0,"master_deck":["AscendersBane","Strike_B","Defend_B+1","Defend_B","Defend_B","Zap+1","Dualcast+1","Cold Snap","Gash","Gash","Defragment+1","Sweeping Beam","Beam Cell+1","Reinforced Body","Go for the Eyes","Reboot","Hologram","Defragment+1","FTL","Sweeping Beam+1","Compile Driver","FTL","Leap","Capacitor","Ghostly","Ghostly","Ghostly","Ghostly","Ghostly","Apotheosis+1","Buffer","Defragment","Static Discharge","Fusion+1","Panacea","Gash"],"special_seed":0,"relics":["Cracked Core","Golden Idol","Vajra","Blood Vial","Bag of Preparation","Anchor","Eternal Feather","Old Coin","War Paint","Membership Card","Mango","Orichalcum","Smiling Mask","White Beast Statue","Unceasing Top","Ornamental Fan"],"potions_floor_usage":[36,37,39,46],"damage_taken":[{"damage":0.0,"enemies":"Jaw Worm","floor":1.0,"turns":4.0},{"damage":5.0,"enemies":"Small Slimes","floor":4.0,"turns":4.0},{"damage":8.0,"enemies":"Lagavulin","floor":8.0,"turns":7.0},{"damage":20.0,"enemies":"Gremlin Nob","floor":11.0,"turns":4.0},{"damage":9.0,"enemies":"2 Louse","floor":12.0,"turns":2.0},{"damage":0.0,"enemies":"2 Fungi Beasts","floor":14.0,"turns":2.0},{"damage":0.0,"enemies":"Hexaghost","floor":16.0,"turns":10.0},{"damage":0.0,"enemies":"Shell Parasite","floor":18.0,"turns":4.0},{"damage":0.0,"enemies":"Chosen","floor":21.0,"turns":3.0},{"damage":8.0,"enemies":"Snecko","floor":22.0,"turns":3.0},{"damage":14.0,"enemies":"Book of Stabbing","floor":24.0,"turns":5.0},{"damage":0.0,"enemies":"Cultist and Chosen","floor":25.0,"turns":5.0},{"damage":9.0,"enemies":"Slavers","floor":30.0,"turns":7.0},{"damage":1.0,"enemies":"Champ","floor":33.0,"turns":11.0},{"damage":0,"enemies":"3 Shapes","floor":35,"turns":5},{"damage":2,"enemies":"3 Darklings","floor":36,"turns":5},{"damage":0,"enemies":"2 Orb Walkers","floor":37,"turns":6},{"damage":0,"enemies":"Spire Growth","floor":38,"turns":6},{"damage":10,"enemies":"Jaw Worm Horde","floor":39,"turns":8},{"damage":0,"enemies":"Transient","floor":45,"turns":5},{"damage":52,"enemies":"Nemesis","floor":46,"turns":8}],"seed_played":"-8319416822170415692","potions_obtained":[{"floor":8.0,"key":"Strength Potion"},{"floor":11.0,"key":"Fire Potion"},{"floor":12.0,"key":"Block Potion"},{"floor":24.0,"key":"AttackPotion"},{"floor":33.0,"key":"FearPotion"},{"floor":35,"key":"Fruit Juice"},{"floor":36,"key":"GamblersBrew"},{"floor":37,"key":"Explosive Potion"},{"floor":38,"key":"Ancient Potion"},{"floor":39,"key":"Ancient Potion"},{"floor":45,"key":"SkillPotion"}],"is_trial":false,"path_per_floor":["M","?","?","M","$","R","?","E","T","?","E","M","?","M","R","B",null,"M","?","$","M","M","R","E","M","T","$","?","?","E","$","R","B",null,"M","M","?","M","M","R","T","?","T","R","M","E"],"character_chosen":"DEFECT","items_purchased":["Defragment","FTL","Membership Card","Mango","Orichalcum","Capacitor","Apotheosis"],"campfire_rested":0,"item_purchase_floors":[5,20,27,27,27,27,31],"current_hp_per_floor":[68,68,68,63,63,63,63,55,55,48,30,23,23,25,25,27,59,61,61,61,63,57,69,55,57,57,71,41,41,32,32,41,40,41,41,44,46,46,36,46,46,46,46,46,46,0],"gold":310,"neow_bonus":"TRANSFORM_CARD","is_prod":false,"is_daily":false,"chose_seed":false,"campfire_upgraded":6,"win_rate":0,"timestamp":1561473643,"path_taken":["M","?","?","M","$","R","?","E","T","?","E","M","?","M","R","BOSS","M","?","$","M","M","R","E","M","T","$","?","?","E","?","R","BOSS","M","?","?","M","M","R","?","?","T","R","M","E"],"build_version":"2019-01-23","purchased_purges":0,"victory":false,"max_hp_per_floor":[75,75,69,69,69,69,69,69,69,69,69,69,69,69,69,69,69,69,69,69,69,69,69,69,69,69,83,41,41,41,41,41,41,41,41,46,46,46,46,46,46,46,46,46,46,46],"card_choices":[{"not_picked":["Hologram","Steam Power"],"picked":"Gash","floor":1.0},{"not_picked":["Lockon","Hello World"],"picked":"Gash","floor":4.0},{"not_picked":["Barrage","Consume"],"picked":"Sweeping Beam","floor":8.0},{"not_picked":["Biased Cognition","Rip and Tear"],"picked":"Beam Cell","floor":11.0},{"not_picked":["Storm","Rebound"],"picked":"Reinforced Body","floor":12.0},{"not_picked":["Aggregate","Heatsinks"],"picked":"Go for the Eyes","floor":14.0},{"not_picked":["Amplify","Meteor Strike"],"picked":"Reboot","floor":16.0},{"not_picked":["Force Field","Reprogram"],"picked":"Hologram","floor":18.0},{"not_picked":["Defragment","Streamline"],"picked":"Sweeping Beam+1","floor":21.0},{"not_picked":["Core Surge","Leap"],"picked":"Compile Driver","floor":22.0},{"not_picked":["Rip and Tear","Stack+1"],"picked":"FTL","floor":24.0},{"not_picked":["Stack","Compile Driver"],"picked":"Leap","floor":25.0},{"not_picked":["Rip and Tear","Aggregate","Sweeping Beam"],"picked":"SKIP","floor":30.0},{"not_picked":["Machine Learning","Multi-Cast"],"picked":"Buffer","floor":33.0},{"not_picked":["Ball Lightning","Steam Power"],"picked":"Defragment","floor":35},{"not_picked":["Tempest","Reprogram","Blizzard"],"picked":"SKIP","floor":36},{"not_picked":["Leap","Consume"],"picked":"Static Discharge","floor":38},{"not_picked":["Rip and Tear","Darkness"],"picked":"Fusion","floor":39},{"not_picked":["Magnetism","Flash of Steel"],"picked":"Panacea","floor":42},{"not_picked":["Blizzard+1","Compile Driver"],"picked":"Gash","floor":45}],"player_experience":1175981,"relics_obtained":[{"floor":8.0,"key":"Vajra"},{"floor":9.0,"key":"Blood Vial"},{"floor":11.0,"key":"Bag of Preparation"},{"floor":24.0,"key":"Old Coin"},{"floor":26.0,"key":"War Paint"},{"floor":30.0,"key":"Smiling Mask"},{"floor":37,"key":"Unceasing Top"},{"floor":41,"key":"Ornamental Fan"}],"event_choices":[{"cards_removed":["Strike_B"],"damage_healed":0.0,"max_hp_gain":0.0,"max_hp_loss":0.0,"gold_gain":0.0,"event_name":"The Cleric","player_choice":"Card Removal","floor":2.0,"gold_loss":50.0,"damage_taken":0.0},{"damage_healed":0.0,"max_hp_gain":0.0,"max_hp_loss":6.0,"gold_gain":0.0,"event_name":"Golden Idol","player_choice":"Lose Max HP","floor":3.0,"gold_loss":0.0,"damage_taken":0.0,"relics_obtained":["Golden Idol"]},{"damage_healed":0.0,"max_hp_gain":0.0,"max_hp_loss":0.0,"gold_gain":0.0,"event_name":"World of Goop","player_choice":"Left Gold","floor":7.0,"gold_loss":3.0,"damage_taken":0.0},{"cards_removed":["Strike_B"],"damage_healed":0.0,"max_hp_gain":0.0,"max_hp_loss":0.0,"gold_gain":0.0,"event_name":"Golden Wing","player_choice":"Card Removal","floor":10.0,"gold_loss":0.0,"damage_taken":7.0},{"damage_healed":0.0,"max_hp_gain":0.0,"max_hp_loss":0.0,"gold_gain":0.0,"event_name":"Dead Adventurer","player_choice":"Searched \u00271\u0027 times","floor":13.0,"gold_loss":0.0,"damage_taken":0.0,"relics_obtained":["Anchor"]},{"damage_healed":0.0,"max_hp_gain":0.0,"max_hp_loss":0.0,"gold_gain":0.0,"event_name":"The Library","player_choice":"Read","floor":19.0,"gold_loss":0.0,"damage_taken":0.0,"cards_obtained":["Defragment"]},{"damage_healed":0.0,"max_hp_gain":0.0,"max_hp_loss":42.0,"gold_gain":0.0,"event_name":"Ghosts","player_choice":"Became a Ghost","floor":28.0,"gold_loss":0.0,"damage_taken":0.0,"cards_obtained":["Ghostly","Ghostly","Ghostly","Ghostly","Ghostly"]},{"cards_removed":["Defend_B"],"damage_healed":0.0,"max_hp_gain":0.0,"max_hp_loss":0.0,"gold_gain":0.0,"event_name":"Beggar","player_choice":"Gave Gold","floor":29.0,"gold_loss":75.0,"damage_taken":0.0},{"damage_healed":0,"gold_gain":0,"player_choice":"Fight","damage_taken":0,"max_hp_gain":0,"max_hp_loss":0,"event_name":"Mysterious Sphere","floor":37,"gold_loss":0},{"damage_healed":0,"gold_gain":0,"player_choice":"Memory 1","damage_taken":0,"max_hp_gain":0,"max_hp_loss":0,"event_name":"SensoryStone","floor":42,"gold_loss":0}],"is_beta":false,"boss_relics":[{"not_picked":["Runic Pyramid","Runic Dome"],"picked":"Eternal Feather"},{"not_picked":["Calling Bell","Lizard Tail"],"picked":"White Beast Statue"}],"items_purged_floors":[],"is_endless":false,"potions_floor_spawned":[8,11,12,14,24,33,35,36,37,38,39,45],"killed_by":"Nemesis","ascension_level":13}