{"gold_per_floor":[111,126,126,126,139,171,171],"floor_reached":7,"playtime":356,"items_purged":[],"score":82,"play_id":"c053246b-4051-4376-909f-deaa1fc86e86","local_time":"20190623145946","is_ascension_mode":true,"campfire_choices":[],"neow_cost":"NONE","seed_source_timestamp":186117793888900,"circlet_count":0,"master_deck":["AscendersBane","Defend_G","Defend_G","Defend_G","Defend_G","Defend_G","Strike_G","Strike_G","Strike_G","Strike_G","Survivor","Neutralize+1","Blur","Heel Hook","Backflip","Blur","Deadly Poison","Heel Hook","Escape Plan","Endless Agony","Burst"],"relics":["Orrery","Torii"],"potions_floor_usage":[6],"damage_taken":[{"damage":3,"enemies":"Jaw Worm","floor":1,"turns":5},{"damage":3,"enemies":"2 Louse","floor":2,"turns":3},{"damage":0,"enemies":"Cultist","floor":5,"turns":4},{"damage":40,"enemies":"Gremlin Nob","floor":6,"turns":6},{"damage":14,"enemies":"Exordium Thugs","floor":7,"turns":1}],"seed_played":"-5814692567528657366","potions_obtained":[{"floor":5,"key":"Swift Potion"}],"is_trial":false,"path_per_floor":["M","M","?","?","M","E","M"],"character_chosen":"THE_SILENT","items_purchased":[],"campfire_rested":0,"item_purchase_floors":[],"current_hp_per_floor":[60,57,57,50,50,10,0],"gold":171,"neow_bonus":"BOSS_RELIC","is_prod":false,"is_daily":false,"chose_seed":false,"campfire_upgraded":0,"win_rate":0,"timestamp":1561316386,"path_taken":["M","M","?","?","?","E","M"],"build_version":"2019-01-23","purchased_purges":0,"victory":false,"max_hp_per_floor":[70,70,70,70,70,70,70],"card_choices":[{"not_picked":["Sucker Punch","Outmaneuver"],"picked":"Blur","floor":0},{"not_picked":["Dagger Throw","Slice"],"picked":"Heel Hook","floor":0},{"not_picked":["Bane","Deadly Poison"],"picked":"Backflip","floor":0},{"not_picked":["Flying Knee","Expertise"],"picked":"Blur","floor":0},{"not_picked":["Concentrate","Deflect"],"picked":"Deadly Poison","floor":0},{"not_picked":["Tools of the Trade","PiercingWail"],"picked":"Heel Hook","floor":1},{"not_picked":["Blade Dance","Accuracy"],"picked":"Escape Plan","floor":2},{"not_picked":["Choke","Outmaneuver"],"picked":"Endless Agony","floor":5},{"not_picked":["Poisoned Stab","Doppelganger"],"picked":"Burst","floor":6}],"player_experience":1331545,"relics_obtained":[{"floor":6,"key":"Torii"}],"event_choices":[{"damage_healed":0,"gold_gain":0,"player_choice":"Grow","damage_taken":0,"max_hp_gain":0,"max_hp_loss":0,"event_name":"Living Wall","floor":3,"gold_loss":0,"cards_upgraded":["Neutralize"]},{"cards_removed":["Strike_G"],"damage_healed":0,"gold_gain":0,"player_choice":"Card Removal","damage_taken":7,"max_hp_gain":0,"max_hp_loss":0,"event_name":"Golden Wing","floor":4,"gold_loss":0}],"is_beta":false,"boss_relics":[],"items_purged_floors":[],"is_endless":false,"potions_floor_spawned":[5],"killed_by":"Exordium Thugs","ascension_level":12}