{"gold_per_floor":[113,38,38,50,50,50,68,68,91,91,122,140,140,151,151,247,247,265,10,30,40,54,88,88,88],"floor_reached":25,"playtime":1153,"items_purged":["Regret","Defend_B"],"score":259,"play_id":"26ccdafa-bf52-46c2-8ee7-269b879280fa","local_time":"20190531120346","is_ascension_mode":true,"campfire_choices":[{"data":"Defragment","floor":6,"key":"SMITH"},{"data":"Dualcast","floor":10,"key":"SMITH"},{"data":"Loop","floor":15,"key":"SMITH"},{"floor":24,"key":"REST"}],"neow_cost":"CURSE","seed_source_timestamp":261046827044650,"circlet_count":0,"master_deck":["Strike_B","Defend_B","Defend_B","Defend_B","Zap+1","Dualcast+1","Defragment+1","Conserve Battery","Coolheaded","Cold Snap","Loop+1","Aggregate+1","Storm+1","Reprogram+1","Turbo","Hologram","White Noise","Conserve Battery"],"relics":["Cracked Core","Strawberry","Smiling Mask","Prayer Wheel","Oddly Smooth Stone","Astrolabe","Happy Flower","Toxic Egg 2"],"potions_floor_usage":[11,12,16,20,25],"damage_taken":[{"damage":8,"enemies":"Small Slimes","floor":1,"turns":4},{"damage":8,"enemies":"Jaw Worm","floor":4,"turns":3},{"damage":0,"enemies":"Cultist","floor":7,"turns":3},{"damage":21,"enemies":"3 Sentries","floor":11,"turns":5},{"damage":0,"enemies":"Exordium Wildlife","floor":12,"turns":4},{"damage":0,"enemies":"Red Slaver","floor":14,"turns":3},{"damage":20,"enemies":"The Guardian","floor":16,"turns":12},{"damage":12,"enemies":"Spheric Guardian","floor":18,"turns":4},{"damage":28,"enemies":"2 Thieves","floor":20,"turns":3},{"damage":20,"enemies":"Snake Plant","floor":21,"turns":4},{"damage":0,"enemies":"3 Cultists","floor":22,"turns":2},{"damage":28,"enemies":"Book of Stabbing","floor":23,"turns":5},{"damage":39,"enemies":"Slavers","floor":25,"turns":4}],"seed_played":"-6389206396702628808","potions_obtained":[{"floor":1,"key":"Block Potion"},{"floor":4,"key":"Fire Potion"},{"floor":12,"key":"Swift Potion"},{"floor":16,"key":"PowerPotion"},{"floor":20,"key":"Energy Potion"}],"is_trial":false,"path_per_floor":["M","$","?","M","?","R","M","?","T","R","E","M","T","M","R","B",null,"M","$","M","M","M","E","R","E"],"character_chosen":"DEFECT","items_purchased":["Happy Flower","Turbo"],"campfire_rested":1,"item_purchase_floors":[19,19],"current_hp_per_floor":[81,81,76,68,68,68,68,68,68,68,47,47,47,47,47,27,96,84,84,56,36,36,8,36,0],"gold":88,"neow_bonus":"TWENTY_PERCENT_HP_BONUS","is_prod":false,"is_daily":false,"chose_seed":false,"campfire_upgraded":3,"win_rate":0,"timestamp":1559322226,"path_taken":["M","$","?","M","?","R","M","?","T","R","E","?","?","?","R","BOSS","M","$","M","M","M","E","R","E"],"build_version":"2019-01-23","purchased_purges":2,"victory":false,"max_hp_per_floor":[89,89,96,96,96,96,96,96,96,96,96,96,96,96,96,96,96,96,96,96,96,96,96,96,96],"card_choices":[{"not_picked":["Static Discharge","Skim"],"picked":"Defragment","floor":1},{"not_picked":["Fusion","Go for the Eyes"],"picked":"Conserve Battery","floor":4},{"not_picked":["Chaos","Leap","Doom and Gloom"],"picked":"SKIP","floor":7},{"not_picked":["Darkness","Melter"],"picked":"Coolheaded","floor":11},{"not_picked":["Conserve Battery","Sweeping Beam"],"picked":"Cold Snap","floor":12},{"not_picked":["Ball Lightning","Barrage","Go for the Eyes"],"picked":"SKIP","floor":12},{"not_picked":["Leap","Redo"],"picked":"Loop","floor":14},{"not_picked":["Sunder","Thunder Strike","Beam Cell"],"picked":"SKIP","floor":14},{"not_picked":["Streamline","Conserve Battery","Storm"],"picked":"SKIP","floor":18},{"not_picked":["Tempest","Sweeping Beam+1","Coolheaded"],"picked":"SKIP","floor":18},{"not_picked":["Coolheaded","Streamline"],"picked":"Hologram","floor":20},{"not_picked":["Static Discharge","Biased Cognition","Barrage"],"picked":"SKIP","floor":20},{"not_picked":["Compile Driver","Rebound"],"picked":"White Noise","floor":21},{"not_picked":["Beam Cell","Go for the Eyes+1"],"picked":"Conserve Battery","floor":21},{"not_picked":["Lockon","Hello World","Turbo"],"picked":"SKIP","floor":22},{"not_picked":["Barrage","Conserve Battery+1","Tempest"],"picked":"SKIP","floor":22},{"not_picked":["Cold Snap","Biased Cognition","Rebound+1"],"picked":"SKIP","floor":23}],"player_experience":39506,"relics_obtained":[{"floor":9,"key":"Smiling Mask"},{"floor":11,"key":"Prayer Wheel"},{"floor":13,"key":"Oddly Smooth Stone"},{"floor":23,"key":"Toxic Egg 2"}],"event_choices":[{"damage_healed":0,"gold_gain":0,"player_choice":"Success","damage_taken":12,"relics_obtained":["Strawberry"],"max_hp_gain":0,"max_hp_loss":0,"event_name":"Scrap Ooze","floor":3,"gold_loss":0},{"damage_healed":0,"gold_gain":0,"player_choice":"Leave","damage_taken":0,"max_hp_gain":0,"max_hp_loss":0,"event_name":"The Cleric","floor":5,"gold_loss":0},{"damage_healed":0,"gold_gain":0,"player_choice":"Upgraded","damage_taken":0,"max_hp_gain":0,"max_hp_loss":0,"event_name":"Upgrade Shrine","floor":8,"gold_loss":0,"cards_upgraded":["Zap"]}],"is_beta":false,"boss_relics":[{"not_picked":["Tiny House","Philosopher\u0027s Stone"],"picked":"Astrolabe"}],"items_purged_floors":[2,19],"is_endless":false,"potions_floor_spawned":[1,4,12,16,20],"killed_by":"Slavers","ascension_level":1}