{"gold_per_floor":[119,65,77,2,20,20,51,51,51,85,113,113,133,133,133,231,231,216,47,47,146,156,156],"floor_reached":23,"playtime":1271,"items_purged":["Strike_B"],"score":340,"play_id":"6e7076ef-0447-4c08-96ab-3923921f99ec","local_time":"20190613173541","is_ascension_mode":true,"campfire_choices":[{"data":"Zap","floor":6,"key":"SMITH"},{"data":"Dualcast","floor":8,"key":"SMITH"},{"floor":12,"key":"REST"},{"floor":15,"key":"REST"}],"neow_cost":"NONE","seed_source_timestamp":171661079506929,"circlet_count":0,"master_deck":["Strike_B","Defend_B","Defend_B","Defend_B","Zap+1","Dualcast+1","Buffer","White Noise","Conserve Battery","Coolheaded","Redo","Capacitor","Capacitor","Consume","Hello World","Panache","Writhe","FTL"],"relics":["Cracked Core","Shuriken","Darkstone Periapt","Potion Belt","Odd Mushroom","Empty Cage","Orichalcum"],"potions_floor_usage":[7,13,16,16,16,16,22,23],"damage_taken":[{"damage":2,"enemies":"Jaw Worm","floor":1,"turns":3},{"damage":5,"enemies":"Small Slimes","floor":3,"turns":3},{"damage":2,"enemies":"Cultist","floor":5,"turns":4},{"damage":0,"enemies":"Lagavulin","floor":7,"turns":7},{"damage":27,"enemies":"3 Sentries","floor":10,"turns":13},{"damage":23,"enemies":"The Mushroom Lair","floor":11,"turns":5},{"damage":1,"enemies":"3 Louse","floor":13,"turns":5},{"damage":0,"enemies":"The Guardian","floor":16,"turns":12},{"damage":23,"enemies":"2 Thieves","floor":18,"turns":5},{"damage":18,"enemies":"Chosen","floor":22,"turns":6},{"damage":45,"enemies":"Gremlin Leader","floor":23,"turns":3}],"seed_played":"5748425221202720063","potions_obtained":[{"floor":1,"key":"Poison Potion"},{"floor":3,"key":"SkillPotion"},{"floor":7,"key":"EntropicBrew"},{"floor":11,"key":"Block Potion"},{"floor":22,"key":"Explosive Potion"}],"is_trial":false,"path_per_floor":["M","$","M","$","M","R","E","R","T","E","?","R","M","?","R","B",null,"M","$","?","?","M","E"],"character_chosen":"DEFECT","items_purchased":["Conserve Battery","Panache"],"campfire_rested":2,"item_purchase_floors":[2,19],"current_hp_per_floor":[73,73,68,68,66,66,66,66,66,39,16,38,37,37,59,59,71,48,48,54,54,45,0],"gold":156,"neow_bonus":"ONE_RANDOM_RARE_CARD","is_prod":false,"is_daily":false,"chose_seed":false,"campfire_upgraded":2,"win_rate":0,"timestamp":1560465341,"path_taken":["M","$","M","$","M","R","E","R","T","E","?","R","M","?","R","BOSS","M","$","?","?","M","E"],"build_version":"2019-01-23","purchased_purges":1,"victory":false,"max_hp_per_floor":[75,75,75,75,75,75,75,75,75,75,75,75,75,75,75,75,75,75,75,81,81,81,81],"card_choices":[{"not_picked":["Doom and Gloom","Redo"],"picked":"White Noise","floor":1},{"not_picked":["Ball Lightning","Barrage"],"picked":"Coolheaded","floor":3},{"not_picked":["Beam Cell","Machine Learning"],"picked":"Redo","floor":5},{"not_picked":["Rebound","Blizzard"],"picked":"Capacitor","floor":7},{"not_picked":["Streamline","Skim"],"picked":"Capacitor","floor":10},{"not_picked":["Ball Lightning","Undo","Streamline"],"picked":"SKIP","floor":13},{"not_picked":["Redo","Streamline"],"picked":"Hello World","floor":18},{"not_picked":["Gash","Sweeping Beam"],"picked":"FTL","floor":22}],"player_experience":249281,"relics_obtained":[{"floor":7,"key":"Shuriken"},{"floor":9,"key":"Darkstone Periapt"},{"floor":10,"key":"Potion Belt"},{"floor":11,"key":"Odd Mushroom"}],"event_choices":[{"damage_healed":0,"gold_gain":0,"player_choice":"Fought Mushrooms","damage_taken":0,"max_hp_gain":0,"max_hp_loss":0,"event_name":"Mushrooms","floor":11,"gold_loss":0},{"damage_healed":0,"gold_gain":0,"cards_transformed":["Strike_B"],"player_choice":"Change","damage_taken":0,"max_hp_gain":0,"max_hp_loss":0,"event_name":"Living Wall","floor":14,"gold_loss":0,"cards_obtained":["Consume"]},{"damage_healed":0,"gold_gain":0,"player_choice":"Opened","damage_taken":0,"relics_obtained":["Orichalcum"],"max_hp_gain":0,"max_hp_loss":0,"event_name":"The Mausoleum","floor":20,"gold_loss":0,"cards_obtained":["Writhe"]},{"damage_healed":0,"gold_gain":99,"player_choice":"Stole From Cult","damage_taken":0,"max_hp_gain":0,"max_hp_loss":0,"event_name":"Nest","floor":21,"gold_loss":0}],"is_beta":false,"boss_relics":[{"not_picked":["Orrery","Cursed Key"],"picked":"Empty Cage"}],"items_purged_floors":[4],"is_endless":false,"potions_floor_spawned":[1,3,7,11,22],"killed_by":"Gremlin Leader","ascension_level":5}