{"gold_per_floor":[117,134,150,150,16,41,41,41,41,41,74,90,90,121,121,192,192,203,217,232,232,243,243,270,285,311,361,361,361,394,412,412,489,489,501,517,517,136,155,155,173,173,173,173],"floor_reached":44,"playtime":2302,"items_purged":["Doubt"],"score":844,"play_id":"87ef90f4-73ce-4e80-a570-112176c052b8","local_time":"20190624205555","is_ascension_mode":true,"campfire_choices":[{"data":"Impatience","floor":7,"key":"SMITH"},{"data":"Caltrops","floor":10,"key":"SMITH"},{"data":"Sucker Punch","floor":15,"key":"SMITH"},{"data":"After Image","floor":23,"key":"SMITH"},{"data":"Footwork","floor":29,"key":"SMITH"},{"floor":32,"key":"REST"},{"floor":40,"key":"DIG"},{"floor":42,"key":"DIG"}],"neow_cost":"PERCENT_DAMAGE","seed_source_timestamp":291942868252900,"circlet_count":0,"master_deck":["AscendersBane","Survivor","Neutralize+1","Footwork+1","Backstab","Leg Sweep","Impatience+1","Caltrops+1","Parasite","Sucker Punch+1","PiercingWail","PiercingWail","After Image+1","Deflect","Deadly Poison","Underhanded Strike","Endless Agony","Expertise","Concentrate","Dagger Throw","Backflip","Noxious Fumes","Footwork+1","Prepared","Poisoned Stab+1","Footwork","Flying Knee","Adrenaline","Corpse Explosion","Shame","Shame","Escape Plan+1","Reflex+1","Catalyst","Dash"],"relics":["Ring of the Snake","Juzu Bracelet","Mercury Hourglass","Matryoshka","Letter Opener","Pandora\u0027s Box","Shovel","Whetstone","Snake Skull","Orichalcum","Calling Bell","Happy Flower","Ninja Scroll","Turnip","OrangePellets","Lantern","Omamori","Bag of Marbles","Kunai"],"potions_floor_usage":[6,6,14,18,22,24,33,35,41],"damage_taken":[{"damage":2,"enemies":"Cultist","floor":1,"turns":7},{"damage":0,"enemies":"2 Louse","floor":2,"turns":7},{"damage":0,"enemies":"Small Slimes","floor":3,"turns":6},{"damage":23,"enemies":"3 Sentries","floor":6,"turns":12},{"damage":1,"enemies":"Lagavulin","floor":11,"turns":13},{"damage":0,"enemies":"2 Fungi Beasts","floor":12,"turns":3},{"damage":21,"enemies":"Gremlin Nob","floor":14,"turns":6},{"damage":11,"enemies":"Hexaghost","floor":16,"turns":14},{"damage":11,"enemies":"Chosen","floor":18,"turns":6},{"damage":8,"enemies":"Shell Parasite","floor":19,"turns":7},{"damage":0,"enemies":"Shelled Parasite and Fungi","floor":20,"turns":6},{"damage":0,"enemies":"Snake Plant","floor":22,"turns":5},{"damage":5,"enemies":"Slavers","floor":24,"turns":6},{"damage":0,"enemies":"3 Cultists","floor":25,"turns":4},{"damage":1,"enemies":"Book of Stabbing","floor":30,"turns":6},{"damage":6,"enemies":"Centurion and Healer","floor":31,"turns":7},{"damage":39,"enemies":"Collector","floor":33,"turns":10},{"damage":0,"enemies":"3 Darklings","floor":35,"turns":2},{"damage":4,"enemies":"3 Shapes","floor":36,"turns":2},{"damage":0,"enemies":"3 Darklings","floor":39,"turns":2},{"damage":8,"enemies":"4 Shapes","floor":41,"turns":3},{"damage":56,"enemies":"Transient","floor":44,"turns":5}],"seed_played":"3726405108031153793","potions_obtained":[{"floor":1,"key":"LiquidBronze"},{"floor":11,"key":"GhostInAJar"},{"floor":12,"key":"Regen Potion"},{"floor":16,"key":"Swift Potion"},{"floor":18,"key":"GhostInAJar"},{"floor":30,"key":"Poison Potion"},{"floor":33,"key":"GhostInAJar"},{"floor":36,"key":"LiquidBronze"}],"is_trial":false,"path_per_floor":["M","M","M","?","$","E","R","?","T","R","E","M","?","E","R","B",null,"M","M","M","?","M","R","E","M","T","?","?","R","E","M","R","B",null,"M","M","?","$","M","R","M","R","T","M"],"character_chosen":"THE_SILENT","items_purchased":["Impatience","FearPotion","OrangePellets","Fruit Juice"],"campfire_rested":1,"item_purchase_floors":[5,5,38,38],"current_hp_per_floor":[42,42,42,42,42,19,19,35,35,35,34,34,34,28,28,17,54,43,35,35,35,35,35,30,30,30,30,30,30,29,23,42,3,50,50,46,46,46,46,46,43,43,43,0],"gold":173,"neow_bonus":"REMOVE_TWO","is_prod":false,"is_daily":false,"chose_seed":false,"campfire_upgraded":5,"win_rate":0,"timestamp":1561424155,"path_taken":["M","?","M","?","$","E","R","?","T","R","E","M","?","E","R","BOSS","M","M","M","?","M","R","E","M","T","?","?","R","E","M","R","BOSS","M","M","?","$","M","R","M","R","T","M"],"build_version":"2019-01-23","purchased_purges":1,"victory":false,"max_hp_per_floor":[66,66,66,66,66,66,66,66,66,66,66,66,66,66,66,66,66,66,66,66,66,66,66,66,66,66,66,66,66,66,66,66,66,66,66,66,66,66,66,66,71,71,71,71],"card_choices":[{"not_picked":["Dagger Throw","Backflip"],"picked":"Footwork","floor":1},{"not_picked":["Poisoned Stab","Bane"],"picked":"Backstab","floor":2},{"not_picked":["Distraction","Slice"],"picked":"Leg Sweep","floor":3},{"not_picked":["Dash","Predator"],"picked":"Caltrops","floor":6},{"not_picked":["Poisoned Stab","After Image"],"picked":"Sucker Punch","floor":11},{"not_picked":["Sucker Punch","Backstab"],"picked":"PiercingWail","floor":12},{"not_picked":["Flying Knee","Prepared"],"picked":"PiercingWail","floor":14},{"not_picked":["A Thousand Cuts","Night Terror"],"picked":"After Image","floor":16},{"not_picked":["Cloak And Dagger","Acrobatics"],"picked":"Backflip","floor":18},{"not_picked":["Slice","Deadly Poison"],"picked":"Noxious Fumes","floor":19},{"not_picked":["Dagger Throw","Backstab"],"picked":"Footwork","floor":20},{"not_picked":["Blade Dance","Underhanded Strike"],"picked":"Prepared","floor":22},{"not_picked":["Dagger Spray","Caltrops"],"picked":"Poisoned Stab","floor":24},{"not_picked":["Noxious Fumes","Dodge and Roll"],"picked":"Footwork","floor":25},{"not_picked":["Slice","Flying Knee"],"picked":"Adrenaline","floor":30},{"not_picked":["Backflip","Acrobatics","Flechettes"],"picked":"SKIP","floor":31},{"not_picked":["Glass Knife","Night Terror"],"picked":"Corpse Explosion","floor":33},{"not_picked":["Predator","Expertise"],"picked":"Escape Plan+1","floor":35},{"not_picked":["Finisher","Underhanded Strike"],"picked":"Reflex+1","floor":36},{"not_picked":["Escape Plan","Outmaneuver"],"picked":"Catalyst","floor":39},{"not_picked":["Terror","Prepared"],"picked":"Dash","floor":41}],"player_experience":1359119,"relics_obtained":[{"floor":6,"key":"Juzu Bracelet"},{"floor":9,"key":"Mercury Hourglass"},{"floor":11,"key":"Matryoshka"},{"floor":14,"key":"Letter Opener"},{"floor":24,"key":"Shovel"},{"floor":26,"key":"Whetstone"},{"floor":26,"key":"Snake Skull"},{"floor":30,"key":"Orichalcum"},{"floor":34,"key":"Happy Flower"},{"floor":34,"key":"Ninja Scroll"},{"floor":34,"key":"Turnip"},{"floor":40,"key":"Lantern"},{"floor":42,"key":"Omamori"},{"floor":43,"key":"Bag of Marbles"},{"floor":43,"key":"Kunai"}],"event_choices":[{"damage_healed":0,"gold_gain":0,"player_choice":"Grow","damage_taken":0,"max_hp_gain":0,"max_hp_loss":0,"event_name":"Living Wall","floor":4,"gold_loss":0,"cards_upgraded":["Footwork"]},{"damage_healed":16,"gold_gain":0,"player_choice":"Healed and dodged fight","damage_taken":0,"max_hp_gain":0,"max_hp_loss":0,"event_name":"Mushrooms","floor":8,"gold_loss":0,"cards_obtained":["Parasite"]},{"damage_healed":0,"gold_gain":0,"player_choice":"Ignored","damage_taken":0,"max_hp_gain":0,"max_hp_loss":0,"event_name":"Liars Game","floor":13,"gold_loss":0},{"cards_removed":["Flechettes"],"damage_healed":0,"gold_gain":0,"player_choice":"Purged","damage_taken":0,"max_hp_gain":0,"max_hp_loss":0,"event_name":"Purifier","floor":21,"gold_loss":0},{"damage_healed":0,"gold_gain":50,"player_choice":"Stole From Cult","damage_taken":0,"max_hp_gain":0,"max_hp_loss":0,"event_name":"Nest","floor":27,"gold_loss":0},{"damage_healed":0,"gold_gain":0,"player_choice":"1 cards matched","damage_taken":0,"max_hp_gain":0,"max_hp_loss":0,"event_name":"Match and Keep!","floor":28,"gold_loss":0,"cards_obtained":["Flying Knee"]},{"damage_healed":0,"gold_gain":0,"player_choice":"Ignored","damage_taken":0,"max_hp_gain":0,"max_hp_loss":0,"event_name":"Mysterious Sphere","floor":37,"gold_loss":0}],"is_beta":false,"boss_relics":[{"not_picked":["Snecko Eye","Busted Crown"],"picked":"Pandora\u0027s Box"},{"not_picked":["Astrolabe","Empty Cage"],"picked":"Calling Bell"}],"items_purged_floors":[38],"is_endless":false,"potions_floor_spawned":[1,11,12,16,18,30,33,36,39],"killed_by":"Transient","ascension_level":15}