{"gold_per_floor":[119,130,141,154,173,204,204,231,231,53,3,3,22,22,22,122,122,142,67,80,7,20,20],"floor_reached":23,"playtime":1223,"items_purged":[],"score":294,"play_id":"1cdaf116-565d-48bd-a663-57236cabc333","local_time":"20190609153456","is_ascension_mode":true,"campfire_choices":[{"data":"Body Slam","floor":7,"key":"SMITH"},{"data":"Mayhem","floor":12,"key":"SMITH"},{"data":"Armaments","floor":15,"key":"SMITH"}],"neow_cost":"NONE","seed_source_timestamp":5160874091048443,"circlet_count":0,"master_deck":["Strike_R","Strike_R","Strike_R","Defend_R","Defend_R","Defend_R","Defend_R","Bash","Armaments+1","Body Slam+1","Metallicize","Warcry","Cleave","Impervious","Body Slam","Mayhem+1","Cleave","Demon Form","Headbutt","Shockwave","Feel No Pain"],"relics":["Burning Blood","PreservedInsect","Incense Burner","Ornamental Fan","Shuriken","Eternal Feather","The Courier"],"potions_floor_usage":[4,6,16,16,20,20,22],"damage_taken":[{"damage":9,"enemies":"Jaw Worm","floor":1,"turns":4},{"damage":12,"enemies":"Small Slimes","floor":2,"turns":5},{"damage":1,"enemies":"Cultist","floor":3,"turns":4},{"damage":4,"enemies":"2 Fungi Beasts","floor":4,"turns":4},{"damage":3,"enemies":"Blue Slaver","floor":5,"turns":6},{"damage":34,"enemies":"Lagavulin","floor":6,"turns":8},{"damage":28,"enemies":"Gremlin Nob","floor":8,"turns":5},{"damage":6,"enemies":"Looter","floor":13,"turns":2},{"damage":4,"enemies":"Slime Boss","floor":16,"turns":6},{"damage":21,"enemies":"Chosen","floor":18,"turns":7},{"damage":29,"enemies":"3 Byrds","floor":20,"turns":4},{"damage":19,"enemies":"Shelled Parasite and Fungi","floor":22,"turns":8},{"damage":27,"enemies":"Slavers","floor":23,"turns":2}],"seed_played":"204658715652334144","potions_obtained":[{"floor":1,"key":"SteroidPotion"},{"floor":2,"key":"Explosive Potion"},{"floor":5,"key":"PowerPotion"},{"floor":8,"key":"Energy Potion"},{"floor":13,"key":"PowerPotion"},{"floor":16,"key":"EssenceOfSteel"},{"floor":20,"key":"Block Potion"}],"is_trial":false,"path_per_floor":["M","M","M","M","M","E","R","E","T","$","?","R","M","T","R","B",null,"M","?","M","?","M","E"],"character_chosen":"IRONCLAD","items_purchased":["Mayhem"],"campfire_rested":0,"item_purchase_floors":[10],"current_hp_per_floor":[77,71,76,78,81,53,53,31,31,31,31,31,31,31,31,33,74,59,59,36,36,23,0],"gold":20,"neow_bonus":"TEN_PERCENT_HP_BONUS","is_prod":false,"is_daily":false,"chose_seed":false,"campfire_upgraded":3,"win_rate":0,"timestamp":1560108896,"path_taken":["M","M","M","M","M","E","R","E","T","$","?","R","M","?","R","BOSS","M","?","M","?","?","E"],"build_version":"2019-01-23","purchased_purges":0,"victory":false,"max_hp_per_floor":[88,88,88,88,88,88,88,88,88,88,88,88,88,88,88,88,88,88,88,88,88,88,88],"card_choices":[{"not_picked":["Clothesline","Pummel"],"picked":"Armaments","floor":1},{"not_picked":["Perfected Strike","Rupture"],"picked":"Body Slam","floor":2},{"not_picked":["Cleave","Twin Strike"],"picked":"Metallicize","floor":3},{"not_picked":["Heavy Blade","Cleave"],"picked":"Warcry","floor":4},{"not_picked":["Bloodletting","Armaments"],"picked":"Cleave","floor":5},{"not_picked":["Wild Strike","Dropkick"],"picked":"Impervious","floor":6},{"not_picked":["Dropkick","Whirlwind"],"picked":"Body Slam","floor":8},{"not_picked":["Burning Pact","Sword Boomerang"],"picked":"Cleave","floor":13},{"not_picked":["Berserk","Exhume"],"picked":"Demon Form","floor":16},{"not_picked":["Sentinel","Body Slam"],"picked":"Headbutt","floor":18},{"not_picked":["Perfected Strike","Clash+1"],"picked":"Shockwave","floor":20},{"not_picked":["Sword Boomerang","Anger"],"picked":"Feel No Pain","floor":22}],"player_experience":222535,"relics_obtained":[{"floor":6,"key":"PreservedInsect"},{"floor":8,"key":"Incense Burner"},{"floor":9,"key":"Ornamental Fan"},{"floor":14,"key":"Shuriken"}],"event_choices":[{"cards_removed":["Strike_R"],"damage_healed":0,"gold_gain":0,"player_choice":"Card Removal","damage_taken":0,"max_hp_gain":0,"max_hp_loss":0,"event_name":"The Cleric","floor":11,"gold_loss":50},{"cards_removed":["Strike_R"],"damage_healed":0,"gold_gain":0,"player_choice":"Gave Gold","damage_taken":0,"max_hp_gain":0,"max_hp_loss":0,"event_name":"Beggar","floor":19,"gold_loss":75},{"damage_healed":0,"gold_gain":0,"player_choice":"Paid Gold","damage_taken":0,"relics_obtained":["The Courier"],"max_hp_gain":0,"max_hp_loss":0,"event_name":"WeMeetAgain","floor":21,"gold_loss":73}],"is_beta":false,"boss_relics":[{"not_picked":["Black Star","Pandora\u0027s Box"],"picked":"Eternal Feather"}],"items_purged_floors":[],"is_endless":false,"potions_floor_spawned":[1,2,5,8,13,16,20],"killed_by":"Slavers","ascension_level":9}