{"gold_per_floor":[217,217,65,65,165,165,200,200,200,226,243,243,261,273,273,347,347,357,83,83],"floor_reached":20,"playtime":708,"items_purged":["Regret"],"score":306,"play_id":"f4eeb98d-7236-4a1b-9e31-7314a20773d5","local_time":"20190622124628","is_ascension_mode":true,"campfire_choices":[{"data":"Predator","floor":6,"key":"SMITH"},{"floor":8,"key":"REST"},{"data":"Neutralize","floor":15,"key":"SMITH"}],"neow_cost":"NONE","seed_source_timestamp":423975278265586,"circlet_count":0,"master_deck":["AscendersBane","Defend_G","Defend_G","Defend_G","Defend_G","Defend_G","Strike_G","Strike_G","Strike_G","Strike_G","Strike_G","Survivor","Neutralize+1","Predator+1","Noxious Fumes","Slice","Footwork+1","Deadly Poison","Storm of Steel","Dagger Spray","Envenom+1","Backflip"],"relics":["Ring of the Snake","Question Card","Ninja Scroll","Unceasing Top","Frozen Egg 2","Eternal Feather","Vajra"],"potions_floor_usage":[7,16,20],"damage_taken":[{"damage":0,"enemies":"2 Louse","floor":1,"turns":3},{"damage":22,"enemies":"Lagavulin","floor":7,"turns":5},{"damage":32,"enemies":"Gremlin Nob","floor":10,"turns":5},{"damage":0,"enemies":"Small Slimes","floor":11,"turns":2},{"damage":0,"enemies":"Cultist","floor":13,"turns":3},{"damage":0,"enemies":"Large Slime","floor":14,"turns":4},{"damage":20,"enemies":"Hexaghost","floor":16,"turns":11},{"damage":24,"enemies":"Chosen","floor":18,"turns":6},{"damage":29,"enemies":"Colosseum Slavers","floor":20,"turns":4}],"seed_played":"2839584514204941079","potions_obtained":[{"floor":1,"key":"Poison Potion"},{"floor":12,"key":"Swift Potion"},{"floor":12,"key":"Ancient Potion"},{"floor":18,"key":"Strength Potion"}],"is_trial":false,"path_per_floor":["M","?","$","?","?","R","E","R","T","E","M","?","M","M","R","B",null,"M","$","?"],"character_chosen":"THE_SILENT","items_purchased":["Noxious Fumes","Vajra","Envenom+1","Backflip"],"campfire_rested":1,"item_purchase_floors":[3,19,19,19],"current_hp_per_floor":[59,59,59,59,59,59,37,56,56,24,24,24,24,24,24,4,51,27,27,0],"gold":83,"neow_bonus":"HUNDRED_GOLD","is_prod":false,"is_daily":false,"chose_seed":false,"campfire_upgraded":2,"win_rate":0,"timestamp":1561218388,"path_taken":["M","?","$","?","?","R","E","R","T","E","?","?","M","M","R","BOSS","M","$","?"],"build_version":"2019-01-23","purchased_purges":1,"victory":false,"max_hp_per_floor":[66,66,66,66,66,66,66,66,66,66,66,66,66,66,66,66,66,66,66,66],"card_choices":[{"not_picked":["Deflect","Dagger Throw"],"picked":"Predator","floor":1},{"not_picked":["Quick Slash","Deflect","Setup"],"picked":"Slice","floor":7},{"not_picked":["A Thousand Cuts","Blade Dance","Flying Knee"],"picked":"Footwork","floor":10},{"not_picked":["Sucker Punch","Calculated Gamble","Outmaneuver","Quick Slash"],"picked":"SKIP","floor":11},{"not_picked":["Bouncing Flask","PiercingWail","Distraction"],"picked":"Deadly Poison","floor":13},{"not_picked":["Dodge and Roll","Eviscerate","Finisher","Bouncing Flask"],"picked":"SKIP","floor":14},{"not_picked":["Grand Finale","Venomology","Phantasmal Killer"],"picked":"Storm of Steel","floor":16},{"not_picked":["Bane","Cloak And Dagger","Eviscerate"],"picked":"Dagger Spray","floor":18}],"player_experience":1142502,"relics_obtained":[{"floor":7,"key":"Ninja Scroll"},{"floor":9,"key":"Unceasing Top"},{"floor":10,"key":"Frozen Egg 2"}],"event_choices":[{"damage_healed":0,"gold_gain":0,"player_choice":"Box","damage_taken":0,"relics_obtained":["Question Card"],"max_hp_gain":0,"max_hp_loss":0,"event_name":"Big Fish","floor":2,"gold_loss":0,"cards_obtained":["Regret"]},{"damage_healed":0,"gold_gain":0,"player_choice":"Ignored","damage_taken":0,"max_hp_gain":0,"max_hp_loss":0,"event_name":"Liars Game","floor":4,"gold_loss":0},{"damage_healed":0,"gold_gain":100,"player_choice":"Pray","damage_taken":0,"max_hp_gain":0,"max_hp_loss":0,"event_name":"Golden Shrine","floor":5,"gold_loss":0},{"damage_healed":0,"gold_gain":0,"player_choice":"Got Potions","damage_taken":0,"max_hp_gain":0,"max_hp_loss":0,"event_name":"Lab","floor":12,"gold_loss":0},{"damage_healed":0,"gold_gain":0,"player_choice":"Fight","damage_taken":0,"max_hp_gain":0,"max_hp_loss":0,"event_name":"Colosseum","floor":20,"gold_loss":0}],"is_beta":false,"boss_relics":[{"not_picked":["Orrery","Black Star"],"picked":"Eternal Feather"}],"items_purged_floors":[3],"is_endless":false,"potions_floor_spawned":[1,14,18],"killed_by":"Colosseum Slavers","ascension_level":14}