{"gold_per_floor":[111,126,401,416,8,8,334,352,420,440,440,93,128,140,140,217,217,236,236,249,149,169,169,169],"floor_reached":24,"playtime":1789,"items_purged":["Regret","Amplify"],"score":368,"play_id":"f200cd4f-cea4-4c8d-ba5a-3edcd2356de5","local_time":"20190625162820","is_ascension_mode":true,"campfire_choices":[{"data":"Glacier","floor":6.0,"key":"SMITH"},{"floor":11.0,"key":"REST"},{"floor":15.0,"key":"REST"},{"data":"Apotheosis","floor":23,"key":"SMITH"}],"neow_cost":"NONE","seed_source_timestamp":0,"circlet_count":0,"master_deck":["AscendersBane","Zap","Dualcast","Coolheaded","Coolheaded","Blizzard","Cold Snap","Glacier+1","Consume","Sweeping Beam","Conserve Battery","Apotheosis+1","Doom and Gloom","Sunder","Scrape","Chill","Storm","Reprogram","Machine Learning","Backflip","Bite","Bite","Bite","Bite","Bite"],"special_seed":0,"relics":["Cracked Core","Shuriken","Old Coin","Blue Candle","PrismaticShard","Art of War","Blood Vial","Pandora\u0027s Box"],"potions_floor_usage":[24,24],"damage_taken":[{"damage":4.0,"enemies":"Small Slimes","floor":1.0,"turns":3.0},{"damage":0.0,"enemies":"Cultist","floor":2.0,"turns":3.0},{"damage":9.0,"enemies":"Jaw Worm","floor":4.0,"turns":4.0},{"damage":11.0,"enemies":"Lagavulin","floor":7.0,"turns":9.0},{"damage":2.0,"enemies":"3 Louse","floor":8.0,"turns":6.0},{"damage":9.0,"enemies":"Gremlin Gang","floor":10.0,"turns":5.0},{"damage":32.0,"enemies":"Gremlin Nob","floor":13.0,"turns":6.0},{"damage":2.0,"enemies":"Blue Slaver","floor":14.0,"turns":6.0},{"damage":38.0,"enemies":"Slime Boss","floor":16.0,"turns":14.0},{"damage":22.0,"enemies":"Spheric Guardian","floor":18.0,"turns":4.0},{"damage":15.0,"enemies":"Shell Parasite","floor":20.0,"turns":13.0},{"damage":21,"enemies":"Centurion and Healer","floor":22,"turns":10},{"damage":70,"enemies":"Book of Stabbing","floor":24,"turns":7}],"seed_played":"1163828070371711319","potions_obtained":[{"floor":2.0,"key":"SpeedPotion"},{"floor":10.0,"key":"SteroidPotion"},{"floor":13.0,"key":"FocusPotion"},{"floor":16.0,"key":"EntropicBrew"}],"is_trial":false,"path_per_floor":["M","M","?","M","$","R","E","M","T","M","R","$","E","M","R","B",null,"M","?","M","$","M","R","E"],"character_chosen":"DEFECT","items_purchased":["Glacier","Shuriken","PrismaticShard","Art of War"],"campfire_rested":2,"item_purchase_floors":[5,5,12,12],"current_hp_per_floor":[64,64,64,55,55,55,44,42,42,33,55,55,23,23,45,9,59,39,39,52,52,52,52,0],"gold":169,"neow_bonus":"THREE_CARDS","is_prod":false,"is_daily":false,"chose_seed":false,"campfire_upgraded":2,"win_rate":0,"timestamp":1561490900,"path_taken":["M","M","?","?","$","R","E","M","T","M","R","$","E","M","R","BOSS","M","?","M","$","M","R","E"],"build_version":"2019-01-23","purchased_purges":2,"victory":false,"max_hp_per_floor":[75,75,75,75,75,75,75,75,75,75,75,75,75,75,75,75,75,75,52,52,52,52,52,52],"card_choices":[{"not_picked":["Reprogram","Go for the Eyes"],"picked":"Coolheaded","floor":0.0},{"not_picked":["Darkness","Redo"],"picked":"Coolheaded","floor":1.0},{"not_picked":["Coolheaded","Hologram"],"picked":"Blizzard","floor":2.0},{"not_picked":["Beam Cell","Steam Power"],"picked":"Cold Snap","floor":4.0},{"not_picked":["Leap","Ball Lightning"],"picked":"Consume","floor":7.0},{"not_picked":["Hologram","Rebound"],"picked":"Sweeping Beam","floor":8.0},{"not_picked":["Leap","Turbo"],"picked":"Conserve Battery","floor":10.0},{"not_picked":["Stack","Redo","Prepared"],"picked":"SKIP","floor":13.0},{"not_picked":["Quick Slash","Conserve Battery","Fire Breathing"],"picked":"SKIP","floor":14.0},{"not_picked":["Offering","Creative AI"],"picked":"Apotheosis","floor":16.0},{"not_picked":["Twin Strike","Iron Wave"],"picked":"Backflip","floor":18.0},{"not_picked":["Bane","Melter","Blade Dance"],"picked":"SKIP","floor":20.0},{"not_picked":["Coolheaded","Footwork","Beam Cell"],"picked":"SKIP","floor":22}],"player_experience":1181794,"relics_obtained":[{"floor":7.0,"key":"Old Coin"},{"floor":9.0,"key":"Blue Candle"},{"floor":13.0,"key":"Blood Vial"}],"event_choices":[{"damage_healed":0.0,"max_hp_gain":0.0,"max_hp_loss":0.0,"gold_gain":275.0,"event_name":"Golden Shrine","player_choice":"Desecrate","floor":3.0,"gold_loss":0.0,"damage_taken":0.0,"cards_obtained":["Regret"]},{"damage_healed":0.0,"max_hp_gain":0.0,"max_hp_loss":23.0,"gold_gain":0.0,"event_name":"Vampires","player_choice":"Became a vampire","floor":19.0,"gold_loss":0.0,"damage_taken":0.0,"cards_obtained":["Bite","Bite","Bite","Bite","Bite"]}],"is_beta":false,"boss_relics":[{"not_picked":["Coffee Dripper","Eternal Feather"],"picked":"Pandora\u0027s Box"}],"items_purged_floors":[5,21],"is_endless":false,"potions_floor_spawned":[2,10,13,16,20],"killed_by":"Book of Stabbing","ascension_level":13}