{"gold_per_floor":[116,41,51,65,81,108,108,133,133,133],"floor_reached":10,"playtime":443,"items_purged":["Strike_G"],"score":144,"play_id":"7dcea4fb-8146-4f82-8b5f-5b43baeb0b6d","local_time":"20190625131626","is_ascension_mode":true,"campfire_choices":[{"floor":7,"key":"REST"}],"neow_cost":"NONE","seed_source_timestamp":13719543367800,"circlet_count":0,"master_deck":["AscendersBane","Defend_G","Defend_G","Defend_G","Defend_G","Defend_G","Strike_G","Strike_G","Strike_G","Strike_G","Survivor","Neutralize","Outmaneuver","PiercingWail","Finisher","Caltrops","Slice","Riddle With Holes+1"],"relics":["Ring of the Snake","Bag of Marbles","Darkstone Periapt","Molten Egg 2","Bottled Tornado"],"potions_floor_usage":[6,8,8],"damage_taken":[{"damage":0,"enemies":"2 Louse","floor":1,"turns":2},{"damage":1,"enemies":"Small Slimes","floor":3,"turns":5},{"damage":2,"enemies":"Jaw Worm","floor":4,"turns":6},{"damage":1,"enemies":"3 Louse","floor":5,"turns":4},{"damage":38,"enemies":"Lagavulin","floor":6,"turns":10},{"damage":24,"enemies":"3 Sentries","floor":8,"turns":9},{"damage":12,"enemies":"Gremlin Gang","floor":10,"turns":2}],"seed_played":"-4354264829213533535","potions_obtained":[{"floor":3,"key":"Explosive Potion"},{"floor":4,"key":"Strength Potion"},{"floor":6,"key":"Energy Potion"}],"is_trial":false,"path_per_floor":["M","$","M","M","M","E","R","E","T","M"],"character_chosen":"THE_SILENT","items_purchased":[],"campfire_rested":1,"item_purchase_floors":[],"current_hp_per_floor":[59,59,58,56,55,17,36,12,12,0],"gold":133,"neow_bonus":"RANDOM_COMMON_RELIC","is_prod":false,"is_daily":false,"chose_seed":false,"campfire_upgraded":0,"win_rate":0,"timestamp":1561482986,"path_taken":["M","$","M","M","M","E","R","E","T","M"],"build_version":"2019-01-23","purchased_purges":1,"victory":false,"max_hp_per_floor":[66,66,66,66,66,66,66,66,66,66],"card_choices":[{"not_picked":["Accuracy","Underhanded Strike"],"picked":"Outmaneuver","floor":1},{"not_picked":["Expertise","Flechettes"],"picked":"PiercingWail","floor":3},{"not_picked":["Endless Agony","Choke"],"picked":"Finisher","floor":4},{"not_picked":["Cloak And Dagger","Acrobatics"],"picked":"Caltrops","floor":5},{"not_picked":["Expertise","Dagger Throw"],"picked":"Slice","floor":6},{"not_picked":["Noxious Fumes","Leg Sweep"],"picked":"Riddle With Holes","floor":8}],"player_experience":1405110,"relics_obtained":[{"floor":6,"key":"Darkstone Periapt"},{"floor":8,"key":"Molten Egg 2"},{"floor":9,"key":"Bottled Tornado"}],"event_choices":[],"is_beta":false,"boss_relics":[],"items_purged_floors":[2],"is_endless":false,"potions_floor_spawned":[3,4,6],"killed_by":"Gremlin Gang","ascension_level":17}