{"gold_per_floor":[119,138,158,90,101,101,101,101,131,149,162,180,180,194,194,290,290,305,323,323],"floor_reached":20,"playtime":1191,"items_purged":[],"score":179,"play_id":"0903700e-efbb-4b99-a16b-f5dc2f9217e5","local_time":"20190605174510","is_ascension_mode":true,"campfire_choices":[{"data":"Searing Blow","floor":6,"key":"SMITH"},{"data":"Searing Blow+1","floor":8,"key":"SMITH"},{"data":"Searing Blow+2","floor":13,"key":"SMITH"},{"data":"Searing Blow+3","floor":15,"key":"SMITH"}],"neow_cost":"NONE","seed_source_timestamp":407750001834401,"circlet_count":0,"master_deck":["Strike_R","Strike_R","Strike_R","Defend_R","Defend_R","Defend_R","Defend_R","Bash","Searing Blow+4","Shrug It Off","Warcry","Metallicize","Havoc","Dark Embrace","Shrug It Off"],"relics":["Burning Blood","NeowsBlessing","Mummified Hand","Tiny Chest","Empty Cage"],"potions_floor_usage":[14,18,19],"damage_taken":[{"damage":0,"enemies":"Cultist","floor":1,"turns":1},{"damage":0,"enemies":"2 Louse","floor":2,"turns":1},{"damage":0,"enemies":"Jaw Worm","floor":3,"turns":1},{"damage":14,"enemies":"Lots of Slimes","floor":5,"turns":7},{"damage":6,"enemies":"Exordium Thugs","floor":10,"turns":7},{"damage":2,"enemies":"Looter","floor":11,"turns":2},{"damage":2,"enemies":"Exordium Wildlife","floor":12,"turns":3},{"damage":4,"enemies":"Gremlin Gang","floor":14,"turns":5},{"damage":67,"enemies":"The Guardian","floor":16,"turns":18},{"damage":74,"enemies":"3 Byrds","floor":18,"turns":10},{"damage":7,"enemies":"Shell Parasite","floor":19,"turns":7},{"damage":22,"enemies":"Sentry and Sphere","floor":20,"turns":5}],"seed_played":"6871565038573267386","potions_obtained":[{"floor":1,"key":"FairyPotion"},{"floor":5,"key":"Dexterity Potion"},{"floor":11,"key":"Fire Potion"},{"floor":16,"key":"Poison Potion"},{"floor":18,"key":"SteroidPotion"}],"is_trial":false,"path_per_floor":["M","M","M","$","M","R","?","R","T","M","M","M","R","M","R","B",null,"M","M","M"],"character_chosen":"IRONCLAD","items_purchased":["Metallicize"],"campfire_rested":0,"item_purchase_floors":[4],"current_hp_per_floor":[80,80,80,80,72,72,72,72,72,72,76,80,80,80,80,19,80,12,11,0],"gold":323,"neow_bonus":"THREE_ENEMY_KILL","is_prod":false,"is_daily":false,"chose_seed":false,"campfire_upgraded":4,"win_rate":0,"timestamp":1559774710,"path_taken":["M","?","M","$","M","R","?","R","T","M","M","M","R","M","R","BOSS","M","M","?"],"build_version":"2019-01-23","purchased_purges":0,"victory":false,"max_hp_per_floor":[80,80,80,80,80,80,80,80,80,80,80,80,80,80,80,80,80,80,80,80],"card_choices":[{"not_picked":["Power Through","Pommel Strike"],"picked":"Searing Blow","floor":1},{"not_picked":["Heavy Blade","Rampage"],"picked":"Shrug It Off","floor":2},{"not_picked":["Flex","Perfected Strike"],"picked":"Warcry","floor":3},{"not_picked":["Uppercut","Warcry","Iron Wave"],"picked":"SKIP","floor":5},{"not_picked":["Power Through","Shockwave"],"picked":"Havoc","floor":10},{"not_picked":["Havoc","Armaments","Clothesline"],"picked":"SKIP","floor":11},{"not_picked":["Burning Pact","Wild Strike","Havoc"],"picked":"SKIP","floor":12},{"not_picked":["Sword Boomerang","Feed","Flex"],"picked":"SKIP","floor":14},{"not_picked":["Bludgeon","Limit Break"],"picked":"Dark Embrace","floor":16},{"not_picked":["Warcry","Anger"],"picked":"Shrug It Off","floor":18},{"not_picked":["Sword Boomerang","Havoc+1","Warcry"],"picked":"SKIP","floor":19}],"player_experience":97187,"relics_obtained":[{"floor":9,"key":"Tiny Chest"}],"event_choices":[{"damage_healed":0,"gold_gain":0,"player_choice":"Gave Potion","damage_taken":0,"relics_obtained":["Mummified Hand"],"max_hp_gain":0,"max_hp_loss":0,"event_name":"WeMeetAgain","floor":7,"gold_loss":0}],"is_beta":false,"boss_relics":[{"not_picked":["Eternal Feather","Coffee Dripper"],"picked":"Empty Cage"}],"items_purged_floors":[],"is_endless":false,"potions_floor_spawned":[1,5,11,16,18],"killed_by":"Sentry and Sphere","ascension_level":1}