{"gold_per_floor":[114,114,130,141,141,141,20,20,47,47,73,93,104,133,133,236,236,246,157,170,170,170,170,197,197,197,197],"floor_reached":27,"playtime":1069,"items_purged":["Choke","Strike_G"],"score":336,"play_id":"d7f89f72-7bb5-4eaa-a197-845c51608b0e","local_time":"20190617204225","is_ascension_mode":true,"campfire_choices":[{"data":"Predator","floor":6,"key":"SMITH"},{"data":"Neutralize","floor":10,"key":"SMITH"},{"data":"Noxious Fumes","floor":15,"key":"SMITH"},{"floor":23,"key":"REST"}],"neow_cost":"NONE","seed_source_timestamp":20253591071436,"circlet_count":0,"master_deck":["Defend_G","Defend_G+1","Defend_G","Defend_G","Defend_G","Survivor","Neutralize+1","Dagger Throw","Catalyst+1","Predator+1","Flying Knee","Well Laid Plans","Backstab","Skewer","Noxious Fumes+1","Corpse Explosion","Backflip","Backflip","Poisoned Stab","Cloak And Dagger","Deflect","Catalyst","Adrenaline","Writhe","Blade Dance","Bite","Bite","Bite","Bite","Bite"],"relics":["Ring of the Snake","NeowsBlessing","Kunai","Ancient Tea Set","War Paint","Smiling Mask","Orrery","Enchiridion","Gremlin Horn","Happy Flower","Bottled Flame"],"potions_floor_usage":[24,24],"damage_taken":[{"damage":0,"enemies":"Small Slimes","floor":1,"turns":1},{"damage":0,"enemies":"Cultist","floor":3,"turns":1},{"damage":0,"enemies":"Jaw Worm","floor":4,"turns":1},{"damage":21,"enemies":"3 Sentries","floor":11,"turns":7},{"damage":1,"enemies":"Red Slaver","floor":12,"turns":3},{"damage":8,"enemies":"Large Slime","floor":13,"turns":5},{"damage":9,"enemies":"Lagavulin","floor":14,"turns":5},{"damage":19,"enemies":"Slime Boss","floor":16,"turns":9},{"damage":10,"enemies":"Spheric Guardian","floor":18,"turns":4},{"damage":26,"enemies":"Chosen","floor":20,"turns":6},{"damage":4,"enemies":"Slavers","floor":24,"turns":5},{"damage":37,"enemies":"Book of Stabbing","floor":27,"turns":4}],"seed_played":"8367195187605330660","potions_obtained":[{"floor":11,"key":"GamblersBrew"},{"floor":12,"key":"PowerPotion"},{"floor":14,"key":"SpeedPotion"},{"floor":16,"key":"GhostInAJar"},{"floor":20,"key":"FairyPotion"},{"floor":24,"key":"EntropicBrew"}],"is_trial":false,"path_per_floor":["M","?","M","M","T","R","$","?","T","R","E","M","M","E","R","B",null,"M","$","M","?","?","R","E","?","T","E"],"character_chosen":"THE_SILENT","items_purchased":["Flying Knee","Catalyst"],"campfire_rested":1,"item_purchase_floors":[7,19],"current_hp_per_floor":[63,63,63,63,63,63,63,63,63,63,44,45,39,32,32,15,56,48,48,24,8,8,29,27,27,27,0],"gold":197,"neow_bonus":"THREE_ENEMY_KILL","is_prod":false,"is_daily":false,"chose_seed":false,"campfire_upgraded":3,"win_rate":0,"timestamp":1560818545,"path_taken":["M","?","M","?","?","R","$","?","T","R","E","?","M","E","R","BOSS","M","$","M","?","?","R","E","?","T","E"],"build_version":"2019-01-23","purchased_purges":2,"victory":false,"max_hp_per_floor":[70,70,70,70,70,70,70,70,70,70,70,70,70,70,70,70,70,70,70,70,70,70,70,70,70,70,70],"card_choices":[{"not_picked":["Backflip","Dodge and Roll"],"picked":"Dagger Throw","floor":1},{"not_picked":["Calculated Gamble","Dagger Throw"],"picked":"Catalyst","floor":3},{"not_picked":["Distraction","Reflex"],"picked":"Predator","floor":4},{"not_picked":["Dagger Spray","Endless Agony"],"picked":"Well Laid Plans","floor":11},{"not_picked":["Outmaneuver","Terror"],"picked":"Backstab","floor":12},{"not_picked":["Setup","Sucker Punch"],"picked":"Skewer","floor":13},{"not_picked":["Crippling Poison","Deadly Poison"],"picked":"Noxious Fumes","floor":14},{"not_picked":["Night Terror","Die Die Die"],"picked":"Corpse Explosion","floor":16},{"not_picked":["Dagger Throw","Escape Plan"],"picked":"Backflip","floor":17},{"not_picked":["Blade Dance","Prepared"],"picked":"Backflip","floor":17},{"not_picked":["Blur","Acrobatics"],"picked":"Poisoned Stab","floor":17},{"not_picked":["Dash","Outmaneuver"],"picked":"Cloak And Dagger","floor":17},{"not_picked":["Heel Hook","Acrobatics"],"picked":"Deflect","floor":18},{"not_picked":["Flying Knee","Slice"],"picked":"Adrenaline","floor":20},{"not_picked":["Caltrops","Grand Finale"],"picked":"Blade Dance","floor":24}],"player_experience":133964,"relics_obtained":[{"floor":5,"key":"Kunai"},{"floor":8,"key":"Ancient Tea Set"},{"floor":9,"key":"Blood Vial"},{"floor":11,"key":"War Paint"},{"floor":14,"key":"Smiling Mask"},{"floor":21,"key":"Enchiridion"},{"floor":24,"key":"Happy Flower"},{"floor":26,"key":"Bottled Flame"}],"event_choices":[{"damage_healed":0,"gold_gain":0,"cards_transformed":["Strike_G"],"player_choice":"Transformed","damage_taken":0,"max_hp_gain":0,"max_hp_loss":0,"event_name":"Transmorgrifier","floor":2,"gold_loss":0,"cards_obtained":["Choke"]},{"damage_healed":0,"gold_gain":0,"player_choice":"Relic","damage_taken":0,"max_hp_gain":0,"max_hp_loss":0,"event_name":"Wheel of Change","floor":8,"gold_loss":0},{"damage_healed":0,"gold_gain":0,"player_choice":"Obtained Book","damage_taken":16,"max_hp_gain":0,"max_hp_loss":0,"event_name":"Cursed Tome","floor":21,"gold_loss":0},{"damage_healed":0,"gold_gain":0,"player_choice":"Opened","damage_taken":0,"relics_obtained":["Gremlin Horn"],"max_hp_gain":0,"max_hp_loss":0,"event_name":"The Mausoleum","floor":22,"gold_loss":0,"cards_obtained":["Writhe"]},{"damage_healed":0,"gold_gain":0,"player_choice":"Became a vampire (Vial)","damage_taken":0,"max_hp_gain":0,"max_hp_loss":0,"event_name":"Vampires","floor":25,"relics_lost":["Blood Vial"],"gold_loss":0,"cards_obtained":["Bite","Bite","Bite","Bite","Bite"]}],"is_beta":false,"boss_relics":[{"not_picked":["HoveringKite","Ectoplasm"],"picked":"Orrery"}],"items_purged_floors":[7,19],"is_endless":false,"potions_floor_spawned":[11,12,14,16,20,24],"killed_by":"Book of Stabbing","ascension_level":6}