{"gold_per_floor":[216,139,156,8,8,39,39,52,52,52,69,88,113,131,131,231,231,248,281,281,297,312,312,343,343,366,400,400,418,211,228,228,333,333,343,115,115,337,351,351,42,56,56,86,86,103,103,138,138,138,138,138,64,97,97],"floor_reached":55,"playtime":2487,"items_purged":["Strike_B"],"score":933,"play_id":"888ea1fb-e939-4be2-b8dd-6d8d4665e111","local_time":"20190330225452","is_ascension_mode":true,"campfire_choices":[{"data":"Zap","floor":7,"key":"SMITH"},{"data":"Dualcast","floor":10,"key":"SMITH"},{"data":"Capacitor","floor":15,"key":"SMITH"},{"data":"Seek","floor":23,"key":"SMITH"},{"floor":25,"key":"REST"},{"floor":28,"key":"REST"},{"floor":32,"key":"REST"},{"data":"Defragment","floor":40,"key":"SMITH"},{"floor":45,"key":"REST"},{"floor":49,"key":"RECALL"},{"floor":52,"key":"REST"}],"neow_cost":"NONE","seed_source_timestamp":238199814176557,"circlet_count":0,"master_deck":["Strike_B","Defend_B+1","Defend_B","Defend_B","Defend_B","Zap+1","Dualcast+1","Ball Lightning","Defragment+1","Ball Lightning","Rip and Tear","FTL","Consume+1","Capacitor+1","Compile Driver","Seek+1","Sweeping Beam+1","Cold Snap","Electrodynamics","Self Repair","Barrage","Barrage+1","Leap","Undo","Coolheaded+1","Machine Learning","Defragment+1","Cold Snap","Leap","Hello World","Consume+1","Glacier","Steam+1"],"relics":["Cracked Core","Dream Catcher","Shuriken","Gambling Chip","War Paint","Sozu","Red Mask","Symbiotic Virus","Happy Flower","WingedGreaves","Runic Capacitor","Empty Cage","Bag of Preparation","Centennial Puzzle","Torii","Pantograph","Boot"],"potions_floor_usage":[27],"damage_taken":[{"damage":0,"enemies":"Cultist","floor":1,"turns":3},{"damage":8,"enemies":"Small Slimes","floor":3,"turns":2},{"damage":26,"enemies":"3 Sentries","floor":6,"turns":4},{"damage":3,"enemies":"2 Louse","floor":8,"turns":2},{"damage":0,"enemies":"Looter","floor":11,"turns":1},{"damage":2,"enemies":"2 Fungi Beasts","floor":12,"turns":2},{"damage":0,"enemies":"Lagavulin","floor":13,"turns":3},{"damage":0,"enemies":"3 Louse","floor":14,"turns":1},{"damage":0,"enemies":"Slime Boss","floor":16,"turns":5},{"damage":28,"enemies":"2 Thieves","floor":18,"turns":3},{"damage":4,"enemies":"Masked Bandits","floor":19,"turns":3},{"damage":9,"enemies":"Shell Parasite","floor":21,"turns":3},{"damage":0,"enemies":"3 Cultists","floor":22,"turns":2},{"damage":27,"enemies":"Slavers","floor":24,"turns":2},{"damage":12,"enemies":"Gremlin Leader","floor":27,"turns":3},{"damage":4,"enemies":"Snake Plant","floor":29,"turns":3},{"damage":3,"enemies":"Centurion and Healer","floor":31,"turns":3},{"damage":16,"enemies":"Collector","floor":33,"turns":6},{"damage":0,"enemies":"3 Shapes","floor":35,"turns":2},{"damage":4,"enemies":"3 Darklings","floor":39,"turns":3},{"damage":0,"enemies":"Sphere and 2 Shapes","floor":42,"turns":2},{"damage":18,"enemies":"Nemesis","floor":44,"turns":7},{"damage":0,"enemies":"Jaw Worm Horde","floor":46,"turns":1},{"damage":0,"enemies":"Reptomancer","floor":48,"turns":5},{"damage":31,"enemies":"Awakened One","floor":50,"turns":11},{"damage":42,"enemies":"Shield and Spear","floor":54,"turns":5},{"damage":65,"enemies":"The Heart","floor":55,"turns":5}],"seed_played":"-4637529972731433289","potions_obtained":[{"floor":1,"key":"Energy Potion"},{"floor":12,"key":"FairyPotion"}],"is_trial":false,"path_per_floor":["M","$","M","$","?","E","R","M","T","R","M","M","E","M","R","B",null,"M","?","?","M","M","R","E","R","T","E","R","M","$","M","R","B",null,"M","$","?","?","M","R","$","M","T","E","R","M","?","E","R","B",null,"R","$","E","B"],"character_chosen":"DEFECT","items_purchased":["Defragment","Dream Catcher","Runic Capacitor","Bag of Preparation","Defragment","Centennial Puzzle","Leap","Hello World","Glacier"],"campfire_rested":5,"item_purchase_floors":[2,4,30,36,36,41,41,41,53],"current_hp_per_floor":[75,75,67,67,67,41,41,38,38,38,38,36,36,36,36,36,75,47,43,43,34,34,34,7,29,29,24,46,49,49,46,68,59,75,75,75,75,75,75,75,75,75,75,57,75,75,75,75,75,51,75,75,75,33,0],"gold":97,"neow_bonus":"HUNDRED_GOLD","is_prod":false,"is_daily":false,"chose_seed":false,"campfire_upgraded":5,"win_rate":0,"timestamp":1554000892,"path_taken":["M","$","M","$","?","E","R","M","T","R","M","?","E","M","R","BOSS","M","?","?","M","M","R","E","R","T","E","R","M","$","M","R","BOSS","M","$","?","?","M","R","$","M","T","E","R","M","?","E","R","BOSS","R","$","E","BOSS"],"build_version":"2019-01-23","purchased_purges":1,"victory":false,"max_hp_per_floor":[75,75,75,75,75,75,75,75,75,75,75,75,75,75,75,75,75,75,75,75,75,75,75,75,75,75,75,75,75,75,75,75,75,75,75,75,75,75,75,75,75,75,75,75,75,75,75,75,75,75,75,75,75,75,75],"card_choices":[{"not_picked":["Loop","Coolheaded"],"picked":"Ball Lightning","floor":1},{"not_picked":["Aggregate","Beam Cell"],"picked":"Ball Lightning","floor":3},{"not_picked":["Turbo","Fusion"],"picked":"Rip and Tear","floor":6},{"not_picked":["Redo","Fusion"],"picked":"FTL","floor":8},{"not_picked":["Meteor Strike","Fusion"],"picked":"Consume","floor":11},{"not_picked":["Turbo","Rip and Tear"],"picked":"Gash","floor":12},{"not_picked":["Gash","Heatsinks"],"picked":"Capacitor","floor":13},{"not_picked":["Barrage","Redo"],"picked":"Compile Driver","floor":14},{"not_picked":["Machine Learning","Thunder Strike"],"picked":"Seek","floor":16},{"not_picked":["Conserve Battery","Melter"],"picked":"Sweeping Beam+1","floor":18},{"not_picked":["Barrage","Sunder"],"picked":"Cold Snap","floor":19},{"not_picked":["Turbo","Steam"],"picked":"Electrodynamics","floor":21},{"not_picked":["Sweeping Beam","Ball Lightning+1"],"picked":"Self Repair","floor":22},{"not_picked":["Reboot","Rebound+1"],"picked":"Barrage","floor":24},{"not_picked":["Rebound+1","Recycle+1"],"picked":"Barrage+1","floor":25},{"not_picked":["Hello World","Beam Cell+1"],"picked":"Leap","floor":27},{"not_picked":["Aggregate","Sweeping Beam"],"picked":"Undo","floor":28},{"not_picked":["FTL","Fusion+1"],"picked":"Coolheaded+1","floor":29},{"not_picked":["Compile Driver","Lockon+1","Streamline+1"],"picked":"SKIP","floor":31},{"not_picked":["Hyperbeam","Multi-Cast"],"picked":"Machine Learning","floor":33},{"not_picked":["Stack+1","Beam Cell+1","Go for the Eyes"],"picked":"SKIP","floor":35},{"not_picked":["Rebound+1","Gash+1"],"picked":"Cold Snap","floor":39},{"not_picked":["Compile Driver+1","Sweeping Beam+1","Reboot"],"picked":"SKIP","floor":42},{"not_picked":["Heatsinks","Streamline+1","Go for the Eyes"],"picked":"SKIP","floor":44},{"not_picked":["Streamline+1","White Noise+1"],"picked":"Consume+1","floor":45},{"not_picked":["Stack+1","Ball Lightning","Steam Power+1"],"picked":"SKIP","floor":46},{"not_picked":["Stack+1","Ball Lightning","Steam Power+1"],"picked":"SKIP","floor":46},{"not_picked":["Multi-Cast","Force Field","All For One"],"picked":"SKIP","floor":48},{"not_picked":["Gash","Chaos"],"picked":"Steam+1","floor":54}],"player_experience":72429,"relics_obtained":[{"floor":6,"key":"Shuriken"},{"floor":9,"key":"Gambling Chip"},{"floor":13,"key":"War Paint"},{"floor":19,"key":"Red Mask"},{"floor":24,"key":"Symbiotic Virus"},{"floor":26,"key":"Happy Flower"},{"floor":27,"key":"WingedGreaves"},{"floor":44,"key":"Torii"},{"floor":48,"key":"Pantograph"},{"floor":54,"key":"Boot"}],"event_choices":[{"damage_healed":0,"gold_gain":0,"player_choice":"Forge","damage_taken":0,"max_hp_gain":0,"max_hp_loss":0,"event_name":"Accursed Blacksmith","floor":5,"gold_loss":0,"cards_upgraded":["Defragment"]},{"damage_healed":0,"gold_gain":0,"player_choice":"Fought Bandits","damage_taken":0,"max_hp_gain":0,"max_hp_loss":0,"event_name":"Masked Bandits","floor":19,"gold_loss":0},{"damage_healed":0,"gold_gain":0,"player_choice":"Ignored","damage_taken":0,"max_hp_gain":0,"max_hp_loss":0,"event_name":"Ghosts","floor":20,"gold_loss":0},{"damage_healed":0,"gold_gain":0,"player_choice":"Memory 1","damage_taken":0,"max_hp_gain":0,"max_hp_loss":0,"event_name":"SensoryStone","floor":37,"gold_loss":0},{"damage_healed":0,"gold_gain":222,"player_choice":"Wore Mask","damage_taken":0,"max_hp_gain":0,"max_hp_loss":0,"event_name":"Tomb of Lord Red Mask","floor":38,"gold_loss":0},{"cards_removed":["Gash"],"damage_healed":0,"gold_gain":0,"player_choice":"Removed Attack","damage_taken":0,"max_hp_gain":0,"max_hp_loss":0,"event_name":"Falling","floor":47,"gold_loss":0}],"is_beta":false,"boss_relics":[{"not_picked":["Coffee Dripper","Cursed Key"],"picked":"Sozu"},{"not_picked":["Velvet Choker","Black Star"],"picked":"Empty Cage"}],"items_purged_floors":[41],"is_endless":false,"potions_floor_spawned":[1,12,21,29,31,39,46,54],"killed_by":"The Heart","ascension_level":2}