{"gold_per_floor":[117,131,306,306,306,306,306,306,329,346,356,366,377,393,393,498,498,517,144,44,44,44,44,70,70,119,119,138,158,158,174,174,271,271,282,282,282,157,170,170,270,270,270,302,302,327,327,379,379,379],"floor_reached":51,"playtime":1096,"items_purged":["Strike_R","Strike_R","Defend_R"],"score":866,"play_id":"91949b00-432c-4622-ac2a-854f6b98c7b4","local_time":"20190625151735","is_ascension_mode":false,"campfire_choices":[{"data":"Body Slam","floor":6.0,"key":"SMITH"},{"data":"Body Slam","floor":8.0,"key":"SMITH"},{"data":"Barricade","floor":15.0,"key":"SMITH"},{"data":"Impervious","floor":23.0,"key":"SMITH"},{"data":"Impervious","floor":25.0,"key":"SMITH"},{"data":"Impervious","floor":27.0,"key":"SMITH"},{"data":"Bash","floor":30.0,"key":"SMITH"},{"data":"Shrug It Off","floor":32.0,"key":"SMITH"},{"data":"Double Tap","floor":40.0,"key":"SMITH"},{"data":"Battle Trance","floor":42.0,"key":"SMITH"},{"data":"Good Instincts","floor":47,"key":"SMITH"},{"data":"Defend_R","floor":49,"key":"SMITH"}],"neow_cost":"TEN_PERCENT_HP_LOSS","seed_source_timestamp":33188552840205,"circlet_count":0,"master_deck":["Defend_R","Defend_R","Defend_R+1","Bash+1","Body Slam+1","Impervious+1","Body Slam+1","Barricade+1","Shrug It Off+1","Impervious+1","Battle Trance+1","Impervious+1","Double Tap+1","Power Through+1","Impervious+1","Body Slam+1","Thunderclap+1","Good Instincts+1","True Grit+1","Uppercut+1"],"special_seed":0,"relics":["Burning Blood","Ornamental Fan","Ancient Tea Set","Mark of Pain","Unceasing Top","Centennial Puzzle","Boot","Coffee Dripper","Incense Burner","Darkstone Periapt","Bag of Marbles","Regal Pillow","Dead Branch"],"potions_floor_usage":[46,50,50],"damage_taken":[{"damage":0.0,"enemies":"Cultist","floor":1.0,"turns":4.0},{"damage":0.0,"enemies":"2 Louse","floor":2.0,"turns":3.0},{"damage":0.0,"enemies":"Small Slimes","floor":10.0,"turns":3.0},{"damage":3.0,"enemies":"Blue Slaver","floor":11.0,"turns":3.0},{"damage":0.0,"enemies":"Looter","floor":12.0,"turns":2.0},{"damage":8.0,"enemies":"Exordium Thugs","floor":13.0,"turns":5.0},{"damage":4.0,"enemies":"Gremlin Gang","floor":14.0,"turns":4.0},{"damage":5.0,"enemies":"Hexaghost","floor":16.0,"turns":8.0},{"damage":15.0,"enemies":"3 Byrds","floor":18.0,"turns":6.0},{"damage":0.0,"enemies":"Shell Parasite","floor":28.0,"turns":2.0},{"damage":0.0,"enemies":"Snecko","floor":29.0,"turns":3.0},{"damage":0.0,"enemies":"Snake Plant","floor":31.0,"turns":2.0},{"damage":7.0,"enemies":"Champ","floor":33.0,"turns":7.0},{"damage":6.0,"enemies":"3 Darklings","floor":35.0,"turns":10.0},{"damage":0.0,"enemies":"3 Shapes","floor":39.0,"turns":4.0},{"damage":0.0,"enemies":"Mind Bloom Boss Battle","floor":41.0,"turns":3.0},{"damage":0.0,"enemies":"Giant Head","floor":44.0,"turns":1.0},{"damage":0,"enemies":"Reptomancer","floor":46,"turns":1},{"damage":0,"enemies":"2 Orb Walkers","floor":48,"turns":2},{"damage":0,"enemies":"Awakened One","floor":50,"turns":5}],"seed_played":"-3791471719082830383","potions_obtained":[{"floor":10.0,"key":"Fruit Juice"},{"floor":11.0,"key":"Swift Potion"},{"floor":12.0,"key":"PowerPotion"},{"floor":14.0,"key":"AttackPotion"},{"floor":28.0,"key":"Weak Potion"},{"floor":35.0,"key":"Explosive Potion"},{"floor":44.0,"key":"Regen Potion"},{"floor":46,"key":"Fire Potion"}],"is_trial":false,"path_per_floor":["M","M","?","?","T","R","?","R","T","M","M","M","M","M","R","B",null,"M","$","$","?","$","R","T","R","T","R","M","M","R","M","R","B",null,"M","?","?","$","M","R","?","R","T","E","?","E","R","?","R","B",null],"character_chosen":"IRONCLAD","items_purchased":["Unceasing Top"],"campfire_rested":0,"item_purchase_floors":[19],"current_hp_per_floor":[72,72,72,72,72,72,72,72,72,77,77,77,75,77,77,77,77,68,68,68,68,68,68,68,68,68,68,74,77,77,77,77,76,77,77,77,77,77,77,77,77,77,77,77,67,73,73,77,77,77],"gold":379,"neow_bonus":"TRANSFORM_TWO_CARDS","is_prod":false,"is_daily":false,"chose_seed":false,"campfire_upgraded":12,"win_rate":0,"timestamp":1561497455,"path_taken":["M","?","?","?","?","R","?","R","T","M","M","?","?","M","R","BOSS","M","?","$","?","?","R","?","R","T","R","M","M","R","?","R","BOSS","M","?","?","$","?","R","?","R","T","E","?","E","R","?","R","BOSS"],"build_version":"2019-01-23","purchased_purges":3,"victory":true,"max_hp_per_floor":[72,72,72,72,72,72,72,72,72,77,77,77,77,77,77,77,77,77,77,77,77,77,77,77,77,77,77,77,77,77,77,77,77,77,77,77,77,77,77,77,77,77,77,77,77,77,77,77,77,77],"card_choices":[{"not_picked":["Headbutt","Reckless Charge"],"picked":"Body Slam","floor":1.0},{"not_picked":["Sword Boomerang","Hemokinesis","Anger"],"picked":"SKIP","floor":2.0},{"not_picked":["Wild Strike","Body Slam"],"picked":"Barricade","floor":10.0},{"not_picked":["Cleave","Heavy Blade"],"picked":"Shrug It Off","floor":11.0},{"not_picked":["Sword Boomerang","Wild Strike","Burning Pact"],"picked":"SKIP","floor":12.0},{"not_picked":["Flame Barrier","Shrug It Off"],"picked":"Impervious","floor":13.0},{"not_picked":["Inflame","Thunderclap"],"picked":"Battle Trance","floor":14.0},{"not_picked":["Double Tap","Dark Embrace"],"picked":"Impervious","floor":16.0},{"not_picked":["Clash+1","Bloodletting+1","Clothesline"],"picked":"SKIP","floor":18.0},{"not_picked":["Bloodletting+1","Clothesline"],"picked":"Clash+1","floor":18.0},{"not_picked":["Iron Wave","Disarm+1","Flex+1"],"picked":"SKIP","floor":28.0},{"not_picked":["Rupture","Havoc","Anger"],"picked":"SKIP","floor":29.0},{"not_picked":["Sever Soul","Warcry+1","Anger"],"picked":"SKIP","floor":31.0},{"not_picked":["Immolate","Limit Break"],"picked":"Double Tap","floor":33.0},{"not_picked":["Flex","Metallicize+1"],"picked":"Power Through+1","floor":35.0},{"not_picked":["Flex+1","Headbutt+1"],"picked":"Body Slam+1","floor":39.0},{"not_picked":["Wild Strike+1","Pommel Strike"],"picked":"Thunderclap+1","floor":44.0},{"not_picked":["Enlightenment","HandOfGreed"],"picked":"Good Instincts","floor":45.0},{"not_picked":["Power Through","Havoc+1"],"picked":"True Grit+1","floor":46},{"not_picked":["Intimidate","Seeing Red"],"picked":"Uppercut+1","floor":48}],"player_experience":1508765,"relics_obtained":[{"floor":5.0,"key":"Ornamental Fan"},{"floor":9.0,"key":"Ancient Tea Set"},{"floor":24.0,"key":"Centennial Puzzle"},{"floor":26.0,"key":"Boot"},{"floor":41.0,"key":"Incense Burner"},{"floor":43.0,"key":"Darkstone Periapt"},{"floor":44.0,"key":"Bag of Marbles"},{"floor":46,"key":"Regal Pillow"},{"floor":48,"key":"Dead Branch"}],"event_choices":[{"damage_healed":0.0,"max_hp_gain":0.0,"max_hp_loss":0.0,"gold_gain":175.0,"event_name":"Liars Game","player_choice":"AGREE","floor":3.0,"gold_loss":0.0,"damage_taken":0.0,"cards_obtained":["Doubt"]},{"cards_removed":["Doubt"],"damage_healed":0.0,"max_hp_gain":0.0,"max_hp_loss":0.0,"gold_gain":0.0,"event_name":"Living Wall","player_choice":"Forget","floor":4.0,"gold_loss":0.0,"damage_taken":0.0},{"cards_removed":["Strike_R"],"damage_healed":0.0,"max_hp_gain":0.0,"max_hp_loss":0.0,"gold_gain":0.0,"event_name":"Bonfire Elementals","player_choice":"Offered Basic","floor":7.0,"gold_loss":0.0,"damage_taken":0.0},{"damage_healed":0.0,"max_hp_gain":0.0,"max_hp_loss":0.0,"gold_gain":0.0,"event_name":"Ghosts","player_choice":"Ignored","floor":21.0,"gold_loss":0.0,"damage_taken":0.0},{"cards_removed":["Clash"],"damage_healed":0.0,"max_hp_gain":0.0,"max_hp_loss":0.0,"gold_gain":0.0,"event_name":"Falling","player_choice":"Removed Attack","floor":36.0,"gold_loss":0.0,"damage_taken":0.0},{"damage_healed":0.0,"max_hp_gain":0.0,"max_hp_loss":0.0,"gold_gain":0.0,"event_name":"Duplicator","player_choice":"Copied","floor":37.0,"gold_loss":0.0,"damage_taken":0.0,"cards_obtained":["Impervious"]},{"damage_healed":0.0,"max_hp_gain":0.0,"max_hp_loss":0.0,"gold_gain":0.0,"event_name":"MindBloom","player_choice":"Fight","floor":41.0,"gold_loss":0.0,"damage_taken":0.0},{"damage_healed":0.0,"max_hp_gain":0.0,"max_hp_loss":0.0,"gold_gain":0.0,"event_name":"SensoryStone","player_choice":"Memory 3","floor":45.0,"gold_loss":0.0,"damage_taken":10.0},{"damage_healed":0,"gold_gain":0,"player_choice":"Fight","damage_taken":0,"max_hp_gain":0,"max_hp_loss":0,"event_name":"Mysterious Sphere","floor":48,"gold_loss":0}],"is_beta":false,"boss_relics":[{"not_picked":["Pandora\u0027s Box","Fusion Hammer"],"picked":"Mark of Pain"},{"not_picked":["Velvet Choker","Cursed Key"],"picked":"Coffee Dripper"}],"items_purged_floors":[19,20,38],"is_endless":false,"potions_floor_spawned":[10,11,12,14,28,35,44,46],"ascension_level":0}