{"gold_per_floor":[109,109,34,45,45,45,70,70,117,131,131,151,151,165,165,266,266,283,283,296,296,44,44,71,71,71,89,99,99,52,62,62,167,167,177,187,202,77,87,87,187,222,246,299,299,149,149,160,160,160],"floor_reached":51,"playtime":3476,"items_purged":["Defend_R","Defend_R","Defend_R","Defend_R"],"score":670,"play_id":"6eca7a32-5294-45e3-88f7-2fe950c4979d","local_time":"20190627173212","is_ascension_mode":false,"campfire_choices":[{"data":"Strike_R","floor":6,"key":"SMITH"},{"data":"Blood for Blood","floor":11,"key":"SMITH"},{"data":"Blood for Blood","floor":13,"key":"SMITH"},{"floor":15,"key":"REST"},{"data":"Armaments","floor":23,"key":"SMITH"},{"floor":25,"key":"REST"},{"floor":29,"key":"REST"},{"floor":32,"key":"REST"},{"floor":40,"key":"REST"},{"floor":45,"key":"REST"},{"floor":47,"key":"REST"},{"floor":49,"key":"REST"}],"neow_cost":"NONE","seed_source_timestamp":232197151156,"circlet_count":0,"master_deck":["Strike_R+1","Strike_R","Strike_R","Strike_R","Strike_R","Bash","Clash+1","Iron Wave","Blood for Blood+1","Uppercut","Blood for Blood+1","Offering","Pommel Strike","Armaments+1","Twin Strike","Bloodletting","Clash","Anger","Brutality","Pommel Strike+1","Anger+1","Flex+1","Anger+1","Seeing Red+1","Dropkick+1","Clash+1"],"relics":["Burning Blood","WingedGreaves","Ginger","StoneCalendar","Blood Vial","Black Star","Thread and Needle","Bronze Scales","Ornamental Fan","Vajra","Kunai","Fusion Hammer","Gambling Chip","Pen Nib","PreservedInsect","Whetstone","Charon\u0027s Ashes"],"potions_floor_usage":[16,18,50],"damage_taken":[{"damage":5,"enemies":"Cultist","floor":1,"turns":4},{"damage":1,"enemies":"Jaw Worm","floor":4,"turns":3},{"damage":30,"enemies":"3 Sentries","floor":7,"turns":10},{"damage":8,"enemies":"Small Slimes","floor":10,"turns":3},{"damage":8,"enemies":"Exordium Wildlife","floor":12,"turns":3},{"damage":15,"enemies":"2 Fungi Beasts","floor":14,"turns":3},{"damage":50,"enemies":"Hexaghost","floor":16,"turns":7},{"damage":26,"enemies":"2 Thieves","floor":18,"turns":3},{"damage":19,"enemies":"3 Byrds","floor":20,"turns":6},{"damage":30,"enemies":"Book of Stabbing","floor":24,"turns":5},{"damage":27,"enemies":"Cultist and Chosen","floor":27,"turns":6},{"damage":9,"enemies":"Centurion and Healer","floor":28,"turns":5},{"damage":25,"enemies":"Shelled Parasite and Fungi","floor":31,"turns":3},{"damage":67,"enemies":"Champ","floor":33,"turns":8},{"damage":4,"enemies":"Orb Walker","floor":35,"turns":3},{"damage":17,"enemies":"3 Shapes","floor":36,"turns":3},{"damage":17,"enemies":"Transient","floor":37,"turns":5},{"damage":24,"enemies":"4 Shapes","floor":39,"turns":4},{"damage":4,"enemies":"Mind Bloom Boss Battle","floor":41,"turns":4},{"damage":21,"enemies":"Giant Head","floor":42,"turns":5},{"damage":55,"enemies":"2 Orb Walkers","floor":44,"turns":4},{"damage":8,"enemies":"Maw","floor":48,"turns":6},{"damage":78,"enemies":"Awakened One","floor":50,"turns":9}],"seed_played":"-4077020479454384094","potions_obtained":[{"floor":10,"key":"BloodPotion"},{"floor":14,"key":"Dexterity Potion"},{"floor":16,"key":"Strength Potion"},{"floor":18,"key":"AttackPotion"},{"floor":28,"key":"Swift Potion"},{"floor":31,"key":"Explosive Potion"},{"floor":36,"key":"Fire Potion"}],"is_trial":false,"path_per_floor":["M","T","$","M","T","R","E","$","T","M","R","M","R","M","R","B",null,"M","?","M","?","$","R","E","R","T","M","M","R","$","M","R","B",null,"M","M","M","$","M","R","?","E","T","?","R","$","R","M","R","B",null],"character_chosen":"IRONCLAD","items_purchased":["Bronze Scales","Anger"],"campfire_rested":8,"item_purchase_floors":[22,30],"current_hp_per_floor":[88,88,88,88,88,88,64,64,64,64,64,64,64,57,83,41,88,76,76,65,65,65,65,43,69,69,50,49,75,75,58,84,25,88,88,77,68,68,52,78,82,69,69,22,48,48,74,74,88,16],"gold":160,"neow_bonus":"TEN_PERCENT_HP_BONUS","is_prod":false,"is_daily":false,"chose_seed":false,"campfire_upgraded":4,"win_rate":0.0,"timestamp":1561653132,"path_taken":["M","?","$","M","?","R","E","?","T","M","R","M","R","M","R","BOSS","M","?","M","?","$","R","E","R","T","M","M","R","$","?","R","BOSS","M","M","M","$","M","R","?","E","T","?","R","$","R","M","R","BOSS"],"build_version":"2019-01-23","purchased_purges":4,"victory":true,"max_hp_per_floor":[88,88,88,88,88,88,88,88,88,88,88,88,88,88,88,88,88,88,88,88,88,88,88,88,88,88,88,88,88,88,88,88,88,88,88,88,88,88,88,88,88,88,88,88,88,88,88,88,88,88],"card_choices":[{"not_picked":["Thunderclap","Cleave"],"picked":"Clash","floor":1},{"not_picked":["Entrench","Warcry"],"picked":"Iron Wave","floor":4},{"not_picked":["Flex","Searing Blow"],"picked":"Blood for Blood","floor":7},{"not_picked":["Thunderclap","Ghostly Armor"],"picked":"Uppercut","floor":10},{"not_picked":["Sever Soul","Twin Strike"],"picked":"Blood for Blood","floor":12},{"not_picked":["Impervious","Corruption","Body Slam"],"picked":"SKIP","floor":14},{"not_picked":["Impervious","Juggernaut"],"picked":"Offering","floor":16},{"not_picked":["Combust","Dual Wield"],"picked":"Pommel Strike","floor":18},{"not_picked":["True Grit","Rage+1"],"picked":"Twin Strike","floor":20},{"not_picked":["Body Slam+1","Sword Boomerang"],"picked":"Bloodletting","floor":24},{"not_picked":["Intimidate","Searing Blow","Shrug It Off"],"picked":"SKIP","floor":27},{"not_picked":["Twin Strike+1","Anger"],"picked":"Clash","floor":28},{"not_picked":["Perfected Strike","Fiend Fire","Entrench"],"picked":"SKIP","floor":31},{"not_picked":["Barricade","Bludgeon"],"picked":"Brutality","floor":33},{"not_picked":["Fire Breathing","Body Slam+1"],"picked":"Pommel Strike","floor":35},{"not_picked":["Power Through","Shrug It Off"],"picked":"Anger+1","floor":36},{"not_picked":["Perfected Strike","Thunderclap+1","Sever Soul+1"],"picked":"SKIP","floor":37},{"not_picked":["Battle Trance","Warcry"],"picked":"Flex+1","floor":39},{"not_picked":["Searing Blow+1","Offering"],"picked":"Anger+1","floor":41},{"not_picked":["Blood for Blood","Cleave"],"picked":"Seeing Red+1","floor":42},{"not_picked":["Pummel+1","Iron Wave+1"],"picked":"Dropkick+1","floor":44},{"not_picked":["Feel No Pain+1","Flex+1"],"picked":"Clash+1","floor":48}],"player_experience":3239,"relics_obtained":[{"floor":2,"key":"WingedGreaves"},{"floor":5,"key":"Ginger"},{"floor":7,"key":"StoneCalendar"},{"floor":9,"key":"Blood Vial"},{"floor":24,"key":"Ornamental Fan"},{"floor":24,"key":"Vajra"},{"floor":26,"key":"Kunai"},{"floor":41,"key":"Gambling Chip"},{"floor":42,"key":"Pen Nib"},{"floor":42,"key":"PreservedInsect"},{"floor":43,"key":"Whetstone"},{"floor":44,"key":"Charon\u0027s Ashes"}],"event_choices":[{"damage_healed":0,"gold_gain":0,"player_choice":"Read","damage_taken":0,"max_hp_gain":0,"max_hp_loss":0,"event_name":"The Library","floor":19,"gold_loss":0,"cards_obtained":["Armaments"]},{"damage_healed":0,"gold_gain":0,"player_choice":"Gave Potion","damage_taken":0,"relics_obtained":["Thread and Needle"],"max_hp_gain":0,"max_hp_loss":0,"event_name":"WeMeetAgain","floor":21,"gold_loss":0},{"damage_healed":0,"gold_gain":0,"player_choice":"Fight","damage_taken":0,"max_hp_gain":0,"max_hp_loss":0,"event_name":"MindBloom","floor":41,"gold_loss":0},{"damage_healed":0,"gold_gain":0,"player_choice":"Fight","damage_taken":0,"max_hp_gain":0,"max_hp_loss":0,"event_name":"Mysterious Sphere","floor":44,"gold_loss":0}],"is_beta":false,"boss_relics":[{"not_picked":["Cursed Key","Calling Bell"],"picked":"Black Star"},{"not_picked":["Busted Crown","Empty Cage"],"picked":"Fusion Hammer"}],"items_purged_floors":[3,22,38,46],"is_endless":false,"potions_floor_spawned":[10,14,16,18,28,31,36,37,41,44],"ascension_level":0}