{"gold_per_floor":[115,16,32,32,32,32,73,73,124,124,124,159,159,190,190,319,319,344,358,381,381,381,381,422,438,438,438,469,469,488,587,587,712,712,733,693,709,126,151,192,206,206,206,245,17,17,17,50,50,50],"floor_reached":51,"playtime":2308,"items_purged":["Strike_G","Strike_G","Writhe"],"score":972,"play_id":"8987713f-8b76-44cc-8211-ff00a2c72037","local_time":"20190426003154","is_ascension_mode":true,"campfire_choices":[{"data":"Neutralize","floor":6,"key":"SMITH"},{"data":"Deadly Poison","floor":8,"key":"SMITH"},{"floor":11,"key":"REST"},{"data":"Cloak And Dagger","floor":15,"key":"SMITH"},{"data":"Predator","floor":23,"key":"SMITH"},{"data":"Footwork","floor":27,"key":"SMITH"},{"data":"Catalyst","floor":32,"key":"SMITH"},{"floor":42,"key":"REST"},{"floor":49,"key":"REST"}],"neow_cost":"NONE","seed_source_timestamp":451318469318512,"circlet_count":0,"master_deck":["Defend_G","Defend_G","Defend_G","Defend_G","Defend_G+1","Strike_G","Strike_G","Survivor","Neutralize+1","Blur+1","Quick Slash+1","Backstab","Deadly Poison+1","Backflip","Cloak And Dagger+1","Corpse Explosion","PiercingWail","Backflip","Cloak And Dagger+1","Predator+1","Footwork+1","Deadly Poison","Catalyst+1","Adrenaline","Corpse Explosion","PiercingWail+1","Footwork+1","Burst","Caltrops+1","Footwork+1","Dark Shackles","Endless Agony"],"relics":["Ring of the Snake","Juzu Bracelet","Golden Idol","Lantern","Ancient Tea Set","Vajra","Odd Mushroom","Snecko Eye","Matryoshka","Smiling Mask","Boot","Frozen Egg 2","Pantograph","Pear","Fusion Hammer","Thread and Needle","The Courier","Pen Nib","Mummified Hand","Potion Belt","Art of War","Dream Catcher"],"potions_floor_usage":[28,33,48],"damage_taken":[{"damage":2,"enemies":"Small Slimes","floor":1,"turns":4},{"damage":1,"enemies":"Jaw Worm","floor":3,"turns":5},{"damage":21,"enemies":"Gremlin Nob","floor":7,"turns":5},{"damage":7,"enemies":"3 Sentries","floor":12,"turns":9},{"damage":0,"enemies":"The Mushroom Lair","floor":14,"turns":4},{"damage":8,"enemies":"Hexaghost","floor":16,"turns":10},{"damage":10,"enemies":"Shell Parasite","floor":18,"turns":3},{"damage":0,"enemies":"3 Byrds","floor":19,"turns":3},{"damage":6,"enemies":"Centurion and Healer","floor":20,"turns":6},{"damage":0,"enemies":"Slavers","floor":24,"turns":4},{"damage":0,"enemies":"Snecko","floor":25,"turns":5},{"damage":5,"enemies":"Gremlin Leader","floor":28,"turns":7},{"damage":8,"enemies":"Shelled Parasite and Fungi","floor":30,"turns":5},{"damage":38,"enemies":"Collector","floor":33,"turns":6},{"damage":3,"enemies":"Orb Walker","floor":35,"turns":3},{"damage":11,"enemies":"3 Darklings","floor":37,"turns":3},{"damage":0,"enemies":"Maw","floor":39,"turns":7},{"damage":51,"enemies":"Reptomancer","floor":40,"turns":4},{"damage":11,"enemies":"Writhing Mass","floor":41,"turns":4},{"damage":0,"enemies":"Nemesis","floor":44,"turns":7},{"damage":21,"enemies":"Reptomancer","floor":48,"turns":6},{"damage":11,"enemies":"Donu and Deca","floor":50,"turns":7}],"seed_played":"-2465632478881912468","potions_obtained":[{"floor":12,"key":"Energy Potion"},{"floor":18,"key":"PowerPotion"},{"floor":25,"key":"SkillPotion"},{"floor":30,"key":"PowerPotion"},{"floor":35,"key":"Fire Potion"},{"floor":44,"key":"PowerPotion"}],"is_trial":false,"path_per_floor":["M","$","M","?","?","R","E","R","T","?","R","E","?","?","R","B",null,"M","M","M","?","T","R","E","M","T","R","E","?","M","?","R","B",null,"M","?","M","$","M","E","M","R","T","E","$","?","?","E","R","B",null],"character_chosen":"THE_SILENT","items_purchased":["Quick Slash","Footwork+1","GhostInAJar","GhostInAJar","Thread and Needle","Footwork+1","Art of War"],"campfire_rested":3,"item_purchase_floors":[2,38,38,38,38,45,45],"current_hp_per_floor":[68,68,67,67,50,50,29,29,29,15,36,29,29,29,29,21,70,60,60,54,54,54,54,54,54,54,54,49,59,51,51,51,38,80,77,77,66,66,66,15,4,28,28,28,28,28,28,7,31,45],"gold":50,"neow_bonus":"RANDOM_COMMON_RELIC","is_prod":false,"is_daily":false,"chose_seed":false,"campfire_upgraded":6,"win_rate":0,"timestamp":1556253114,"path_taken":["M","$","M","?","?","R","E","R","T","?","R","E","?","?","R","BOSS","M","M","M","?","?","R","E","M","T","R","E","?","M","?","R","BOSS","M","?","M","$","M","E","M","R","T","E","?","?","?","E","R","BOSS"],"build_version":"2019-01-23","purchased_purges":3,"victory":true,"max_hp_per_floor":[70,70,70,70,70,70,70,70,70,70,70,70,70,70,70,70,70,70,70,70,70,70,70,70,70,70,70,70,80,80,80,80,80,80,80,80,80,80,80,80,80,80,80,80,80,80,80,80,80,80],"card_choices":[{"not_picked":["Acrobatics","Caltrops"],"picked":"Blur","floor":1},{"not_picked":["Leg Sweep","Deadly Poison"],"picked":"Backstab","floor":3},{"not_picked":["All Out Attack","Flying Knee"],"picked":"Deadly Poison","floor":7},{"not_picked":["Venomology","Accuracy"],"picked":"Backflip","floor":12},{"not_picked":["Calculated Gamble","Bane"],"picked":"Cloak And Dagger","floor":14},{"not_picked":["After Image","Night Terror"],"picked":"Corpse Explosion","floor":16},{"not_picked":["Choke","Bane+1"],"picked":"PiercingWail","floor":18},{"not_picked":["Reflex","Concentrate"],"picked":"Backflip","floor":19},{"not_picked":["Dodge and Roll","Finisher+1"],"picked":"Cloak And Dagger+1","floor":20},{"not_picked":["Terror","Reflex"],"picked":"Footwork","floor":24},{"not_picked":["All Out Attack","Sucker Punch"],"picked":"Deadly Poison","floor":25},{"not_picked":["Finisher","Well Laid Plans+1"],"picked":"Catalyst","floor":28},{"not_picked":["Cloak And Dagger","Dagger Spray"],"picked":"Adrenaline","floor":30},{"not_picked":["Glass Knife","Unload"],"picked":"Corpse Explosion","floor":33},{"not_picked":["Finisher+1","Outmaneuver+1","Dagger Throw+1"],"picked":"SKIP","floor":35},{"not_picked":["Outmaneuver","Underhanded Strike"],"picked":"PiercingWail+1","floor":37},{"not_picked":["Expertise","Bouncing Flask"],"picked":"Burst","floor":39},{"not_picked":["Dagger Throw","Dagger Spray+1","Escape Plan+1"],"picked":"SKIP","floor":40},{"not_picked":["Infinite Blades+1","Blade Dance+1","Underhanded Strike"],"picked":"SKIP","floor":41},{"not_picked":["Dagger Spray","Grand Finale"],"picked":"Caltrops+1","floor":44},{"not_picked":["Purity","Thinking Ahead"],"picked":"Dark Shackles","floor":46},{"not_picked":["Poisoned Stab+1","Expertise","Flechettes"],"picked":"SKIP","floor":48}],"player_experience":104733,"relics_obtained":[{"floor":7,"key":"Lantern"},{"floor":9,"key":"Ancient Tea Set"},{"floor":12,"key":"Vajra"},{"floor":14,"key":"Odd Mushroom"},{"floor":22,"key":"Matryoshka"},{"floor":24,"key":"Smiling Mask"},{"floor":26,"key":"Boot"},{"floor":26,"key":"Frozen Egg 2"},{"floor":28,"key":"Pantograph"},{"floor":40,"key":"The Courier"},{"floor":43,"key":"Pen Nib"},{"floor":43,"key":"Mummified Hand"},{"floor":44,"key":"Potion Belt"},{"floor":48,"key":"Dream Catcher"}],"event_choices":[{"damage_healed":0,"gold_gain":0,"player_choice":"Leave","damage_taken":0,"max_hp_gain":0,"max_hp_loss":0,"event_name":"The Cleric","floor":4,"gold_loss":0},{"damage_healed":0,"gold_gain":0,"player_choice":"Take Damage","damage_taken":17,"relics_obtained":["Golden Idol"],"max_hp_gain":0,"max_hp_loss":0,"event_name":"Golden Idol","floor":5,"gold_loss":0},{"damage_healed":0,"gold_gain":0,"player_choice":"Entered Light","damage_taken":14,"max_hp_gain":0,"max_hp_loss":0,"event_name":"Shining Light","floor":10,"gold_loss":0,"cards_upgraded":["Defend_G","Blur"]},{"damage_healed":0,"gold_gain":0,"player_choice":"Upgraded","damage_taken":0,"max_hp_gain":0,"max_hp_loss":0,"event_name":"Upgrade Shrine","floor":13,"gold_loss":0,"cards_upgraded":["Quick Slash"]},{"damage_healed":0,"gold_gain":0,"player_choice":"Fought Mushrooms","damage_taken":0,"max_hp_gain":0,"max_hp_loss":0,"event_name":"Mushrooms","floor":14,"gold_loss":0},{"damage_healed":0,"gold_gain":0,"player_choice":"Read","damage_taken":0,"max_hp_gain":0,"max_hp_loss":0,"event_name":"The Library","floor":21,"gold_loss":0,"cards_obtained":["Predator"]},{"damage_healed":0,"gold_gain":0,"player_choice":"Opened","damage_taken":0,"relics_obtained":["Pear"],"max_hp_gain":0,"max_hp_loss":0,"event_name":"The Mausoleum","floor":29,"gold_loss":0,"cards_obtained":["Writhe"]},{"damage_healed":0,"gold_gain":99,"player_choice":"Stole From Cult","damage_taken":0,"max_hp_gain":0,"max_hp_loss":0,"event_name":"Nest","floor":31,"gold_loss":0},{"damage_healed":0,"gold_gain":0,"player_choice":"Bought 3 Potions","damage_taken":0,"max_hp_gain":0,"max_hp_loss":0,"event_name":"The Woman in Blue","floor":36,"gold_loss":0},{"damage_healed":0,"gold_gain":0,"player_choice":"Memory 1","damage_taken":0,"max_hp_gain":0,"max_hp_loss":0,"event_name":"SensoryStone","floor":46,"gold_loss":0},{"damage_healed":0,"gold_gain":0,"cards_transformed":["Strike_G"],"player_choice":"Transformed","damage_taken":0,"max_hp_gain":0,"max_hp_loss":0,"event_name":"Transmorgrifier","floor":47,"gold_loss":0,"cards_obtained":["Endless Agony"]}],"is_beta":false,"boss_relics":[{"not_picked":["WristBlade","Philosopher\u0027s Stone"],"picked":"Snecko Eye"},{"not_picked":["Tiny House","Orrery"],"picked":"Fusion Hammer"}],"items_purged_floors":[2,38,45],"is_endless":false,"potions_floor_spawned":[12,18,25,30,35,37,44],"ascension_level":3}