{"gold_per_floor":[116,291,19,30,30,30,90,10,89,103,128,128,177,177,177,276,276,293,1,1,1,17,52,52,86,113,113,113,131,145,158,158,257,257,271,285,638,638,649,683,683,683,683],"floor_reached":44,"playtime":2172,"items_purged":["Doubt","Hello World"],"score":1052,"play_id":"145d19d1-a7ed-4a60-857a-5f5648723020","local_time":"20190622145349","is_ascension_mode":true,"campfire_choices":[{"data":"Melter","floor":6,"key":"SMITH"},{"data":"Doom and Gloom","floor":12,"key":"SMITH"},{"data":"Fusion","floor":15,"key":"SMITH"},{"data":"Biased Cognition","floor":28,"key":"SMITH"},{"data":"Ghostly","floor":32,"key":"SMITH"},{"data":"Capacitor","floor":41,"key":"SMITH"}],"neow_cost":"NONE","seed_source_timestamp":3905392767811,"circlet_count":0,"master_deck":["Zap","Self Repair","Fusion+1","Creative AI","FTL","Barrage+1","Coolheaded","Compile Driver","Doom and Gloom+1","Genetic Algorithm","Coolheaded","Buffer","Ball Lightning","Sunder","Ghostly+1","Ghostly","Ghostly","Ghostly","Ghostly","Conserve Battery+1","Biased Cognition+1","Redo","Undo+1","Self Repair+1","Go for the Eyes+1","Defragment+1","Defragment+1","Capacitor+1","Recycle"],"relics":["Pandora\u0027s Box","Centennial Puzzle","Tiny Chest","Pear","Blue Candle","Orichalcum","Coffee Dripper","ClockworkSouvenir","Art of War","Meat on the Bone","Dream Catcher","Snecko Eye","Old Coin","Ancient Tea Set"],"potions_floor_usage":[23,31],"damage_taken":[{"damage":0,"enemies":"2 Louse","floor":1,"turns":3},{"damage":10,"enemies":"Jaw Worm","floor":4,"turns":3},{"damage":36,"enemies":"Gremlin Nob","floor":7,"turns":5},{"damage":3,"enemies":"Cultist","floor":10,"turns":3},{"damage":19,"enemies":"3 Sentries","floor":11,"turns":5},{"damage":10,"enemies":"Slime Boss","floor":16,"turns":7},{"damage":16,"enemies":"2 Thieves","floor":18,"turns":3},{"damage":8,"enemies":"Chosen","floor":22,"turns":4},{"damage":37,"enemies":"Gremlin Leader","floor":23,"turns":6},{"damage":0,"enemies":"Slavers","floor":25,"turns":6},{"damage":0,"enemies":"3 Cultists","floor":29,"turns":5},{"damage":0,"enemies":"Snake Plant","floor":30,"turns":4},{"damage":2,"enemies":"Centurion and Healer","floor":31,"turns":6},{"damage":11,"enemies":"Champ","floor":33,"turns":12},{"damage":0,"enemies":"3 Shapes","floor":35,"turns":4},{"damage":3,"enemies":"Orb Walker","floor":36,"turns":4},{"damage":32,"enemies":"2 Orb Walkers","floor":37,"turns":6},{"damage":0,"enemies":"Transient","floor":39,"turns":5},{"damage":0,"enemies":"Reptomancer","floor":40,"turns":8},{"damage":0,"enemies":"Time Eater","floor":43,"turns":9}],"seed_played":"7222358788586417124","potions_obtained":[{"floor":1,"key":"EssenceOfSteel"},{"floor":4,"key":"Poison Potion"},{"floor":7,"key":"Strength Potion"},{"floor":11,"key":"Regen Potion"},{"floor":25,"key":"FocusPotion"},{"floor":29,"key":"EssenceOfSteel"},{"floor":33,"key":"PowerPotion"}],"is_trial":false,"path_per_floor":["M","?","$","M","?","R","E","$","T","M","E","R","T","?","R","B",null,"M","$","?","?","M","E","?","E","T","?","R","M","M","M","R","B",null,"M","M","?","?","M","E","R","?","B",null],"character_chosen":"DEFECT","items_purchased":["Coolheaded","Centennial Puzzle","Genetic Algorithm","ClockworkSouvenir"],"campfire_rested":0,"item_purchase_floors":[3,3,8,19],"current_hp_per_floor":[75,75,75,72,65,65,36,36,46,50,38,38,38,38,38,28,71,55,55,55,55,47,17,17,24,24,24,24,24,31,36,36,42,42,42,42,29,29,42,42,42,42,42],"gold":683,"neow_bonus":"BOSS_RELIC","is_prod":false,"is_daily":false,"chose_seed":false,"campfire_upgraded":6,"win_rate":0,"timestamp":1561229629,"path_taken":["M","?","$","M","?","R","E","?","T","?","E","R","?","?","R","BOSS","M","$","?","?","M","E","?","E","T","?","R","M","M","M","R","BOSS","M","M","?","?","?","E","R","?","BOSS"],"build_version":"2019-01-23","purchased_purges":2,"victory":true,"max_hp_per_floor":[75,75,75,75,75,75,75,75,85,85,85,85,85,85,85,85,85,85,85,85,85,85,85,42,42,42,42,42,42,42,42,42,42,42,42,42,42,42,42,42,42,42,42],"card_choices":[{"not_picked":["Chaos","Self Repair"],"picked":"Melter","floor":1},{"not_picked":["Steam","Coolheaded"],"picked":"Compile Driver","floor":4},{"not_picked":["Static Discharge","Darkness"],"picked":"Doom and Gloom","floor":7},{"not_picked":["Go for the Eyes","Barrage","Self Repair"],"picked":"SKIP","floor":10},{"not_picked":["Redo","Compile Driver"],"picked":"Coolheaded","floor":11},{"not_picked":["Amplify","All For One"],"picked":"Buffer","floor":16},{"not_picked":["Heatsinks","Streamline"],"picked":"Ball Lightning","floor":18},{"not_picked":["Tempest","Fusion","Static Discharge"],"picked":"SKIP","floor":22},{"not_picked":["Melter","Redo","Heatsinks"],"picked":"SKIP","floor":23},{"not_picked":["Skim+1","Hologram+1"],"picked":"Conserve Battery+1","floor":25},{"not_picked":["Redo","FTL","Steam Power+1"],"picked":"SKIP","floor":29},{"not_picked":["Doom and Gloom","Auto Shields+1"],"picked":"Undo+1","floor":30},{"not_picked":["Compile Driver","Streamline"],"picked":"Self Repair+1","floor":31},{"not_picked":["FTL","Redo","Melter"],"picked":"SKIP","floor":35},{"not_picked":["Streamline","Turbo"],"picked":"Go for the Eyes+1","floor":36},{"not_picked":["Coolheaded","Stack+1"],"picked":"Defragment+1","floor":37},{"not_picked":["Scrape","Consume+1"],"picked":"Capacitor","floor":39},{"not_picked":["Chill+1","Go for the Eyes+1"],"picked":"Recycle","floor":40}],"player_experience":154633,"relics_obtained":[{"floor":7,"key":"Tiny Chest"},{"floor":9,"key":"Pear"},{"floor":11,"key":"Blue Candle"},{"floor":13,"key":"Orichalcum"},{"floor":23,"key":"Art of War"},{"floor":25,"key":"Meat on the Bone"},{"floor":26,"key":"Dream Catcher"},{"floor":37,"key":"Old Coin"},{"floor":40,"key":"Ancient Tea Set"}],"event_choices":[{"damage_healed":0,"gold_gain":175,"player_choice":"AGREE","damage_taken":0,"max_hp_gain":0,"max_hp_loss":0,"event_name":"Liars Game","floor":2,"gold_loss":0,"cards_obtained":["Doubt"]},{"cards_removed":["Thunder Strike"],"damage_healed":0,"gold_gain":0,"player_choice":"Card Removal","damage_taken":7,"max_hp_gain":0,"max_hp_loss":0,"event_name":"Golden Wing","floor":5,"gold_loss":0},{"damage_healed":0,"gold_gain":0,"player_choice":"Grow","damage_taken":0,"max_hp_gain":0,"max_hp_loss":0,"event_name":"Living Wall","floor":14,"gold_loss":0,"cards_upgraded":["Barrage"]},{"cards_removed":["Machine Learning"],"damage_healed":0,"gold_gain":0,"player_choice":"Elegance","damage_taken":0,"max_hp_gain":0,"max_hp_loss":0,"event_name":"Back to Basics","floor":20,"gold_loss":0},{"damage_healed":0,"gold_gain":0,"player_choice":"Read","damage_taken":0,"max_hp_gain":0,"max_hp_loss":0,"event_name":"The Library","floor":21,"gold_loss":0,"cards_obtained":["Sunder"]},{"damage_healed":0,"gold_gain":0,"player_choice":"Became a Ghost","damage_taken":0,"max_hp_gain":0,"max_hp_loss":43,"event_name":"Ghosts","floor":24,"gold_loss":0,"cards_obtained":["Ghostly","Ghostly","Ghostly","Ghostly","Ghostly"]},{"damage_healed":0,"gold_gain":0,"cards_transformed":["Melter","Dualcast"],"player_choice":"Became Test Subject","damage_taken":0,"max_hp_gain":0,"max_hp_loss":0,"event_name":"Drug Dealer","floor":27,"gold_loss":0,"cards_obtained":["Biased Cognition","Redo"]},{"damage_healed":0,"gold_gain":0,"player_choice":"Fight","damage_taken":0,"max_hp_gain":0,"max_hp_loss":0,"event_name":"Mysterious Sphere","floor":37,"gold_loss":0},{"damage_healed":0,"gold_gain":0,"player_choice":"Copied","damage_taken":0,"max_hp_gain":0,"max_hp_loss":0,"event_name":"Duplicator","floor":38,"gold_loss":0,"cards_obtained":["Defragment"]},{"damage_healed":0,"gold_gain":0,"player_choice":"Took Portal","damage_taken":0,"max_hp_gain":0,"max_hp_loss":0,"event_name":"SecretPortal","floor":42,"gold_loss":0}],"is_beta":false,"boss_relics":[{"not_picked":["Runic Dome","Velvet Choker"],"picked":"Coffee Dripper"},{"not_picked":["Orrery","Black Star"],"picked":"Snecko Eye"}],"items_purged_floors":[3,19],"is_endless":false,"potions_floor_spawned":[1,4,7,11,25,29,30,33,36,37],"ascension_level":6}