{"gold_per_floor":[117,136,136,149,167,167,196,196,196,196,196,221,221,246,246,318,318,338,338,358,370,380,380,409,420,420,420,420,450,469,469,469,545,545,562,562,579,273,273,273,284,284,330,330,330,361,361,379,379,379],"floor_reached":51,"playtime":3912,"items_purged":["Strike_G"],"score":1263,"play_id":"60e2dfab-4a3f-460c-83af-dcd54408473d","local_time":"20190623111150","is_ascension_mode":true,"campfire_choices":[{"data":"Caltrops","floor":6,"key":"SMITH"},{"data":"Cloak And Dagger","floor":8,"key":"SMITH"},{"floor":11,"key":"REST"},{"data":"Blade Dance","floor":13,"key":"SMITH"},{"data":"Neutralize","floor":15,"key":"SMITH"},{"data":"Envenom","floor":23,"key":"SMITH"},{"floor":32,"key":"REST"},{"data":"After Image","floor":40,"key":"SMITH"},{"data":"Accuracy","floor":42,"key":"SMITH"},{"data":"Burst","floor":44,"key":"SMITH"},{"data":"Accuracy","floor":49,"key":"SMITH"}],"neow_cost":"NONE","seed_source_timestamp":501483219214455,"circlet_count":0,"master_deck":["AscendersBane","Defend_G","Defend_G","Defend_G","Defend_G","Strike_G","Strike_G","Strike_G","Survivor","Neutralize+1","Poisoned Stab+1","Endless Agony+1","Blur","Caltrops+1","Crippling Poison","Cloak And Dagger+1","Blade Dance+1","Burst+1","Envenom+1","Accuracy+1","Cloak And Dagger","Well Laid Plans","Footwork","Accuracy+1","After Image+1","A Thousand Cuts","Infinite Blades","Terror","Blade Dance+1"],"relics":["Ring of the Snake","WarpedTongs","Shuriken","Bottled Tornado","Odd Mushroom","Paper Crane","Sozu","CultistMask","Strawberry","Ornamental Fan","Potion Belt","Eternal Feather","Ninja Scroll","Whetstone","Bird Faced Urn"],"potions_floor_usage":[14,16,27,27],"damage_taken":[{"damage":0,"enemies":"Jaw Worm","floor":1,"turns":5},{"damage":1,"enemies":"Cultist","floor":2,"turns":3},{"damage":6,"enemies":"Small Slimes","floor":4,"turns":3},{"damage":6,"enemies":"Looter","floor":5,"turns":4},{"damage":8,"enemies":"3 Sentries","floor":7,"turns":10},{"damage":11,"enemies":"The Mushroom Lair","floor":12,"turns":4},{"damage":1,"enemies":"Gremlin Nob","floor":14,"turns":4},{"damage":0,"enemies":"Hexaghost","floor":16,"turns":8},{"damage":2,"enemies":"Chosen","floor":18,"turns":4},{"damage":0,"enemies":"Shell Parasite","floor":20,"turns":3},{"damage":0,"enemies":"3 Cultists","floor":21,"turns":4},{"damage":5,"enemies":"Centurion and Healer","floor":22,"turns":5},{"damage":16,"enemies":"Gremlin Leader","floor":24,"turns":7},{"damage":12,"enemies":"Snake Plant","floor":25,"turns":4},{"damage":12,"enemies":"Slavers","floor":27,"turns":2},{"damage":21,"enemies":"Gremlin Leader","floor":29,"turns":7},{"damage":0,"enemies":"3 Cultists","floor":30,"turns":6},{"damage":35,"enemies":"Collector","floor":33,"turns":9},{"damage":2,"enemies":"3 Shapes","floor":35,"turns":7},{"damage":0,"enemies":"Orb Walker","floor":37,"turns":3},{"damage":22,"enemies":"Transient","floor":41,"turns":5},{"damage":20,"enemies":"Reptomancer","floor":46,"turns":7},{"damage":7,"enemies":"Sphere and 2 Shapes","floor":48,"turns":7},{"damage":52,"enemies":"Awakened One","floor":50,"turns":11}],"seed_played":"-9028388827577991542","potions_obtained":[{"floor":1,"key":"PowerPotion"},{"floor":2,"key":"Block Potion"},{"floor":14,"key":"Regen Potion"},{"floor":16,"key":"SmokeBomb"}],"is_trial":false,"path_per_floor":["M","M","?","M","M","R","E","R","T","?","R","?","R","E","R","B",null,"M","?","M","M","M","R","E","M","T","E","?","E","M","?","R","B",null,"M","T","M","$","?","R","M","R","T","R","?","E","?","M","R","B",null],"character_chosen":"THE_SILENT","items_purchased":["Whetstone","Infinite Blades"],"campfire_rested":2,"item_purchase_floors":[38,38],"current_hp_per_floor":[59,58,58,52,46,46,38,38,38,31,50,39,39,38,38,38,59,57,57,57,57,52,52,43,31,31,24,48,27,27,27,48,13,58,56,56,56,56,56,69,47,62,62,69,69,49,49,60,69,29],"gold":379,"neow_bonus":"TRANSFORM_CARD","is_prod":false,"is_daily":false,"chose_seed":false,"campfire_upgraded":9,"win_rate":0,"timestamp":1561299110,"path_taken":["M","M","?","?","M","R","E","R","T","?","R","?","R","E","R","BOSS","M","?","?","M","M","R","E","M","T","E","?","E","M","?","R","BOSS","M","?","M","$","?","R","M","R","T","R","?","E","?","?","R","BOSS"],"build_version":"2019-01-23","purchased_purges":1,"victory":true,"max_hp_per_floor":[66,66,66,66,66,66,66,66,66,66,66,66,66,66,66,66,66,66,66,66,66,66,66,73,73,73,73,73,73,73,73,73,73,73,73,73,73,73,69,69,69,69,69,69,69,69,69,69,69,69],"card_choices":[{"not_picked":["Acrobatics","Backstab"],"picked":"Endless Agony","floor":1},{"not_picked":["Deflect","Well Laid Plans"],"picked":"Blur","floor":2},{"not_picked":["Dagger Spray","Calculated Gamble"],"picked":"Caltrops","floor":4},{"not_picked":["Acrobatics","Sucker Punch"],"picked":"Crippling Poison","floor":5},{"not_picked":["Riddle With Holes","Underhanded Strike"],"picked":"Cloak And Dagger","floor":7},{"not_picked":["Quick Slash","Leg Sweep"],"picked":"Blade Dance","floor":12},{"not_picked":["Slice","Endless Agony"],"picked":"Burst","floor":14},{"not_picked":["After Image","Die Die Die"],"picked":"Envenom","floor":16},{"not_picked":["Concentrate","Underhanded Strike+1"],"picked":"Accuracy","floor":18},{"not_picked":["Deflect","Blade Dance","Expertise"],"picked":"SKIP","floor":20},{"not_picked":["Caltrops","Backstab"],"picked":"Cloak And Dagger","floor":21},{"not_picked":["Tactician","Prepared"],"picked":"Well Laid Plans","floor":22},{"not_picked":["Flying Knee+1","Underhanded Strike"],"picked":"Footwork","floor":24},{"not_picked":["Tactician","Dagger Throw"],"picked":"Accuracy","floor":25},{"not_picked":["Backflip+1","Backstab"],"picked":"After Image","floor":29},{"not_picked":["Underhanded Strike+1","Bane","Sucker Punch"],"picked":"SKIP","floor":30},{"not_picked":["Grand Finale","Corpse Explosion"],"picked":"A Thousand Cuts","floor":33},{"not_picked":["Poisoned Stab","Outmaneuver","Endless Agony"],"picked":"SKIP","floor":35},{"not_picked":["Underhanded Strike","Endless Agony","Catalyst"],"picked":"SKIP","floor":37},{"not_picked":["Masterful Stab+1","Dagger Throw","Acrobatics"],"picked":"SKIP","floor":41},{"not_picked":["PiercingWail","Calculated Gamble","Deadly Poison"],"picked":"SKIP","floor":46},{"not_picked":["Poisoned Stab+1","Cloak And Dagger"],"picked":"Blade Dance+1","floor":48}],"player_experience":1150404,"relics_obtained":[{"floor":7,"key":"Shuriken"},{"floor":9,"key":"Bottled Tornado"},{"floor":12,"key":"Odd Mushroom"},{"floor":14,"key":"Paper Crane"},{"floor":24,"key":"Strawberry"},{"floor":26,"key":"Ornamental Fan"},{"floor":29,"key":"Potion Belt"},{"floor":36,"key":"Ninja Scroll"},{"floor":46,"key":"Bird Faced Urn"}],"event_choices":[{"damage_healed":0,"gold_gain":0,"player_choice":"Rummage","damage_taken":0,"relics_obtained":["WarpedTongs"],"max_hp_gain":0,"max_hp_loss":0,"event_name":"Accursed Blacksmith","floor":3,"gold_loss":0,"cards_obtained":["Pain"]},{"cards_removed":["Pain"],"damage_healed":0,"gold_gain":0,"player_choice":"Card Removal","damage_taken":7,"max_hp_gain":0,"max_hp_loss":0,"event_name":"Golden Wing","floor":10,"gold_loss":0},{"damage_healed":0,"gold_gain":0,"player_choice":"Fought Mushrooms","damage_taken":0,"max_hp_gain":0,"max_hp_loss":0,"event_name":"Mushrooms","floor":12,"gold_loss":0},{"damage_healed":0,"gold_gain":0,"player_choice":"Trade","damage_taken":0,"relics_obtained":["CultistMask"],"max_hp_gain":0,"max_hp_loss":0,"event_name":"FaceTrader","floor":19,"gold_loss":0},{"damage_healed":24,"gold_gain":0,"player_choice":"Heal","damage_taken":0,"max_hp_gain":0,"max_hp_loss":0,"event_name":"The Library","floor":28,"gold_loss":0},{"damage_healed":0,"gold_gain":0,"player_choice":"Ignored","damage_taken":0,"max_hp_gain":0,"max_hp_loss":0,"event_name":"N\u0027loth","floor":31,"gold_loss":0},{"damage_healed":0,"gold_gain":0,"player_choice":"Max HP","damage_taken":0,"max_hp_gain":0,"max_hp_loss":4,"event_name":"Winding Halls","floor":39,"gold_loss":0},{"damage_healed":0,"gold_gain":0,"player_choice":"Ignored","damage_taken":0,"max_hp_gain":0,"max_hp_loss":0,"event_name":"Tomb of Lord Red Mask","floor":45,"gold_loss":0},{"damage_healed":0,"gold_gain":0,"cards_transformed":["Defend_G"],"player_choice":"Transformed","damage_taken":0,"max_hp_gain":0,"max_hp_loss":0,"event_name":"Transmorgrifier","floor":47,"gold_loss":0,"cards_obtained":["Terror"]}],"is_beta":false,"boss_relics":[{"not_picked":["Philosopher\u0027s Stone","Astrolabe"],"picked":"Sozu"},{"not_picked":["Tiny House","White Beast Statue"],"picked":"Eternal Feather"}],"items_purged_floors":[38],"is_endless":false,"potions_floor_spawned":[1,2,14,16,18,22,27,30,37,46,48],"ascension_level":14}