{"gold_per_floor":[112,112,112,124,44,70,82,111,111,111,136,156,156,167,167,266,266,283,283,300,316,44,44,73,91,172,97,2,13,13,25,25,130,130,146,161,181,181,37,65,65,90,90,121,121,171,200,214,214,214],"floor_reached":51,"playtime":2937,"items_purged":["Doubt"],"score":1013,"play_id":"e86e315a-2b87-4f87-ac8f-b943ba0860b3","local_time":"20190418043049","is_ascension_mode":true,"campfire_choices":[{"floor":10,"key":"REST"},{"floor":15,"key":"REST"},{"floor":23,"key":"REST"},{"floor":30,"key":"REST"},{"floor":32,"key":"REST"},{"floor":41,"key":"REST"},{"floor":45,"key":"REST"},{"floor":49,"key":"REST"}],"neow_cost":"NONE","seed_source_timestamp":373393347019985,"circlet_count":0,"master_deck":["Strike_R","Strike_R","Strike_R","Strike_R","Defend_R","Defend_R","Defend_R","Defend_R","Bash","Spot Weakness","Feel No Pain","Whirlwind","Armaments","Thunderclap","Cleave","Corruption","Sword Boomerang","Inflame","Feed","Clumsy","Decay","Pommel Strike","Battle Trance","Intimidate","Magnetism","Sentinel","Heavy Blade","Havoc+1","Flame Barrier+1","Barricade","Second Wind+1","Body Slam+1","Offering+1","Armaments+1","Metallicize","Flame Barrier+1","Bloodletting+1","Havoc+1","Writhe","Fiend Fire","Exhume+1","Power Through+1","Barricade","True Grit+1"],"relics":["Fusion Hammer","Pantograph","Orichalcum","Ornamental Fan","Pear","Letter Opener","Calling Bell","Dream Catcher","Gremlin Horn","Unceasing Top","Nunchaku","Mummified Hand","Toxic Egg 2","Orrery","Meat on the Bone","Shuriken","Self Forming Clay","Mercury Hourglass","Prayer Wheel","Bird Faced Urn"],"potions_floor_usage":[14,16,25,29,33,40,40,46,46,46],"damage_taken":[{"damage":1,"enemies":"Cultist","floor":1,"turns":3},{"damage":8,"enemies":"Jaw Worm","floor":4,"turns":4},{"damage":17,"enemies":"3 Sentries","floor":6,"turns":5},{"damage":6,"enemies":"2 Louse","floor":7,"turns":2},{"damage":44,"enemies":"Lagavulin","floor":8,"turns":10},{"damage":18,"enemies":"Gremlin Nob","floor":11,"turns":4},{"damage":5,"enemies":"Looter","floor":12,"turns":3},{"damage":0,"enemies":"3 Louse","floor":14,"turns":1},{"damage":27,"enemies":"Slime Boss","floor":16,"turns":10},{"damage":0,"enemies":"3 Byrds","floor":18,"turns":5},{"damage":20,"enemies":"Spheric Guardian","floor":20,"turns":4},{"damage":6,"enemies":"3 Cultists","floor":21,"turns":4},{"damage":83,"enemies":"Slavers","floor":24,"turns":6},{"damage":4,"enemies":"Cultist and Chosen","floor":25,"turns":4},{"damage":3,"enemies":"Centurion and Healer","floor":29,"turns":5},{"damage":21,"enemies":"Snake Plant","floor":31,"turns":7},{"damage":60,"enemies":"Automaton","floor":33,"turns":8},{"damage":16,"enemies":"3 Darklings","floor":35,"turns":4},{"damage":28,"enemies":"Orb Walker","floor":36,"turns":5},{"damage":24,"enemies":"Jaw Worm Horde","floor":37,"turns":5},{"damage":62,"enemies":"Reptomancer","floor":40,"turns":10},{"damage":17,"enemies":"Giant Head","floor":42,"turns":7},{"damage":29,"enemies":"Reptomancer","floor":44,"turns":4},{"damage":18,"enemies":"2 Orb Walkers","floor":46,"turns":3},{"damage":9,"enemies":"Giant Head","floor":47,"turns":8},{"damage":55,"enemies":"Maw","floor":48,"turns":7},{"damage":22,"enemies":"Awakened One","floor":50,"turns":7}],"seed_played":"4098864546816607626","potions_obtained":[{"floor":1,"key":"LiquidBronze"},{"floor":7,"key":"FearPotion"},{"floor":12,"key":"Fruit Juice"},{"floor":14,"key":"Fire Potion"},{"floor":16,"key":"SpeedPotion"},{"floor":20,"key":"Fruit Juice"},{"floor":25,"key":"GamblersBrew"},{"floor":35,"key":"SpeedPotion"},{"floor":36,"key":"GamblersBrew"},{"floor":42,"key":"Explosive Potion"},{"floor":44,"key":"EssenceOfSteel"}],"is_trial":false,"path_per_floor":["M","?","$","M","$","E","M","E","T","R","E","M","T","M","R","B",null,"M","?","M","M","$","R","E","M","T","?","$","M","R","M","R","B",null,"M","M","M","?","$","E","R","E","T","E","R","?","E","M","R","B",null],"character_chosen":"IRONCLAD","items_purchased":["Whirlwind","Magnetism","Havoc+1","Flame Barrier+1","Fiend Fire"],"campfire_rested":8,"item_purchase_floors":[5,22,28,28,39],"current_hp_per_floor":[79,79,79,71,71,54,48,4,4,28,20,15,15,20,48,46,95,98,98,81,75,75,101,18,19,19,19,19,16,47,29,61,26,109,93,65,41,68,68,6,38,36,36,19,52,49,52,25,59,72],"gold":214,"neow_bonus":"BOSS_RELIC","is_prod":false,"is_daily":false,"chose_seed":false,"campfire_upgraded":0,"win_rate":0,"timestamp":1555576249,"path_taken":["M","?","?","M","$","E","M","E","T","R","E","M","?","M","R","BOSS","M","?","M","M","$","R","E","M","T","?","$","M","R","M","R","BOSS","M","M","M","?","$","E","R","E","T","E","R","?","E","M","R","BOSS"],"build_version":"2019-01-23","purchased_purges":1,"victory":true,"max_hp_per_floor":[80,80,80,80,80,80,80,80,80,80,90,90,90,95,95,95,95,98,98,101,101,101,101,101,106,106,106,106,106,106,109,109,109,109,109,109,109,109,109,109,109,112,112,112,112,115,115,115,115,115],"card_choices":[{"not_picked":["Rampage","Heavy Blade"],"picked":"Spot Weakness","floor":1},{"not_picked":["Searing Blow","Clash"],"picked":"Feel No Pain","floor":4},{"not_picked":["Body Slam","Reckless Charge"],"picked":"Armaments","floor":6},{"not_picked":["Iron Wave","Spot Weakness"],"picked":"Thunderclap","floor":7},{"not_picked":["Perfected Strike","Thunderclap"],"picked":"Cleave","floor":8},{"not_picked":["Immolate","Sever Soul"],"picked":"Corruption","floor":11},{"not_picked":["Clothesline","Sever Soul"],"picked":"Sword Boomerang","floor":12},{"not_picked":["Cleave","Dual Wield"],"picked":"Inflame","floor":14},{"not_picked":["Immolate","Brutality"],"picked":"Feed","floor":16},{"not_picked":["Sword Boomerang+1","Blood for Blood"],"picked":"Pommel Strike","floor":18},{"not_picked":["Warcry","Anger"],"picked":"Battle Trance","floor":20},{"not_picked":["Warcry","Anger"],"picked":"Intimidate","floor":21},{"not_picked":["Reckless Charge+1","Power Through"],"picked":"Sentinel","floor":24},{"not_picked":["Cleave","Twin Strike"],"picked":"Heavy Blade","floor":25},{"not_picked":["Fire Breathing","Cleave+1","Twin Strike"],"picked":"SKIP","floor":29},{"not_picked":["Twin Strike+1","Thunderclap"],"picked":"Barricade","floor":30},{"not_picked":["Body Slam+1","Flex+1"],"picked":"Second Wind+1","floor":31},{"not_picked":["Warcry+1","Whirlwind"],"picked":"Body Slam+1","floor":32},{"not_picked":["Barricade","Demon Form"],"picked":"Offering+1","floor":33},{"not_picked":["Barricade","Blood for Blood"],"picked":"Armaments+1","floor":34},{"not_picked":["Reckless Charge","Shrug It Off+1"],"picked":"Metallicize","floor":34},{"not_picked":["Body Slam","Warcry+1"],"picked":"Flame Barrier+1","floor":34},{"not_picked":["Iron Wave+1","Clash"],"picked":"Bloodletting+1","floor":34},{"not_picked":["True Grit+1","Shrug It Off+1"],"picked":"Havoc+1","floor":35},{"not_picked":["Thunderclap","Rampage+1","Warcry+1"],"picked":"SKIP","floor":36},{"not_picked":["Combust","Metallicize","Rage+1"],"picked":"SKIP","floor":37},{"not_picked":["Evolve+1","Pummel+1","Ghostly Armor+1"],"picked":"SKIP","floor":40},{"not_picked":["Corruption+1","Headbutt"],"picked":"Exhume+1","floor":41},{"not_picked":["Flex+1","Clothesline","Havoc+1"],"picked":"SKIP","floor":42},{"not_picked":["Anger+1","Iron Wave","Havoc+1"],"picked":"SKIP","floor":44},{"not_picked":["Rupture+1","Armaments+1","Havoc+1"],"picked":"SKIP","floor":47},{"not_picked":["Intimidate+1","Battle Trance+1"],"picked":"Power Through+1","floor":48},{"not_picked":["Perfected Strike+1","Iron Wave+1"],"picked":"Barricade","floor":48},{"not_picked":["Wild Strike","Heavy Blade+1"],"picked":"True Grit+1","floor":49}],"player_experience":87648,"relics_obtained":[{"floor":6,"key":"Pantograph"},{"floor":8,"key":"Orichalcum"},{"floor":9,"key":"Ornamental Fan"},{"floor":11,"key":"Pear"},{"floor":13,"key":"Letter Opener"},{"floor":17,"key":"Dream Catcher"},{"floor":17,"key":"Gremlin Horn"},{"floor":17,"key":"Unceasing Top"},{"floor":24,"key":"Mummified Hand"},{"floor":26,"key":"Toxic Egg 2"},{"floor":40,"key":"Meat on the Bone"},{"floor":42,"key":"Shuriken"},{"floor":43,"key":"Self Forming Clay"},{"floor":44,"key":"Mercury Hourglass"},{"floor":46,"key":"Prayer Wheel"},{"floor":47,"key":"Bird Faced Urn"}],"event_choices":[{"cards_removed":["Strike_R"],"damage_healed":0,"gold_gain":0,"player_choice":"Purged","damage_taken":0,"max_hp_gain":0,"max_hp_loss":0,"event_name":"Purifier","floor":2,"gold_loss":0},{"damage_healed":0,"gold_gain":0,"player_choice":"Stole Relic","damage_taken":0,"relics_obtained":["Nunchaku"],"max_hp_gain":0,"max_hp_loss":0,"event_name":"Addict","floor":19,"gold_loss":0,"cards_obtained":["Shame"]},{"cards_removed":["Shame"],"damage_healed":0,"gold_gain":0,"player_choice":"Gave Gold","damage_taken":0,"max_hp_gain":0,"max_hp_loss":0,"event_name":"Beggar","floor":27,"gold_loss":75},{"damage_healed":27,"gold_gain":0,"player_choice":"Writhe","damage_taken":0,"max_hp_gain":0,"max_hp_loss":0,"event_name":"Winding Halls","floor":38,"gold_loss":0,"cards_obtained":["Writhe"]},{"damage_healed":0,"gold_gain":0,"player_choice":"Fight","damage_taken":0,"max_hp_gain":0,"max_hp_loss":0,"event_name":"Mysterious Sphere","floor":46,"gold_loss":0}],"is_beta":false,"boss_relics":[{"not_picked":["Sozu","Black Star"],"picked":"Calling Bell"},{"not_picked":["Cursed Key","White Beast Statue"],"picked":"Orrery"}],"items_purged_floors":[22],"is_endless":false,"potions_floor_spawned":[1,7,12,14,16,20,25,35,36,42,44],"ascension_level":2}