{"gold_per_floor":[362,65,140,151,151,186,186,219,242,242,261,316,316,343,343,446,446,461,481,406,37,53,53],"floor_reached":23,"playtime":1036,"items_purged":["Strike_R"],"score":238,"play_id":"38a73998-f10c-4acd-bbe9-93be73fcd384","local_time":"20190421045108","is_ascension_mode":true,"campfire_choices":[{"data":"Discovery","floor":7,"key":"SMITH"},{"floor":15,"key":"REST"}],"neow_cost":"PERCENT_DAMAGE","seed_source_timestamp":36139938173161,"circlet_count":0,"master_deck":["Strike_R","Strike_R","Defend_R","Defend_R","Defend_R","Defend_R","Bash","Heavy Blade","Inflame","Armaments+1","Anger","Shrug It Off","Discovery+1","Thunderclap","Shockwave","Feel No Pain","Fiend Fire","Pommel Strike","True Grit","Intimidate"],"relics":["Burning Blood","Vajra","Calipers","PreservedInsect","Regal Pillow","Centennial Puzzle","Black Star","Ancient Tea Set","Strawberry"],"potions_floor_usage":[19,22],"damage_taken":[{"damage":3,"enemies":"2 Louse","floor":1,"turns":3},{"damage":0,"enemies":"Small Slimes","floor":4,"turns":2},{"damage":22,"enemies":"Lagavulin","floor":6,"turns":7},{"damage":25,"enemies":"3 Sentries","floor":8,"turns":7},{"damage":0,"enemies":"Cultist","floor":11,"turns":3},{"damage":10,"enemies":"Lagavulin","floor":14,"turns":5},{"damage":31,"enemies":"The Guardian","floor":16,"turns":11},{"damage":29,"enemies":"2 Thieves","floor":18,"turns":4},{"damage":34,"enemies":"3 Byrds","floor":19,"turns":4},{"damage":27,"enemies":"Shelled Parasite and Fungi","floor":22,"turns":6},{"damage":22,"enemies":"Slavers","floor":23,"turns":1}],"seed_played":"-1295385723524105944","potions_obtained":[{"floor":4,"key":"Fire Potion"},{"floor":8,"key":"SkillPotion"},{"floor":14,"key":"Strength Potion"}],"is_trial":false,"path_per_floor":["M","$","?","M","?","E","R","E","T","?","M","?","?","E","R","B",null,"M","M","?","$","M","E"],"character_chosen":"IRONCLAD","items_purchased":["Inflame","Armaments","Anger","Shrug It Off","Discovery","Ancient Tea Set","Strawberry"],"campfire_rested":1,"item_purchase_floors":[2,2,2,2,2,21,21],"current_hp_per_floor":[59,59,48,54,54,38,38,19,19,19,25,25,25,21,60,35,80,57,29,29,36,15,0],"gold":53,"neow_bonus":"TWO_FIFTY_GOLD","is_prod":false,"is_daily":false,"chose_seed":false,"campfire_upgraded":1,"win_rate":0,"timestamp":1555836668,"path_taken":["M","$","?","M","?","E","R","E","T","?","?","?","?","E","R","BOSS","M","?","?","$","M","E"],"build_version":"2019-01-23","purchased_purges":1,"victory":false,"max_hp_per_floor":[80,80,80,80,80,80,80,80,80,80,80,80,80,80,80,80,80,80,80,80,87,87,87],"card_choices":[{"not_picked":["Reckless Charge","Body Slam"],"picked":"Heavy Blade","floor":1},{"not_picked":["Heavy Blade","Havoc"],"picked":"Thunderclap","floor":4},{"not_picked":["Disarm","Sword Boomerang"],"picked":"Shockwave","floor":6},{"not_picked":["Clash","Double Tap","Pummel"],"picked":"SKIP","floor":8},{"not_picked":["Body Slam","Armaments"],"picked":"Feel No Pain","floor":11},{"not_picked":["Combust","Twin Strike","Brutality"],"picked":"SKIP","floor":14},{"not_picked":["Barricade","Dark Embrace"],"picked":"Fiend Fire","floor":16},{"not_picked":["Sever Soul","Perfected Strike"],"picked":"Pommel Strike","floor":18},{"not_picked":["Pummel","Flex"],"picked":"True Grit","floor":19},{"not_picked":["Clash","Sentinel+1"],"picked":"Intimidate","floor":22}],"player_experience":93701,"relics_obtained":[{"floor":6,"key":"Vajra"},{"floor":8,"key":"Calipers"},{"floor":9,"key":"PreservedInsect"},{"floor":14,"key":"Centennial Puzzle"}],"event_choices":[{"damage_healed":0,"gold_gain":75,"player_choice":"Gather Gold","damage_taken":11,"max_hp_gain":0,"max_hp_loss":0,"event_name":"World of Goop","floor":3,"gold_loss":0},{"damage_healed":0,"gold_gain":0,"player_choice":"Grow","damage_taken":0,"max_hp_gain":0,"max_hp_loss":0,"event_name":"Living Wall","floor":5,"gold_loss":0,"cards_upgraded":["Armaments"]},{"cards_removed":["Strike_R"],"damage_healed":0,"gold_gain":0,"player_choice":"Offered Basic","damage_taken":0,"max_hp_gain":0,"max_hp_loss":0,"event_name":"Bonfire Elementals","floor":10,"gold_loss":0},{"damage_healed":0,"gold_gain":55,"player_choice":"Gained Gold","damage_taken":0,"max_hp_gain":0,"max_hp_loss":0,"event_name":"Golden Wing","floor":12,"gold_loss":0},{"damage_healed":0,"gold_gain":0,"player_choice":"Gave Potion","damage_taken":0,"relics_obtained":["Regal Pillow"],"max_hp_gain":0,"max_hp_loss":0,"event_name":"WeMeetAgain","floor":13,"gold_loss":0},{"cards_removed":["Strike_R"],"damage_healed":0,"gold_gain":0,"player_choice":"Gave Gold","damage_taken":0,"max_hp_gain":0,"max_hp_loss":0,"event_name":"Beggar","floor":20,"gold_loss":75}],"is_beta":false,"boss_relics":[{"not_picked":["Empty Cage","Busted Crown"],"picked":"Black Star"}],"items_purged_floors":[21],"is_endless":false,"potions_floor_spawned":[4,8,14],"killed_by":"Slavers","ascension_level":3}