{"gold_per_floor":[360,535,535,553,553,553,569,569,569,594,608,533,533],"floor_reached":13,"playtime":360,"items_purged":["Strike_R"],"score":87,"play_id":"78788b4c-ba3b-47b4-a72a-ab2f219bfcf6","local_time":"20190606164704","is_ascension_mode":true,"campfire_choices":[{"data":"Feel No Pain","floor":6,"key":"SMITH"},{"data":"Bash","floor":8,"key":"SMITH"}],"neow_cost":"PERCENT_DAMAGE","seed_source_timestamp":491493902771011,"circlet_count":0,"master_deck":["Strike_R","Strike_R","Strike_R","Defend_R","Defend_R","Defend_R","Defend_R","Bash+1","Fire Breathing","Feel No Pain+1"],"relics":["Burning Blood","Blood Vial","Bottled Flame"],"potions_floor_usage":[11],"damage_taken":[{"damage":5,"enemies":"Jaw Worm","floor":1,"turns":4},{"damage":2,"enemies":"2 Louse","floor":4,"turns":3},{"damage":6,"enemies":"Cultist","floor":7,"turns":3},{"damage":31,"enemies":"Gremlin Nob","floor":10,"turns":5},{"damage":5,"enemies":"Large Slime","floor":11,"turns":8},{"damage":44,"enemies":"Lagavulin","floor":13,"turns":6}],"seed_played":"3917866265531831736","potions_obtained":[{"floor":7,"key":"SpeedPotion"},{"floor":10,"key":"SpeedPotion"}],"is_trial":false,"path_per_floor":["M","?","?","M","?","R","M","R","T","E","M","$","E"],"character_chosen":"IRONCLAD","items_purchased":[],"campfire_rested":0,"item_purchase_floors":[],"current_hp_per_floor":[57,57,57,61,54,54,54,54,54,31,34,34,0],"gold":533,"neow_bonus":"TWO_FIFTY_GOLD","is_prod":false,"is_daily":false,"chose_seed":false,"campfire_upgraded":2,"win_rate":0,"timestamp":1559857624,"path_taken":["M","?","?","?","?","R","M","R","T","E","M","$","E"],"build_version":"2019-01-23","purchased_purges":1,"victory":false,"max_hp_per_floor":[80,80,80,80,80,80,80,80,80,80,80,80,80],"card_choices":[{"not_picked":["Headbutt","Reckless Charge","Twin Strike"],"picked":"SKIP","floor":1},{"not_picked":["Body Slam","Anger"],"picked":"Feel No Pain","floor":4},{"not_picked":["Searing Blow","Sword Boomerang","Pommel Strike"],"picked":"SKIP","floor":7},{"not_picked":["Feed","Seeing Red","Sword Boomerang"],"picked":"SKIP","floor":10},{"not_picked":["Iron Wave","Warcry","Thunderclap"],"picked":"SKIP","floor":11}],"player_experience":114583,"relics_obtained":[{"floor":9,"key":"Blood Vial"},{"floor":10,"key":"Bottled Flame"}],"event_choices":[{"damage_healed":0,"gold_gain":175,"player_choice":"AGREE","damage_taken":0,"max_hp_gain":0,"max_hp_loss":0,"event_name":"Liars Game","floor":2,"gold_loss":0,"cards_obtained":["Doubt"]},{"damage_healed":0,"gold_gain":0,"cards_transformed":["Strike_R"],"player_choice":"Transformed","damage_taken":0,"max_hp_gain":0,"max_hp_loss":0,"event_name":"Transmorgrifier","floor":3,"gold_loss":0,"cards_obtained":["Fire Breathing"]},{"cards_removed":["Doubt"],"damage_healed":0,"gold_gain":0,"player_choice":"Card Removal","damage_taken":7,"max_hp_gain":0,"max_hp_loss":0,"event_name":"Golden Wing","floor":5,"gold_loss":0}],"is_beta":false,"boss_relics":[],"items_purged_floors":[12],"is_endless":false,"potions_floor_spawned":[7,10],"killed_by":"Lagavulin","ascension_level":1}