{"gold_per_floor":[114,114,114,132,19,46,58,58,82,12,27,92,110,136,136,235,235,251,267,113,113,130,141],"floor_reached":23,"playtime":1514,"items_purged":[],"score":203,"play_id":"ca242cd1-1a38-4fba-99d9-e0df561ab1de","local_time":"20190224181016","is_ascension_mode":false,"campfire_choices":[{"data":"Gash","floor":8,"key":"SMITH"},{"floor":15,"key":"REST"}],"neow_cost":"NONE","seed_source_timestamp":86333609903416,"circlet_count":0,"master_deck":["Strike_B","Strike_B","Strike_B","Strike_B","Defend_B","Defend_B","Defend_B","Defend_B","Zap","Dualcast","FTL","Tempest","Auto Shields","Loop","BootSequence","Gash+1","Conserve Battery","Hologram","FTL","Cold Snap","Chill","Ball Lightning","Rainbow","Sweeping Beam","Cold Snap","Writhe","Chaos","Loop"],"relics":["Cracked Core","Regal Pillow","Bird Faced Urn","Smiling Mask","Shuriken","Meat on the Bone","Lizard Tail","Happy Flower","Gambling Chip"],"potions_floor_usage":[23,23,23],"damage_taken":[{"damage":7,"enemies":"Small Slimes","floor":1,"turns":4},{"damage":2,"enemies":"2 Louse","floor":4,"turns":3},{"damage":19,"enemies":"Gremlin Nob","floor":6,"turns":5},{"damage":2,"enemies":"Jaw Worm","floor":7,"turns":3},{"damage":2,"enemies":"Large Slime","floor":11,"turns":6},{"damage":12,"enemies":"3 Sentries","floor":12,"turns":7},{"damage":0,"enemies":"Looter","floor":13,"turns":3},{"damage":25,"enemies":"Lagavulin","floor":14,"turns":8},{"damage":51,"enemies":"Hexaghost","floor":16,"turns":13},{"damage":13,"enemies":"Shell Parasite","floor":18,"turns":8},{"damage":28,"enemies":"3 Byrds","floor":19,"turns":5},{"damage":26,"enemies":"3 Cultists","floor":22,"turns":6},{"damage":23,"enemies":"Centurion and Healer","floor":23,"turns":9}],"seed_played":"3555189726236310597","potions_obtained":[{"floor":1,"key":"Strength Potion"},{"floor":4,"key":"Regen Potion"},{"floor":7,"key":"Energy Potion"}],"is_trial":false,"path_per_floor":["M","?","?","M","$","E","M","R","T","$","M","?","M","E","R","B",null,"M","M","$","?","M","M"],"character_chosen":"DEFECT","items_purchased":["Auto Shields","Loop","Conserve Battery","Hologram","Happy Flower"],"campfire_rested":1,"item_purchase_floors":[5,5,10,10,20],"current_hp_per_floor":[75,75,72,70,70,51,51,51,51,51,51,41,41,18,57,20,82,69,43,43,43,31,34],"gold":141,"neow_bonus":"TEN_PERCENT_HP_BONUS","is_prod":false,"is_daily":false,"chose_seed":false,"campfire_upgraded":1,"win_rate":0.0,"timestamp":1551049816,"path_taken":["M","?","?","M","$","E","?","R","T","$","M","?","M","E","R","BOSS","M","M","$","?","M","M"],"build_version":"2019-01-23","purchased_purges":0,"victory":false,"max_hp_per_floor":[82,82,82,82,82,82,82,82,82,82,82,82,82,82,82,82,82,82,82,82,82,82,82],"card_choices":[{"not_picked":["Stack","Cold Snap"],"picked":"FTL","floor":1},{"not_picked":["Redo","Self Repair"],"picked":"Tempest","floor":4},{"not_picked":["Streamline","Compile Driver"],"picked":"BootSequence","floor":6},{"not_picked":["Glacier","Redo"],"picked":"Gash","floor":7},{"not_picked":["Loop","Streamline"],"picked":"FTL","floor":11},{"not_picked":["Thunder Strike","Steam"],"picked":"Cold Snap","floor":12},{"not_picked":["Force Field","Double Energy"],"picked":"Chill","floor":13},{"not_picked":["Hologram","Steam Power"],"picked":"Ball Lightning","floor":14},{"not_picked":["Fission","Electrodynamics"],"picked":"Rainbow","floor":16},{"not_picked":["Redo","Steam"],"picked":"Sweeping Beam","floor":18},{"not_picked":["Scrape","Chill"],"picked":"Cold Snap","floor":19},{"not_picked":["Stack","Consume"],"picked":"Chaos","floor":22},{"not_picked":["Barrage+1","Go for the Eyes"],"picked":"Loop","floor":23}],"player_experience":10014,"relics_obtained":[{"floor":6,"key":"Bird Faced Urn"},{"floor":9,"key":"Smiling Mask"},{"floor":14,"key":"Meat on the Bone"}],"event_choices":[{"damage_healed":0,"gold_gain":0,"player_choice":"Ignored","damage_taken":0,"max_hp_gain":0,"max_hp_loss":0,"event_name":"Golden Idol","floor":2,"gold_loss":0},{"damage_healed":0,"gold_gain":0,"player_choice":"Success","damage_taken":3,"relics_obtained":["Regal Pillow"],"max_hp_gain":0,"max_hp_loss":0,"event_name":"Scrap Ooze","floor":3,"gold_loss":0},{"damage_healed":0,"gold_gain":0,"player_choice":"Searched \u00272\u0027 times","damage_taken":0,"relics_obtained":["Shuriken"],"max_hp_gain":0,"max_hp_loss":0,"event_name":"Dead Adventurer","floor":12,"gold_loss":0},{"damage_healed":0,"gold_gain":0,"player_choice":"Opened","damage_taken":0,"relics_obtained":["Gambling Chip"],"max_hp_gain":0,"max_hp_loss":0,"event_name":"The Mausoleum","floor":21,"gold_loss":0,"cards_obtained":["Writhe"]}],"is_beta":false,"boss_relics":[{"not_picked":["Philosopher\u0027s Stone","Empty Cage"],"picked":"Lizard Tail"}],"items_purged_floors":[],"is_endless":false,"potions_floor_spawned":[1,4,7,16,18],"killed_by":"Centurion and Healer","ascension_level":0}