{"gold_per_floor":[114,64,81,6,26,26,26,38,38,38,51,51,62,82,82,177,177,194,194,213,160,175,187,198,198,198,98,98,98,117,142,142,244,244,262,262,137,137],"floor_reached":38,"playtime":3927,"items_purged":["Strike_R","Strike_R","Strike_R"],"score":454,"play_id":"447b086d-52c4-46f5-8450-8fac110d08fe","local_time":"20190625205902","is_ascension_mode":true,"campfire_choices":[{"data":"Body Slam","floor":6,"key":"SMITH"},{"data":"Body Slam","floor":10,"key":"SMITH"},{"data":"Flame Barrier","floor":12,"key":"SMITH"},{"data":"Armaments","floor":15,"key":"SMITH"},{"floor":25,"key":"REST"},{"floor":28,"key":"RECALL"},{"floor":32,"key":"REST"}],"neow_cost":"NONE","seed_source_timestamp":535828896543199,"circlet_count":0,"master_deck":["Defend_R","Defend_R","Defend_R","Defend_R","Flame Barrier+1","Body Slam+1","Body Slam+1","Metallicize","Cleave","Battle Trance","Armaments+1","Impervious+1","Shrug It Off","Entrench+1","Barricade"],"relics":["Orrery","Pear","Fusion Hammer","Art of War","MutagenicStrength","Bottled Flame","Black Star"],"potions_floor_usage":[16,16,38,38,38],"damage_taken":[{"damage":7,"enemies":"Small Slimes","floor":1,"turns":5},{"damage":6,"enemies":"2 Louse","floor":3,"turns":3},{"damage":2,"enemies":"Cultist","floor":5,"turns":4},{"damage":8,"enemies":"Blue Slaver","floor":8,"turns":4},{"damage":16,"enemies":"Exordium Wildlife","floor":11,"turns":4},{"damage":6,"enemies":"3 Louse","floor":13,"turns":3},{"damage":0,"enemies":"2 Fungi Beasts","floor":14,"turns":3},{"damage":32,"enemies":"Hexaghost","floor":16,"turns":11},{"damage":0,"enemies":"Spheric Guardian","floor":18,"turns":3},{"damage":13,"enemies":"2 Thieves","floor":20,"turns":3},{"damage":7,"enemies":"Shelled Parasite and Fungi","floor":22,"turns":5},{"damage":0,"enemies":"3 Cultists","floor":23,"turns":4},{"damage":7,"enemies":"Sentry and Sphere","floor":24,"turns":6},{"damage":7,"enemies":"Centurion and Healer","floor":30,"turns":4},{"damage":0,"enemies":"Slavers","floor":31,"turns":5},{"damage":57,"enemies":"Champ","floor":33,"turns":15},{"damage":0,"enemies":"Orb Walker","floor":35,"turns":1},{"damage":122,"enemies":"2 Orb Walkers","floor":38,"turns":10}],"seed_played":"2207271321728107929","potions_obtained":[{"floor":3,"key":"LiquidBronze"},{"floor":5,"key":"PowerPotion"},{"floor":16,"key":"BloodPotion"},{"floor":18,"key":"Regen Potion"},{"floor":23,"key":"GamblersBrew"}],"is_trial":false,"path_per_floor":["M","?","M","$","M","R","?","M","T","R","M","R","M","M","R","B",null,"M","?","M","$","M","M","M","R","T","$","R","?","M","E","R","B",null,"M","?","$","?"],"character_chosen":"IRONCLAD","items_purchased":["Shrug It Off"],"campfire_rested":2,"item_purchase_floors":[21],"current_hp_per_floor":[73,73,67,67,65,65,58,50,60,60,44,44,38,38,38,6,90,90,90,77,77,70,70,63,90,90,90,90,90,83,83,90,33,90,90,90,90,0],"gold":137,"neow_bonus":"BOSS_RELIC","is_prod":false,"is_daily":false,"chose_seed":false,"campfire_upgraded":4,"win_rate":0,"timestamp":1561514342,"path_taken":["M","?","M","$","M","R","?","M","T","R","M","R","M","M","R","BOSS","M","?","M","$","M","M","M","R","T","?","R","?","?","E","R","BOSS","M","?","$","?"],"build_version":"2019-01-23","purchased_purges":3,"victory":false,"max_hp_per_floor":[80,80,80,80,80,80,80,80,90,90,90,90,90,90,90,90,90,90,90,90,90,90,90,90,90,90,90,90,90,90,90,90,90,90,90,90,90,90],"card_choices":[{"not_picked":["Thunderclap","Wild Strike"],"picked":"Flame Barrier","floor":0},{"not_picked":["Iron Wave","Anger"],"picked":"Body Slam","floor":0},{"not_picked":["Pommel Strike","Flex"],"picked":"Body Slam","floor":0},{"not_picked":["Clash","Flex"],"picked":"Metallicize","floor":0},{"not_picked":["Pommel Strike","Spot Weakness"],"picked":"Cleave","floor":0},{"not_picked":["Anger","Fire Breathing","Whirlwind"],"picked":"SKIP","floor":1},{"not_picked":["Clothesline","Iron Wave","Cleave"],"picked":"SKIP","floor":3},{"not_picked":["Thunderclap","Iron Wave","Dual Wield"],"picked":"SKIP","floor":5},{"not_picked":["Shockwave","Pommel Strike","Fiend Fire"],"picked":"SKIP","floor":8},{"not_picked":["Shockwave","Pommel Strike","Fiend Fire"],"picked":"SKIP","floor":8},{"not_picked":["Combust","Intimidate","Body Slam"],"picked":"SKIP","floor":11},{"not_picked":["Uppercut","Feel No Pain"],"picked":"Battle Trance","floor":13},{"not_picked":["Fire Breathing","Body Slam"],"picked":"Armaments","floor":14},{"not_picked":["Offering","Feed"],"picked":"Impervious","floor":16},{"not_picked":["Warcry","Flame Barrier","Rage"],"picked":"SKIP","floor":18},{"not_picked":["Pommel Strike+1","Body Slam","Wild Strike"],"picked":"SKIP","floor":20},{"not_picked":["Rage+1","Rupture","Pommel Strike+1"],"picked":"SKIP","floor":22},{"not_picked":["Seeing Red","Metallicize","Dropkick"],"picked":"SKIP","floor":23},{"not_picked":["Combust+1","Armaments","Twin Strike"],"picked":"SKIP","floor":24},{"not_picked":["Combust+1","Armaments","Twin Strike"],"picked":"SKIP","floor":24},{"not_picked":["Warcry","Shockwave"],"picked":"Entrench+1","floor":30},{"not_picked":["Carnage+1","Warcry","Perfected Strike"],"picked":"SKIP","floor":31},{"not_picked":["Exhume","Bludgeon"],"picked":"Barricade","floor":33},{"not_picked":["Headbutt+1","Entrench","Shrug It Off"],"picked":"SKIP","floor":35}],"player_experience":292581,"relics_obtained":[{"floor":9,"key":"Pear"},{"floor":26,"key":"Art of War"},{"floor":31,"key":"Bottled Flame"}],"event_choices":[{"cards_removed":["Strike_R"],"damage_healed":0,"gold_gain":0,"player_choice":"Card Removal","damage_taken":0,"max_hp_gain":0,"max_hp_loss":0,"event_name":"The Cleric","floor":2,"gold_loss":50},{"cards_removed":["Strike_R"],"damage_healed":0,"gold_gain":0,"player_choice":"Card Removal","damage_taken":7,"max_hp_gain":0,"max_hp_loss":0,"event_name":"Golden Wing","floor":7,"gold_loss":0},{"damage_healed":0,"gold_gain":0,"player_choice":"Forge","damage_taken":0,"max_hp_gain":0,"max_hp_loss":0,"event_name":"Accursed Blacksmith","floor":19,"gold_loss":0,"cards_upgraded":["Impervious"]},{"damage_healed":0,"gold_gain":0,"player_choice":"Inject Mutagens","damage_taken":0,"relics_obtained":["MutagenicStrength"],"max_hp_gain":0,"max_hp_loss":0,"event_name":"Drug Dealer","floor":29,"gold_loss":0},{"cards_removed":["Bash"],"damage_healed":0,"gold_gain":0,"player_choice":"Removed Attack","damage_taken":0,"max_hp_gain":0,"max_hp_loss":0,"event_name":"Falling","floor":36,"gold_loss":0},{"damage_healed":0,"gold_gain":0,"player_choice":"Fight","damage_taken":0,"max_hp_gain":0,"max_hp_loss":0,"event_name":"Mysterious Sphere","floor":38,"gold_loss":0}],"is_beta":false,"boss_relics":[{"not_picked":["Velvet Choker","Eternal Feather"],"picked":"Fusion Hammer"},{"not_picked":["Empty Cage","Calling Bell"],"picked":"Black Star"}],"items_purged_floors":[4,27,37],"is_endless":false,"potions_floor_spawned":[3,5,16,18,23,24,31,33],"killed_by":"2 Orb Walkers","ascension_level":2}