{"gold_per_floor":[111,15,15,33,52,52,82,82,82,92,92,103,119,144,144,144],"floor_reached":16,"playtime":716,"items_purged":[],"score":179,"play_id":"880fc373-1da2-45f3-91b4-ae8625201b46","local_time":"20190623151151","is_ascension_mode":true,"campfire_choices":[{"data":"Choke","floor":6,"key":"SMITH"},{"data":"Bandage Up","floor":8,"key":"SMITH"},{"data":"Bouncing Flask","floor":11,"key":"SMITH"},{"floor":15,"key":"REST"}],"neow_cost":"NONE","seed_source_timestamp":186482845975100,"circlet_count":0,"master_deck":["AscendersBane","Defend_G","Defend_G+1","Defend_G","Defend_G","Defend_G+1","Strike_G","Strike_G","Strike_G","Strike_G","Strike_G","Survivor","Neutralize","Quick Slash","Bandage Up+1","Choke+1","Dagger Throw","Bouncing Flask+1","Bane","Deadly Poison","Sucker Punch","Dagger Throw"],"relics":["Ring of the Snake","NeowsBlessing","Nunchaku","Kunai","War Paint"],"potions_floor_usage":[7,13,14,16,16],"damage_taken":[{"damage":0,"enemies":"2 Louse","floor":1,"turns":1},{"damage":0,"enemies":"Cultist","floor":4,"turns":1},{"damage":0,"enemies":"Small Slimes","floor":5,"turns":1},{"damage":32,"enemies":"Gremlin Nob","floor":7,"turns":5},{"damage":21,"enemies":"Exordium Thugs","floor":10,"turns":4},{"damage":6,"enemies":"3 Louse","floor":12,"turns":3},{"damage":3,"enemies":"Blue Slaver","floor":13,"turns":2},{"damage":22,"enemies":"3 Sentries","floor":14,"turns":8},{"damage":50,"enemies":"Slime Boss","floor":16,"turns":8}],"seed_played":"-2552791468300903839","potions_obtained":[{"floor":3,"key":"Fruit Juice"},{"floor":3,"key":"Dexterity Potion"},{"floor":7,"key":"Ancient Potion"},{"floor":12,"key":"Energy Potion"},{"floor":13,"key":"SteroidPotion"},{"floor":14,"key":"AttackPotion"}],"is_trial":false,"path_per_floor":["M","$","?","M","M","R","E","R","T","M","R","M","M","E","R","B"],"character_chosen":"THE_SILENT","items_purchased":["Bandage Up"],"campfire_rested":1,"item_purchase_floors":[2],"current_hp_per_floor":[63,63,63,63,67,67,43,43,43,28,28,28,31,15,37,0],"gold":144,"neow_bonus":"THREE_ENEMY_KILL","is_prod":false,"is_daily":false,"chose_seed":false,"campfire_upgraded":3,"win_rate":0,"timestamp":1561317111,"path_taken":["M","$","?","?","?","R","E","R","T","M","R","M","M","E","R","BOSS"],"build_version":"2019-01-23","purchased_purges":0,"victory":false,"max_hp_per_floor":[70,70,70,70,70,70,75,75,75,75,75,75,75,75,75,75],"card_choices":[{"not_picked":["Prepared","Acrobatics"],"picked":"Quick Slash","floor":1},{"not_picked":["Eviscerate","Tactician"],"picked":"Choke","floor":4},{"not_picked":["Calculated Gamble","Reflex"],"picked":"Dagger Throw","floor":5},{"not_picked":["Flying Knee","Bane"],"picked":"Bouncing Flask","floor":7},{"not_picked":["PiercingWail","Eviscerate"],"picked":"Bane","floor":10},{"not_picked":["Flying Knee","Sucker Punch"],"picked":"Deadly Poison","floor":12},{"not_picked":["Endless Agony","Dagger Throw"],"picked":"Sucker Punch","floor":13},{"not_picked":["Quick Slash","Venomology"],"picked":"Dagger Throw","floor":14}],"player_experience":1331901,"relics_obtained":[{"floor":7,"key":"Nunchaku"},{"floor":9,"key":"Kunai"},{"floor":14,"key":"War Paint"}],"event_choices":[{"damage_healed":0,"gold_gain":0,"player_choice":"Got Potions","damage_taken":0,"max_hp_gain":0,"max_hp_loss":0,"event_name":"Lab","floor":3,"gold_loss":0}],"is_beta":false,"boss_relics":[],"items_purged_floors":[],"is_endless":false,"potions_floor_spawned":[7,10,12,13,14],"killed_by":"Slime Boss","ascension_level":12}