{"gold_per_floor":[114,129,141,158,171,201,201,264,264,277,288,288,298,309,309,411,411,422,434,447,470,489,489,489,523,578,53,53,73,73,90,90,190,190,210,210,210,225,243,243,39,66,66,66,97,97,97],"floor_reached":47,"playtime":2864,"items_purged":["Strike_G"],"score":676,"play_id":"62fee214-40a1-478c-847c-9e1193711b4f","local_time":"20190620221019","is_ascension_mode":true,"campfire_choices":[{"floor":7.0,"key":"REST"},{"floor":15.0,"key":"REST"},{"floor":24.0,"key":"REST"},{"floor":28.0,"key":"REST"},{"data":"Wraith Form v2","floor":30.0,"key":"SMITH"},{"floor":32.0,"key":"REST"},{"floor":40.0,"key":"REST"},{"floor":44.0,"key":"RECALL"}],"neow_cost":"PERCENT_DAMAGE","seed_source_timestamp":0,"circlet_count":0,"master_deck":["Defend_G","Defend_G+1","Defend_G","Defend_G+1","Strike_G","Strike_G","Survivor","Neutralize","Poisoned Stab","Dagger Spray","Predator","Crippling Poison","Catalyst","Adrenaline","Backflip","Bouncing Flask","PiercingWail","Deep Breath","Die Die Die","Slice","Leg Sweep","Bullet Time","Dodge and Roll+1","Outmaneuver+1","Poisoned Stab","Quick Slash","Wraith Form v2+1","Caltrops","Footwork+1","Prepared","Adrenaline+1","Terror+1","Envenom+1","Dash+1","Dagger Throw+1","Bane+1","Footwork+1","Poisoned Stab"],"special_seed":0,"relics":["Ring of the Snake","The Specimen","Strawberry","Shuriken","Pear","Eternal Feather","War Paint","Tough Bandages","Tiny Chest","Art of War","Mercury Hourglass","Astrolabe","Blood Vial","Regal Pillow","Toxic Egg 2","Dodecahedron"],"potions_floor_usage":[],"damage_taken":[{"damage":0.0,"enemies":"2 Louse","floor":1.0,"turns":3.0},{"damage":3.0,"enemies":"Small Slimes","floor":2.0,"turns":3.0},{"damage":0.0,"enemies":"Cultist","floor":3.0,"turns":3.0},{"damage":9.0,"enemies":"Exordium Thugs","floor":4.0,"turns":5.0},{"damage":3.0,"enemies":"Lots of Slimes","floor":5.0,"turns":3.0},{"damage":32.0,"enemies":"Gremlin Nob","floor":6.0,"turns":5.0},{"damage":27.0,"enemies":"Gremlin Nob","floor":8.0,"turns":4.0},{"damage":0.0,"enemies":"3 Louse","floor":10.0,"turns":2.0},{"damage":6.0,"enemies":"Gremlin Gang","floor":11.0,"turns":4.0},{"damage":6.0,"enemies":"Red Slaver","floor":13.0,"turns":3.0},{"damage":0.0,"enemies":"Blue Slaver","floor":14.0,"turns":3.0},{"damage":12.0,"enemies":"The Guardian","floor":16.0,"turns":12.0},{"damage":10.0,"enemies":"Spheric Guardian","floor":18.0,"turns":4.0},{"damage":20.0,"enemies":"Chosen","floor":19.0,"turns":7.0},{"damage":15.0,"enemies":"3 Cultists","floor":20.0,"turns":4.0},{"damage":0.0,"enemies":"Centurion and Healer","floor":22.0,"turns":5.0},{"damage":10.0,"enemies":"Slavers","floor":23.0,"turns":3.0},{"damage":54.0,"enemies":"Gremlin Leader","floor":25.0,"turns":7.0},{"damage":16.0,"enemies":"Chosen and Byrds","floor":29.0,"turns":5.0},{"damage":21.0,"enemies":"Snake Plant","floor":31.0,"turns":3.0},{"damage":52.0,"enemies":"Automaton","floor":33.0,"turns":8.0},{"damage":9.0,"enemies":"3 Shapes","floor":35.0,"turns":4.0},{"damage":29.0,"enemies":"3 Darklings","floor":38.0,"turns":5.0},{"damage":25.0,"enemies":"Jaw Worm Horde","floor":39.0,"turns":6.0},{"damage":64.0,"enemies":"Giant Head","floor":45.0,"turns":9.0},{"damage":18,"enemies":"Maw","floor":47,"turns":6}],"seed_played":"-631145027133679223","potions_obtained":[{"floor":2.0,"key":"GamblersBrew"},{"floor":3.0,"key":"AttackPotion"},{"floor":10.0,"key":"SmokeBomb"},{"floor":11.0,"key":"EssenceOfSteel"},{"floor":13.0,"key":"SkillPotion"},{"floor":14.0,"key":"Regen Potion"},{"floor":18.0,"key":"LiquidBronze"},{"floor":31.0,"key":"SkillPotion"},{"floor":35.0,"key":"LiquidBronze"},{"floor":39.0,"key":"Strength Potion"}],"is_trial":false,"path_per_floor":["M","M","M","M","M","E","R","?","T","M","M","?","M","M","R","B",null,"M","M","M","T","M","E","R","E","T","$","R","M","R","M","R","B",null,"M","?","?","M","M","R","$","T","T","R","E","T","M"],"character_chosen":"THE_SILENT","items_purchased":["Caltrops","Art of War","Mercury Hourglass","Blood Vial","PowerPotion"],"campfire_rested":6,"item_purchase_floors":[27,27,27,41,41],"current_hp_per_floor":[49,46,46,37,34,9,32,5,15,15,9,9,3,3,29,32,73,63,43,28,28,28,18,62,8,8,8,52,36,54,33,77,25,72,63,63,63,34,9,56,56,56,56,77,15,15,0],"gold":97,"neow_bonus":"ONE_RARE_RELIC","is_prod":false,"is_daily":false,"chose_seed":false,"campfire_upgraded":1,"win_rate":0,"timestamp":1561083019,"path_taken":["M","M","M","M","M","E","R","?","T","M","M","?","M","M","R","BOSS","M","M","M","?","?","E","R","E","T","?","R","M","R","M","R","BOSS","M","?","?","?","M","R","$","?","T","R","E","?","M"],"build_version":"2019-01-23","purchased_purges":1,"victory":false,"max_hp_per_floor":[70,70,70,70,70,77,77,77,87,87,87,87,87,87,87,87,87,87,87,87,87,87,87,87,87,87,87,87,87,87,87,87,87,87,87,87,87,87,87,87,87,87,87,87,87,87,87],"card_choices":[{"not_picked":["Prepared","Cloak And Dagger"],"picked":"Poisoned Stab","floor":1.0},{"not_picked":["Cloak And Dagger","Dagger Throw"],"picked":"Dagger Spray","floor":2.0},{"not_picked":["Dagger Spray","Finisher"],"picked":"Predator","floor":3.0},{"not_picked":["Backflip","Dagger Spray"],"picked":"Crippling Poison","floor":4.0},{"not_picked":["Acrobatics","PiercingWail"],"picked":"Catalyst","floor":5.0},{"not_picked":["Skewer","Expertise"],"picked":"Adrenaline","floor":6.0},{"not_picked":["Dagger Spray","Flying Knee"],"picked":"Backflip","floor":8.0},{"not_picked":["Dodge and Roll","Envenom"],"picked":"Bouncing Flask","floor":10.0},{"not_picked":["Dagger Spray","Blade Dance"],"picked":"PiercingWail","floor":11.0},{"not_picked":["Escape Plan","Setup"],"picked":"Slice","floor":13.0},{"not_picked":["Predator","Sucker Punch"],"picked":"Leg Sweep","floor":14.0},{"not_picked":["Malaise","Night Terror"],"picked":"Bullet Time","floor":16.0},{"not_picked":["Slice","Acrobatics+1"],"picked":"Dodge and Roll+1","floor":18.0},{"not_picked":["Quick Slash","Choke"],"picked":"Outmaneuver+1","floor":19.0},{"not_picked":["Deflect","Backflip"],"picked":"Poisoned Stab","floor":20.0},{"not_picked":["Outmaneuver","Masterful Stab"],"picked":"Quick Slash","floor":22.0},{"not_picked":["Backflip","Footwork+1"],"picked":"Wraith Form v2","floor":25.0},{"not_picked":["Calculated Gamble","Cloak And Dagger"],"picked":"Footwork+1","floor":29.0},{"not_picked":["Slice","Flying Knee"],"picked":"Prepared","floor":31.0},{"not_picked":["Venomology","After Image"],"picked":"Adrenaline","floor":33.0},{"not_picked":["Quick Slash","Infinite Blades"],"picked":"Dagger Throw+1","floor":35.0},{"not_picked":["Concentrate+1","Predator"],"picked":"Bane+1","floor":38.0},{"not_picked":["Finisher+1","Acrobatics"],"picked":"Footwork+1","floor":39.0},{"not_picked":["Choke","Dagger Throw+1"],"picked":"Poisoned Stab","floor":45.0}],"player_experience":292943,"relics_obtained":[{"floor":6.0,"key":"Strawberry"},{"floor":8.0,"key":"Shuriken"},{"floor":9.0,"key":"Pear"},{"floor":21.0,"key":"War Paint"},{"floor":25.0,"key":"Tough Bandages"},{"floor":26.0,"key":"Tiny Chest"},{"floor":42.0,"key":"Regal Pillow"},{"floor":45.0,"key":"Toxic Egg 2"},{"floor":46.0,"key":"Dodecahedron"}],"event_choices":[{"damage_healed":0.0,"max_hp_gain":0.0,"max_hp_loss":0.0,"gold_gain":0.0,"event_name":"Dead Adventurer","player_choice":"Searched \u00272\u0027 times","floor":8.0,"gold_loss":0.0,"damage_taken":0.0},{"damage_healed":0.0,"max_hp_gain":0.0,"max_hp_loss":0.0,"gold_gain":0.0,"event_name":"Match and Keep!","player_choice":"2 cards matched","floor":12.0,"gold_loss":0.0,"damage_taken":0.0,"cards_obtained":["Deep Breath","Die Die Die"]},{"damage_healed":0.0,"max_hp_gain":0.0,"max_hp_loss":0.0,"gold_gain":0.0,"event_name":"Mysterious Sphere","player_choice":"Ignored","floor":36.0,"gold_loss":0.0,"damage_taken":0.0},{"damage_healed":0.0,"max_hp_gain":0.0,"max_hp_loss":0.0,"gold_gain":0.0,"event_name":"Upgrade Shrine","player_choice":"Upgraded","floor":37.0,"gold_loss":0.0,"damage_taken":0.0,"cards_upgraded":["Adrenaline"]}],"is_beta":false,"boss_relics":[{"not_picked":["Sozu","HoveringKite"],"picked":"Eternal Feather"},{"not_picked":["Empty Cage","Orrery"],"picked":"Astrolabe"}],"items_purged_floors":[27],"is_endless":false,"potions_floor_spawned":[2,3,10,11,13,14,18,23,31,35,39],"killed_by":"Maw","ascension_level":5}