{"gold_per_floor":[114,129,79,79,90,90,90,119,145,145,161,196,29,49,49,151,151,162,82,181,181,181,206,222,241,310,335,335],"floor_reached":28,"playtime":2243,"items_purged":["Strike_R"],"score":349,"play_id":"686b4d87-9197-4de3-8e3e-b6ad186ecc93","local_time":"20190522125932","is_ascension_mode":true,"campfire_choices":[{"floor":6,"key":"RECALL"},{"data":"Pommel Strike","floor":15,"key":"SMITH"}],"neow_cost":"NONE","seed_source_timestamp":3595267634881214,"circlet_count":0,"master_deck":["Strike_R","Strike_R","Defend_R","Defend_R","Defend_R","Defend_R","Bash","Inflame","Dropkick","Combust","Pommel Strike+1","Spot Weakness","Ghostly Armor","Rupture","Clothesline","Flex","Barricade","Pommel Strike","Metallicize","Inflame","Whirlwind+1","Rupture+1","Entrench"],"relics":["Burning Blood","Vajra","Bag of Marbles","Kunai","Velvet Choker","Mercury Hourglass","Question Card","Frozen Egg 2","Gremlin Horn"],"potions_floor_usage":[11,12,23,24],"damage_taken":[{"damage":14,"enemies":"Jaw Worm","floor":1,"turns":5},{"damage":0,"enemies":"Small Slimes","floor":2,"turns":3},{"damage":1,"enemies":"Cultist","floor":5,"turns":3},{"damage":30,"enemies":"Lagavulin","floor":8,"turns":7},{"damage":1,"enemies":"Looter","floor":11,"turns":2},{"damage":27,"enemies":"Gremlin Nob","floor":12,"turns":4},{"damage":14,"enemies":"Large Slime","floor":14,"turns":5},{"damage":21,"enemies":"Slime Boss","floor":16,"turns":9},{"damage":35,"enemies":"Shell Parasite","floor":18,"turns":7},{"damage":3,"enemies":"Gremlin Leader","floor":23,"turns":5},{"damage":10,"enemies":"2 Thieves","floor":24,"turns":4},{"damage":27,"enemies":"Shelled Parasite and Fungi","floor":25,"turns":4},{"damage":38,"enemies":"Slavers","floor":27,"turns":4},{"damage":13,"enemies":"Cultist and Chosen","floor":28,"turns":4}],"seed_played":"-7512743551072397691","potions_obtained":[{"floor":1,"key":"Weak Potion"},{"floor":5,"key":"Strength Potion"},{"floor":14,"key":"Explosive Potion"},{"floor":16,"key":"Block Potion"},{"floor":18,"key":"Energy Potion"}],"is_trial":false,"path_per_floor":["M","M","?","?","M","R","?","E","T","?","M","E","$","M","R","B",null,"M","$","?","?","?","E","M","M","T","E","M"],"character_chosen":"IRONCLAD","items_purchased":["Rupture","Clothesline","Metallicize"],"campfire_rested":0,"item_purchase_floors":[13,13,19],"current_hp_per_floor":[80,86,86,91,93,93,81,57,57,57,62,41,41,33,33,18,93,64,64,64,64,64,67,63,42,42,10,0],"gold":335,"neow_bonus":"TEN_PERCENT_HP_BONUS","is_prod":false,"is_daily":false,"chose_seed":false,"campfire_upgraded":1,"win_rate":0,"timestamp":1558544372,"path_taken":["M","M","?","?","M","R","?","E","T","?","?","E","$","M","R","BOSS","M","$","?","?","?","E","M","M","T","E","M"],"build_version":"2019-01-23","purchased_purges":1,"victory":false,"max_hp_per_floor":[88,88,88,93,93,93,93,93,93,93,93,93,93,93,93,93,93,93,93,93,93,93,93,93,93,93,93,93],"card_choices":[{"not_picked":["Rupture","Disarm"],"picked":"Inflame","floor":1},{"not_picked":["Body Slam","Thunderclap"],"picked":"Dropkick","floor":2},{"not_picked":["Sentinel","Anger"],"picked":"Combust","floor":5},{"not_picked":["Armaments","Sever Soul"],"picked":"Pommel Strike","floor":8},{"not_picked":["Clothesline","Corruption"],"picked":"Spot Weakness","floor":11},{"not_picked":["Uppercut","Clash"],"picked":"Ghostly Armor","floor":12},{"not_picked":["Iron Wave","Body Slam"],"picked":"Flex","floor":14},{"not_picked":["Impervious","Brutality"],"picked":"Barricade","floor":16},{"not_picked":["Sword Boomerang","Twin Strike"],"picked":"Pommel Strike","floor":18},{"not_picked":["Immolate","Havoc"],"picked":"Inflame","floor":23},{"not_picked":["Rampage","Body Slam","Flex"],"picked":"Whirlwind+1","floor":24},{"not_picked":["Perfected Strike","Sentinel","Twin Strike"],"picked":"Rupture+1","floor":25},{"not_picked":["Clash","Exhume","Second Wind+1"],"picked":"Entrench","floor":27}],"player_experience":107434,"relics_obtained":[{"floor":8,"key":"Bag of Marbles"},{"floor":12,"key":"Kunai"},{"floor":23,"key":"Question Card"},{"floor":26,"key":"Frozen Egg 2"},{"floor":27,"key":"Gremlin Horn"}],"event_choices":[{"cards_removed":["Strike_R"],"damage_healed":0,"gold_gain":0,"player_choice":"Card Removal","damage_taken":0,"max_hp_gain":0,"max_hp_loss":0,"event_name":"The Cleric","floor":3,"gold_loss":50},{"damage_healed":0,"gold_gain":0,"player_choice":"Donut","damage_taken":0,"max_hp_gain":5,"max_hp_loss":0,"event_name":"Big Fish","floor":4,"gold_loss":0},{"damage_healed":0,"gold_gain":0,"player_choice":"Success","damage_taken":12,"relics_obtained":["Vajra"],"max_hp_gain":0,"max_hp_loss":0,"event_name":"Scrap Ooze","floor":7,"gold_loss":0},{"cards_removed":["Strike_R"],"damage_healed":0,"gold_gain":0,"player_choice":"Offered Basic","damage_taken":0,"max_hp_gain":0,"max_hp_loss":0,"event_name":"Bonfire Elementals","floor":10,"gold_loss":0},{"damage_healed":0,"gold_gain":99,"player_choice":"Stole From Cult","damage_taken":0,"max_hp_gain":0,"max_hp_loss":0,"event_name":"Nest","floor":20,"gold_loss":0},{"damage_healed":0,"gold_gain":0,"player_choice":"Opened","damage_taken":0,"relics_obtained":["Mercury Hourglass"],"max_hp_gain":0,"max_hp_loss":0,"event_name":"The Mausoleum","floor":21,"gold_loss":0},{"damage_healed":0,"gold_gain":0,"player_choice":"Ignored","damage_taken":0,"max_hp_gain":0,"max_hp_loss":0,"event_name":"Vampires","floor":22,"gold_loss":0}],"is_beta":false,"boss_relics":[{"not_picked":["Ectoplasm","Eternal Feather"],"picked":"Velvet Choker"}],"items_purged_floors":[13],"is_endless":false,"potions_floor_spawned":[1,5,14,16,18],"killed_by":"Cultist and Chosen","ascension_level":4}