{"gold_per_floor":[116,40,40,60,60,60,79,100,100,100,113,133,133,157,157,285,285,305,305,323,53,74,94,109,109,187,187,200,200,243,243,243,372,372,392,517,345,359,404,437,437,453,501,540,540,563,563],"floor_reached":47,"playtime":2036,"items_purged":["Strike_R","Strike_R"],"score":524,"play_id":"bf02b4f4-8aa1-45b1-93b2-7263d6dc0aa2","local_time":"20190606074640","is_ascension_mode":true,"campfire_choices":[{"data":"Inflame","floor":6,"key":"SMITH"},{"data":"Body Slam","floor":10,"key":"SMITH"},{"data":"Heavy Blade","floor":13,"key":"SMITH"},{"data":"Whirlwind","floor":15,"key":"SMITH"},{"floor":25,"key":"REST"},{"data":"Demon Form","floor":27,"key":"SMITH"},{"floor":29,"key":"REST"},{"floor":32,"key":"REST"},{"floor":41,"key":"REST"}],"neow_cost":"NONE","seed_source_timestamp":457394227586469,"circlet_count":0,"master_deck":["Strike_R","Strike_R","Strike_R","Defend_R","Defend_R","Defend_R","Defend_R","Bash","Purity","Body Slam+1","Inflame+1","Heavy Blade+1","Shrug It Off","Sword Boomerang","Whirlwind+1","Demon Form+1","Armaments","Metallicize","Sword Boomerang+1","Warcry+1","Dual Wield","Warcry","Double Tap","Ghostly Armor","Parasite"],"relics":["Burning Blood","Golden Idol","Sozu","Brimstone","Tiny Chest","Shovel","Fusion Hammer","Turnip","Pen Nib","Oddly Smooth Stone","Anchor","Juzu Bracelet"],"potions_floor_usage":[11,16,16,40],"damage_taken":[{"damage":6,"enemies":"Cultist","floor":1,"turns":3},{"damage":0,"enemies":"Small Slimes","floor":4,"turns":4},{"damage":6,"enemies":"Jaw Worm","floor":7,"turns":3},{"damage":24,"enemies":"Exordium Thugs","floor":8,"turns":6},{"damage":6,"enemies":"Large Slime","floor":11,"turns":4},{"damage":2,"enemies":"2 Fungi Beasts","floor":12,"turns":4},{"damage":9,"enemies":"Exordium Thugs","floor":14,"turns":4},{"damage":43,"enemies":"Hexaghost","floor":16,"turns":8},{"damage":22,"enemies":"Spheric Guardian","floor":18,"turns":4},{"damage":24,"enemies":"Shell Parasite","floor":20,"turns":6},{"damage":19,"enemies":"Snake Plant","floor":22,"turns":2},{"damage":11,"enemies":"Centurion and Healer","floor":23,"turns":4},{"damage":6,"enemies":"Chosen and Byrds","floor":24,"turns":4},{"damage":6,"enemies":"Sentry and Sphere","floor":28,"turns":3},{"damage":28,"enemies":"Gremlin Leader","floor":30,"turns":4},{"damage":22,"enemies":"Automaton","floor":33,"turns":6},{"damage":24,"enemies":"3 Shapes","floor":35,"turns":2},{"damage":0,"enemies":"Mind Bloom Boss Battle","floor":36,"turns":4},{"damage":14,"enemies":"3 Darklings","floor":38,"turns":2},{"damage":40,"enemies":"Reptomancer","floor":40,"turns":4},{"damage":34,"enemies":"Writhing Mass","floor":42,"turns":5},{"damage":11,"enemies":"Giant Head","floor":44,"turns":6},{"damage":3,"enemies":"Jaw Worm Horde","floor":46,"turns":4},{"damage":44,"enemies":"Nemesis","floor":47,"turns":2}],"seed_played":"4625880324571443725","potions_obtained":[{"floor":8,"key":"FearPotion"},{"floor":11,"key":"FearPotion"},{"floor":14,"key":"Strength Potion"},{"floor":16,"key":"Ancient Potion"}],"is_trial":false,"path_per_floor":["M","$","?","M","$","R","M","M","T","R","M","M","R","M","R","B",null,"M","?","M","$","M","M","M","R","T","R","M","R","E","?","R","B",null,"M","?","$","M","T","E","R","M","T","E","?","M","E"],"character_chosen":"IRONCLAD","items_purchased":["Inflame","Brimstone","Ghostly Armor"],"campfire_rested":4,"item_purchase_floors":[2,21,37],"current_hp_per_floor":[80,80,80,80,80,80,80,62,62,62,62,66,66,63,63,26,80,64,64,46,46,33,28,28,52,52,52,52,76,54,54,78,62,80,62,68,68,60,60,26,50,22,22,17,17,20,0],"gold":563,"neow_bonus":"RANDOM_COLORLESS","is_prod":false,"is_daily":false,"chose_seed":false,"campfire_upgraded":5,"win_rate":0,"timestamp":1559825200,"path_taken":["M","?","?","M","$","R","M","M","T","R","?","M","R","M","R","BOSS","M","?","M","$","M","M","M","R","T","R","M","R","E","?","R","BOSS","M","?","$","M","?","E","R","M","T","E","?","M","E"],"build_version":"2019-01-23","purchased_purges":2,"victory":false,"max_hp_per_floor":[80,80,80,80,80,80,80,80,80,80,80,80,80,80,80,80,80,80,80,80,80,80,80,80,80,80,80,80,80,80,80,80,80,80,80,80,80,80,80,80,80,80,80,80,80,80,80],"card_choices":[{"not_picked":["Power Through","Thunderclap"],"picked":"Body Slam","floor":1},{"not_picked":["Hemokinesis","Pommel Strike"],"picked":"Heavy Blade","floor":4},{"not_picked":["Infernal Blade","Clash"],"picked":"Shrug It Off","floor":7},{"not_picked":["Fiend Fire","Clothesline","Blood for Blood"],"picked":"SKIP","floor":8},{"not_picked":["Uppercut","Rage","Clothesline"],"picked":"SKIP","floor":11},{"not_picked":["Anger","Rupture"],"picked":"Sword Boomerang","floor":12},{"not_picked":["Perfected Strike","Flex"],"picked":"Whirlwind","floor":14},{"not_picked":["Feed","Dark Embrace"],"picked":"Demon Form","floor":16},{"not_picked":["Pommel Strike","True Grit","Sword Boomerang"],"picked":"SKIP","floor":18},{"not_picked":["Warcry","Thunderclap+1"],"picked":"Metallicize","floor":20},{"not_picked":["Reckless Charge","Anger"],"picked":"Sword Boomerang+1","floor":22},{"not_picked":["Perfected Strike+1","Sword Boomerang"],"picked":"Warcry+1","floor":23},{"not_picked":["Wild Strike+1","Flex","Shockwave"],"picked":"SKIP","floor":24},{"not_picked":["Rage","Pommel Strike","Clash"],"picked":"SKIP","floor":28},{"not_picked":["Iron Wave","Carnage"],"picked":"Dual Wield","floor":30},{"not_picked":["Havoc+1","Corruption"],"picked":"Warcry","floor":35},{"not_picked":["Reckless Charge+1","Pommel Strike"],"picked":"Double Tap","floor":36},{"not_picked":["Perfected Strike+1","Flame Barrier","Power Through"],"picked":"SKIP","floor":38},{"not_picked":["Sword Boomerang+1","Ghostly Armor","Twin Strike+1"],"picked":"SKIP","floor":40},{"not_picked":["Cleave+1","Headbutt","Clash"],"picked":"SKIP","floor":42},{"not_picked":["Fire Breathing","Offering","Brutality"],"picked":"SKIP","floor":44},{"not_picked":["Dropkick+1","Fire Breathing+1","Heavy Blade+1"],"picked":"SKIP","floor":46}],"player_experience":110640,"relics_obtained":[{"floor":26,"key":"Tiny Chest"},{"floor":30,"key":"Shovel"},{"floor":36,"key":"Turnip"},{"floor":39,"key":"Pen Nib"},{"floor":40,"key":"Oddly Smooth Stone"},{"floor":43,"key":"Anchor"},{"floor":44,"key":"Juzu Bracelet"}],"event_choices":[{"damage_healed":0,"gold_gain":0,"player_choice":"Take Wound","damage_taken":0,"relics_obtained":["Golden Idol"],"max_hp_gain":0,"max_hp_loss":0,"event_name":"Golden Idol","floor":3,"gold_loss":0,"cards_obtained":["Injury"]},{"damage_healed":0,"gold_gain":0,"player_choice":"Read","damage_taken":0,"max_hp_gain":0,"max_hp_loss":0,"event_name":"The Library","floor":19,"gold_loss":0,"cards_obtained":["Armaments"]},{"cards_removed":["Injury"],"damage_healed":0,"gold_gain":0,"player_choice":"Elegance","damage_taken":0,"max_hp_gain":0,"max_hp_loss":0,"event_name":"Back to Basics","floor":31,"gold_loss":0},{"damage_healed":0,"gold_gain":0,"player_choice":"Fight","damage_taken":0,"max_hp_gain":0,"max_hp_loss":0,"event_name":"MindBloom","floor":36,"gold_loss":0},{"damage_healed":0,"gold_gain":0,"player_choice":"Ignored","damage_taken":0,"max_hp_gain":0,"max_hp_loss":0,"event_name":"Tomb of Lord Red Mask","floor":45,"gold_loss":0}],"is_beta":false,"boss_relics":[{"not_picked":["Runic Pyramid","Busted Crown"],"picked":"Sozu"},{"not_picked":["Tiny House","Eternal Feather"],"picked":"Fusion Hammer"}],"items_purged_floors":[21,37],"is_endless":false,"potions_floor_spawned":[8,11,14,16,20,22,23,30,33,35,42,46],"killed_by":"Nemesis","ascension_level":1}