{"gold_per_floor":[109,109,109,109,119,144,163,186,235,247,247,258,258,132,132,236,236,252,252,274,299,311,323,335,347,384,426,99,115,115,134,134,239,239,256,268,2,16,16,16,16,29,29,29,48,48,48,83,83,83],"floor_reached":50,"playtime":3556,"items_purged":["Strike_G"],"score":690,"play_id":"83ed00a0-d9e6-4d03-8753-d2afd9bf6ff7","local_time":"20190321044749","is_ascension_mode":false,"campfire_choices":[{"data":"Catalyst","floor":11,"key":"SMITH"},{"floor":13,"key":"DIG"},{"floor":15,"key":"REST"},{"data":"Ghostly","floor":23,"key":"SMITH"},{"data":"Ghostly","floor":30,"key":"SMITH"},{"floor":32,"key":"REST"},{"data":"Ghostly","floor":40,"key":"SMITH"},{"floor":46,"key":"REST"},{"floor":49,"key":"REST"}],"neow_cost":"TEN_PERCENT_HP_LOSS","seed_source_timestamp":296774892297071,"circlet_count":0,"master_deck":["Defend_G","Defend_G+1","Defend_G","Defend_G","Defend_G","Strike_G","Strike_G","Strike_G+1","Strike_G","Survivor","Neutralize","Noxious Fumes+1","Catalyst+1","Acrobatics","PiercingWail","Blur","Dagger Spray","Crippling Poison","Corpse Explosion","Poisoned Stab","Well Laid Plans+1","Cloak And Dagger","Backflip","PiercingWail","Dodge and Roll","Acrobatics+1","Ghostly+1","Ghostly+1","Ghostly+1","Ghostly","Ghostly","Noxious Fumes+1","Backflip","Poisoned Stab","Noxious Fumes+1","Deadly Poison+1","Poisoned Stab+1","Envenom+1","Catalyst+1","Caltrops+1","Poisoned Stab+1"],"relics":["Ring of the Snake","Shovel","Smiling Mask","Bottled Flame","Omamori","Centennial Puzzle","Frozen Egg 2","Orrery","MawBank","Happy Flower","Shuriken","Bottled Lightning","Busted Crown","DollysMirror","Kunai","Tough Bandages"],"potions_floor_usage":[16,16,16,29,33,33,48,50,50],"damage_taken":[{"damage":1,"enemies":"2 Louse","floor":1,"turns":3},{"damage":5,"enemies":"Small Slimes","floor":5,"turns":4},{"damage":20,"enemies":"3 Sentries","floor":6,"turns":8},{"damage":1,"enemies":"Cultist","floor":7,"turns":4},{"damage":2,"enemies":"2 Fungi Beasts","floor":10,"turns":4},{"damage":3,"enemies":"Gremlin Gang","floor":12,"turns":5},{"damage":5,"enemies":"The Guardian","floor":16,"turns":8},{"damage":23,"enemies":"2 Thieves","floor":18,"turns":3},{"damage":7,"enemies":"Shell Parasite","floor":20,"turns":5},{"damage":8,"enemies":"Centurion and Healer","floor":21,"turns":4},{"damage":0,"enemies":"Gremlin Leader","floor":27,"turns":8},{"damage":6,"enemies":"Snecko","floor":29,"turns":9},{"damage":14,"enemies":"Sentry and Sphere","floor":31,"turns":6},{"damage":0,"enemies":"Automaton","floor":33,"turns":8},{"damage":0,"enemies":"Orb Walker","floor":35,"turns":6},{"damage":4,"enemies":"3 Shapes","floor":36,"turns":5},{"damage":2,"enemies":"Jaw Worm Horde","floor":38,"turns":4},{"damage":11,"enemies":"Spire Growth","floor":42,"turns":5},{"damage":0,"enemies":"4 Shapes","floor":45,"turns":3},{"damage":26,"enemies":"Giant Head","floor":48,"turns":9},{"damage":27,"enemies":"Donu and Deca","floor":50,"turns":7}],"seed_played":"7001531508170142996","potions_obtained":[{"floor":5,"key":"Poison Potion"},{"floor":6,"key":"GamblersBrew"},{"floor":7,"key":"SpeedPotion"},{"floor":18,"key":"SkillPotion"},{"floor":20,"key":"GhostInAJar"},{"floor":21,"key":"Regen Potion"},{"floor":31,"key":"GhostInAJar"},{"floor":35,"key":"FairyPotion"},{"floor":38,"key":"SkillPotion"},{"floor":48,"key":"AttackPotion"}],"is_trial":false,"path_per_floor":["M","?","?","?","M","E","M","T","T","M","R","M","R","$","R","B",null,"M","?","M","M","?","R","$","?","T","E","$","M","R","M","R","B",null,"M","M","$","M","?","R","?","M","T","?","M","R","$","E","R","B"],"character_chosen":"THE_SILENT","items_purchased":["Crippling Poison","Poisoned Stab","Bottled Lightning","Noxious Fumes+1","DollysMirror","Caltrops+1"],"campfire_rested":4,"item_purchase_floors":[14,28,28,28,37,37],"current_hp_per_floor":[62,62,49,42,37,17,16,16,16,14,14,11,11,11,29,24,63,40,40,33,25,25,25,25,25,25,25,25,19,19,5,14,14,31,31,27,27,25,25,25,22,11,11,11,11,19,19,2,10,0],"gold":83,"neow_bonus":"ONE_RARE_RELIC","is_prod":false,"is_daily":false,"chose_seed":false,"campfire_upgraded":4,"win_rate":0.0,"timestamp":1553158069,"path_taken":["M","?","?","?","M","E","M","?","T","?","R","M","R","$","R","BOSS","M","?","M","?","?","R","?","?","T","E","$","M","R","M","R","BOSS","M","M","$","M","?","R","?","?","T","?","M","R","?","E","R","BOSS"],"build_version":"2019-01-23","purchased_purges":1,"victory":false,"max_hp_per_floor":[63,63,63,63,63,63,63,63,63,63,63,63,63,63,63,63,63,63,63,63,63,31,31,31,31,31,31,31,31,31,31,31,31,31,31,31,31,31,31,31,31,31,31,29,29,29,29,29,29,29],"card_choices":[{"not_picked":["Acrobatics","Catalyst"],"picked":"Noxious Fumes","floor":1},{"not_picked":["Poisoned Stab","Well Laid Plans"],"picked":"Catalyst","floor":5},{"not_picked":["Reflex","Heel Hook"],"picked":"Acrobatics","floor":6},{"not_picked":["Slice","Deflect"],"picked":"PiercingWail","floor":7},{"not_picked":["Underhanded Strike","Skewer"],"picked":"Blur","floor":10},{"not_picked":["Slice","Underhanded Strike"],"picked":"Dagger Spray","floor":12},{"not_picked":["Malaise","A Thousand Cuts+1"],"picked":"Corpse Explosion","floor":16},{"not_picked":["Sucker Punch","Outmaneuver"],"picked":"Poisoned Stab","floor":17},{"not_picked":["Backflip","Die Die Die"],"picked":"Well Laid Plans+1","floor":17},{"not_picked":["Bane","Blade Dance"],"picked":"Cloak And Dagger","floor":17},{"not_picked":["Outmaneuver","Slice"],"picked":"Backflip","floor":17},{"not_picked":["Bane","Deflect"],"picked":"PiercingWail","floor":18},{"not_picked":["Outmaneuver","Cloak And Dagger"],"picked":"Dodge and Roll","floor":20},{"not_picked":["Dagger Spray","Underhanded Strike"],"picked":"Acrobatics+1","floor":21},{"not_picked":["Cloak And Dagger","Storm of Steel"],"picked":"Backflip","floor":27},{"not_picked":["Bane","All Out Attack"],"picked":"Deadly Poison+1","floor":29},{"not_picked":["Well Laid Plans+1","Noxious Fumes+1"],"picked":"Poisoned Stab+1","floor":31},{"not_picked":["Tools of the Trade+1","Unload"],"picked":"Envenom+1","floor":33},{"not_picked":["Blade Dance"],"picked":"SKIP","floor":35},{"not_picked":["Bane"],"picked":"SKIP","floor":36},{"not_picked":["Underhanded Strike+1"],"picked":"SKIP","floor":38},{"not_picked":[],"picked":"Poisoned Stab+1","floor":42},{"not_picked":["Backflip"],"picked":"SKIP","floor":45},{"not_picked":["Slice+1"],"picked":"SKIP","floor":48}],"player_experience":42566,"relics_obtained":[{"floor":6,"key":"Bottled Flame"},{"floor":8,"key":"Omamori"},{"floor":9,"key":"Centennial Puzzle"},{"floor":13,"key":"Frozen Egg 2"},{"floor":19,"key":"MawBank"},{"floor":26,"key":"Happy Flower"},{"floor":27,"key":"Shuriken"},{"floor":43,"key":"Kunai"},{"floor":48,"key":"Tough Bandages"}],"event_choices":[{"damage_healed":0,"gold_gain":0,"player_choice":"Grow","damage_taken":0,"max_hp_gain":0,"max_hp_loss":0,"event_name":"Living Wall","floor":2,"gold_loss":0,"cards_upgraded":["Noxious Fumes"]},{"damage_healed":0,"gold_gain":0,"player_choice":"Entered Light","damage_taken":13,"max_hp_gain":0,"max_hp_loss":0,"event_name":"Shining Light","floor":3,"gold_loss":0,"cards_upgraded":["Strike_G","Defend_G"]},{"damage_healed":0,"gold_gain":0,"player_choice":"Success","damage_taken":7,"relics_obtained":["Smiling Mask"],"max_hp_gain":0,"max_hp_loss":0,"event_name":"Scrap Ooze","floor":4,"gold_loss":0},{"damage_healed":0,"gold_gain":0,"player_choice":"Relic","damage_taken":0,"max_hp_gain":0,"max_hp_loss":0,"event_name":"Wheel of Change","floor":19,"gold_loss":0},{"damage_healed":0,"gold_gain":0,"player_choice":"Became a Ghost","damage_taken":0,"max_hp_gain":0,"max_hp_loss":32,"event_name":"Ghosts","floor":22,"gold_loss":0,"cards_obtained":["Ghostly","Ghostly","Ghostly","Ghostly","Ghostly"]},{"damage_healed":0,"gold_gain":0,"player_choice":"Read","damage_taken":0,"max_hp_gain":0,"max_hp_loss":0,"event_name":"The Library","floor":25,"gold_loss":0,"cards_obtained":["Noxious Fumes"]},{"damage_healed":0,"gold_gain":0,"player_choice":"Memory 1","damage_taken":0,"max_hp_gain":0,"max_hp_loss":0,"event_name":"SensoryStone","floor":39,"gold_loss":0},{"damage_healed":0,"gold_gain":0,"player_choice":"Damaged","damage_taken":3,"max_hp_gain":0,"max_hp_loss":0,"event_name":"Wheel of Change","floor":41,"gold_loss":0},{"damage_healed":0,"gold_gain":0,"player_choice":"Max HP","damage_taken":0,"max_hp_gain":0,"max_hp_loss":2,"event_name":"Winding Halls","floor":44,"gold_loss":0}],"is_beta":false,"boss_relics":[{"not_picked":["WristBlade","Velvet Choker"],"picked":"Orrery"},{"not_picked":["Calling Bell","Lizard Tail"],"picked":"Busted Crown"}],"items_purged_floors":[14],"is_endless":false,"potions_floor_spawned":[5,6,7,18,20,21,31,35,38,42,48],"killed_by":"Donu and Deca","ascension_level":0}