{"gold_per_floor":[112,37,37,48,48,48,48,48,102,137,137,164,176,239,239,313,313,331,19,19,19,35,35,64,79,149,149,164,164,183,202,202,273,273,287,304,304,304,304],"floor_reached":39,"playtime":2342,"items_purged":["Strike_G"],"score":697,"play_id":"faaf5726-0619-4ada-b9b7-fab209dfccca","local_time":"20190624124922","is_ascension_mode":true,"campfire_choices":[{"floor":6,"key":"REST"},{"floor":8,"key":"REST"},{"floor":11,"key":"REST"},{"floor":15,"key":"REST"},{"floor":27,"key":"REST"},{"floor":29,"key":"REST"},{"floor":32,"key":"REST"}],"neow_cost":"NONE","seed_source_timestamp":262708241009100,"circlet_count":0,"master_deck":["AscendersBane","Defend_G","Defend_G","Defend_G","Defend_G","Defend_G","Strike_G","Strike_G","Strike_G","Neutralize+1","Leg Sweep","Dagger Throw","Sucker Punch","Dagger Throw","Skewer","Dagger Throw","A Thousand Cuts","Deadly Poison","Flying Knee","PiercingWail","Adrenaline","Heel Hook","Cloak And Dagger+1","Bandage Up","Metamorphosis","PiercingWail+1","PiercingWail","PiercingWail","Backstab","Dash","Cloak And Dagger","Adrenaline","Bane","Predator+1"],"relics":["Fusion Hammer","Oddly Smooth Stone","Mercury Hourglass","The Courier","Blue Candle","Orrery","Membership Card","Nilry\u0027s Codex","Pantograph","Ornamental Fan","Snecko Eye"],"potions_floor_usage":[10,12,14,25,25,30,33],"damage_taken":[{"damage":0,"enemies":"Cultist","floor":1,"turns":4},{"damage":0,"enemies":"Jaw Worm","floor":4,"turns":6},{"damage":11,"enemies":"3 Sentries","floor":10,"turns":15},{"damage":13,"enemies":"Lagavulin","floor":12,"turns":7},{"damage":0,"enemies":"Small Slimes","floor":13,"turns":2},{"damage":12,"enemies":"Gremlin Nob","floor":14,"turns":3},{"damage":25,"enemies":"Hexaghost","floor":16,"turns":14},{"damage":9,"enemies":"Shell Parasite","floor":18,"turns":7},{"damage":0,"enemies":"Chosen","floor":22,"turns":4},{"damage":13,"enemies":"Book of Stabbing","floor":24,"turns":7},{"damage":10,"enemies":"Snake Plant","floor":25,"turns":4},{"damage":0,"enemies":"Centurion and Healer","floor":28,"turns":7},{"damage":4,"enemies":"Shelled Parasite and Fungi","floor":30,"turns":5},{"damage":25,"enemies":"Snecko","floor":31,"turns":6},{"damage":64,"enemies":"Collector","floor":33,"turns":13},{"damage":36,"enemies":"Orb Walker","floor":35,"turns":6},{"damage":24,"enemies":"3 Darklings","floor":36,"turns":5},{"damage":3,"enemies":"Writhing Mass","floor":39,"turns":1}],"seed_played":"2945637055676158511","potions_obtained":[{"floor":1,"key":"Energy Potion"},{"floor":4,"key":"Energy Potion"},{"floor":10,"key":"PowerPotion"},{"floor":18,"key":"Strength Potion"},{"floor":28,"key":"Fire Potion"},{"floor":31,"key":"Ancient Potion"},{"floor":36,"key":"SpeedPotion"}],"is_trial":false,"path_per_floor":["M","$","$","M","?","R","?","R","T","E","R","E","M","?","R","B",null,"M","$","?","?","M","?","E","M","T","R","M","R","M","M","R","B",null,"M","M","?","?","M"],"character_chosen":"THE_SILENT","items_purchased":["Membership Card","Bandage Up","Metamorphosis","LiquidBronze"],"campfire_rested":7,"item_purchase_floors":[19,19,19,19],"current_hp_per_floor":[63,63,63,63,63,70,63,70,70,59,70,57,57,45,66,41,63,54,54,38,38,42,42,33,27,27,48,52,70,66,41,62,10,55,23,3,3,3,0],"gold":304,"neow_bonus":"BOSS_RELIC","is_prod":false,"is_daily":false,"chose_seed":false,"campfire_upgraded":0,"win_rate":0,"timestamp":1561394962,"path_taken":["M","?","$","?","?","R","?","R","T","E","R","E","M","?","R","BOSS","M","$","?","?","M","?","E","M","T","R","M","R","M","M","R","BOSS","M","M","?","?","M"],"build_version":"2019-01-23","purchased_purges":1,"victory":false,"max_hp_per_floor":[70,70,70,70,70,70,70,70,70,70,70,70,70,70,70,70,70,70,70,70,70,70,70,70,70,70,70,70,70,70,70,70,70,70,70,70,70,70,70],"card_choices":[{"not_picked":["Backflip","Blade Dance"],"picked":"Leg Sweep","floor":1},{"not_picked":["Tactician","Poisoned Stab"],"picked":"Dagger Throw","floor":4},{"not_picked":["Dodge and Roll","Poisoned Stab"],"picked":"Sucker Punch","floor":10},{"not_picked":["Accuracy","Caltrops"],"picked":"Dagger Throw","floor":12},{"not_picked":["Dagger Spray","Slice"],"picked":"Skewer","floor":13},{"not_picked":["Dagger Spray","Underhanded Strike"],"picked":"Dagger Throw","floor":14},{"not_picked":["Phantasmal Killer","Venomology"],"picked":"A Thousand Cuts","floor":16},{"not_picked":["Well Laid Plans","Acrobatics"],"picked":"Deadly Poison","floor":17},{"not_picked":["Dodge and Roll","Deflect"],"picked":"Flying Knee","floor":17},{"not_picked":["Dagger Throw","Prepared"],"picked":"PiercingWail","floor":17},{"not_picked":["Dagger Throw","Deflect"],"picked":"Adrenaline","floor":17},{"not_picked":["Predator","Quick Slash"],"picked":"Heel Hook","floor":17},{"not_picked":["Underhanded Strike","Quick Slash"],"picked":"Cloak And Dagger+1","floor":18},{"not_picked":["All Out Attack+1","Concentrate"],"picked":"PiercingWail+1","floor":22},{"not_picked":["Flechettes","Sucker Punch"],"picked":"PiercingWail","floor":24},{"not_picked":["Blade Dance","Sucker Punch"],"picked":"PiercingWail","floor":25},{"not_picked":["A Thousand Cuts","Cloak And Dagger"],"picked":"Backstab","floor":28},{"not_picked":["Outmaneuver","Backstab"],"picked":"Dash","floor":30},{"not_picked":["Bane","Expertise"],"picked":"Cloak And Dagger","floor":31},{"not_picked":["Venomology","Burst"],"picked":"Adrenaline","floor":33},{"not_picked":["Outmaneuver","Blade Dance"],"picked":"Bane","floor":35},{"not_picked":["Backflip","Deflect"],"picked":"Predator+1","floor":36}],"player_experience":1337082,"relics_obtained":[{"floor":9,"key":"Oddly Smooth Stone"},{"floor":10,"key":"Mercury Hourglass"},{"floor":12,"key":"The Courier"},{"floor":20,"key":"Nilry\u0027s Codex"},{"floor":24,"key":"Pantograph"},{"floor":26,"key":"Ornamental Fan"}],"event_choices":[{"damage_healed":0,"gold_gain":0,"player_choice":"Grow","damage_taken":0,"max_hp_gain":0,"max_hp_loss":0,"event_name":"Living Wall","floor":5,"gold_loss":0,"cards_upgraded":["Neutralize"]},{"cards_removed":["Strike_G"],"damage_healed":0,"gold_gain":0,"player_choice":"Card Removal","damage_taken":7,"max_hp_gain":0,"max_hp_loss":0,"event_name":"Golden Wing","floor":7,"gold_loss":0},{"damage_healed":0,"gold_gain":0,"player_choice":"Searched \u00273\u0027 times","damage_taken":0,"relics_obtained":["Blue Candle"],"max_hp_gain":0,"max_hp_loss":0,"event_name":"Dead Adventurer","floor":14,"gold_loss":0},{"damage_healed":0,"gold_gain":0,"player_choice":"Obtained Book","damage_taken":16,"max_hp_gain":0,"max_hp_loss":0,"event_name":"Cursed Tome","floor":20,"gold_loss":0},{"damage_healed":0,"gold_gain":0,"player_choice":"Ignored","damage_taken":0,"max_hp_gain":0,"max_hp_loss":0,"event_name":"Vampires","floor":21,"gold_loss":0},{"damage_healed":0,"gold_gain":0,"player_choice":"Ignored","damage_taken":0,"max_hp_gain":0,"max_hp_loss":0,"event_name":"Ghosts","floor":23,"gold_loss":0},{"cards_removed":["Survivor"],"damage_healed":0,"gold_gain":0,"player_choice":"Removed Skill","damage_taken":0,"max_hp_gain":0,"max_hp_loss":0,"event_name":"Falling","floor":37,"gold_loss":0},{"damage_healed":0,"gold_gain":0,"player_choice":"Ignored","damage_taken":0,"max_hp_gain":0,"max_hp_loss":0,"event_name":"Tomb of Lord Red Mask","floor":38,"gold_loss":0}],"is_beta":false,"boss_relics":[{"not_picked":["WristBlade","Runic Pyramid"],"picked":"Orrery"},{"not_picked":["Philosopher\u0027s Stone","HoveringKite"],"picked":"Snecko Eye"}],"items_purged_floors":[2],"is_endless":false,"potions_floor_spawned":[1,4,10,18,28,31,36],"killed_by":"Writhing Mass","ascension_level":13}