{"gold_per_floor":[111,111,36,111,286,317,317,392,416,455,455,470,484,524,524,524],"floor_reached":16,"playtime":336,"items_purged":["Injury"],"score":174,"play_id":"74122cc4-7274-4826-85aa-f6061035d500","local_time":"20190604171942","is_ascension_mode":true,"campfire_choices":[{"data":"Whirlwind","floor":7,"key":"SMITH"},{"data":"Body Slam","floor":11,"key":"SMITH"},{"data":"Sword Boomerang","floor":15,"key":"SMITH"}],"neow_cost":"NONE","seed_source_timestamp":320676979998176,"circlet_count":0,"master_deck":["Strike_R","Strike_R","Strike_R","Strike_R","Strike_R","Defend_R","Defend_R","Defend_R","Defend_R","Bash","Doubt","Whirlwind+1","Body Slam+1","Sword Boomerang+1"],"relics":["Burning Blood","NeowsBlessing","Golden Idol","Juzu Bracelet","Self Forming Clay","Bird Faced Urn"],"potions_floor_usage":[14],"damage_taken":[{"damage":0,"enemies":"Jaw Worm","floor":1,"turns":1},{"damage":0,"enemies":"Gremlin Nob","floor":6,"turns":1},{"damage":0,"enemies":"3 Sentries","floor":10,"turns":1},{"damage":0,"enemies":"2 Louse","floor":12,"turns":1},{"damage":0,"enemies":"Small Slimes","floor":13,"turns":3},{"damage":29,"enemies":"Lagavulin","floor":14,"turns":9},{"damage":57,"enemies":"Slime Boss","floor":16,"turns":7}],"seed_played":"4004918027861600116","potions_obtained":[{"floor":12,"key":"EssenceOfSteel"}],"is_trial":false,"path_per_floor":["M","?","$","?","?","E","R","?","T","E","R","M","M","E","R","B"],"character_chosen":"IRONCLAD","items_purchased":[],"campfire_rested":0,"item_purchase_floors":[],"current_hp_per_floor":[80,80,80,69,69,75,75,67,67,73,73,79,80,57,57,0],"gold":524,"neow_bonus":"THREE_ENEMY_KILL","is_prod":false,"is_daily":false,"chose_seed":false,"campfire_upgraded":3,"win_rate":0,"timestamp":1559686782,"path_taken":["M","?","$","?","?","E","R","?","T","E","R","M","M","E","R","BOSS"],"build_version":"2019-01-23","purchased_purges":1,"victory":false,"max_hp_per_floor":[80,80,80,80,80,80,80,80,80,80,80,80,80,80,80,80],"card_choices":[{"not_picked":["Perfected Strike","Entrench","Havoc"],"picked":"SKIP","floor":1},{"not_picked":["Power Through","Thunderclap"],"picked":"Whirlwind","floor":6},{"not_picked":["Thunderclap","Uppercut"],"picked":"Body Slam","floor":10},{"not_picked":["Anger","Disarm"],"picked":"Sword Boomerang","floor":12},{"not_picked":["Havoc","Warcry","Disarm"],"picked":"SKIP","floor":13},{"not_picked":["Searing Blow","Rupture","Rage"],"picked":"SKIP","floor":14}],"player_experience":81782,"relics_obtained":[{"floor":6,"key":"Juzu Bracelet"},{"floor":10,"key":"Self Forming Clay"},{"floor":14,"key":"Bird Faced Urn"}],"event_choices":[{"damage_healed":0,"gold_gain":0,"player_choice":"Take Wound","damage_taken":0,"relics_obtained":["Golden Idol"],"max_hp_gain":0,"max_hp_loss":0,"event_name":"Golden Idol","floor":2,"gold_loss":0,"cards_obtained":["Injury"]},{"damage_healed":0,"gold_gain":75,"player_choice":"Gather Gold","damage_taken":11,"max_hp_gain":0,"max_hp_loss":0,"event_name":"World of Goop","floor":4,"gold_loss":0},{"damage_healed":0,"gold_gain":175,"player_choice":"AGREE","damage_taken":0,"max_hp_gain":0,"max_hp_loss":0,"event_name":"Liars Game","floor":5,"gold_loss":0,"cards_obtained":["Doubt"]},{"damage_healed":0,"gold_gain":75,"player_choice":"Touch","damage_taken":8,"max_hp_gain":0,"max_hp_loss":0,"event_name":"FaceTrader","floor":8,"gold_loss":0}],"is_beta":false,"boss_relics":[],"items_purged_floors":[3],"is_endless":false,"potions_floor_spawned":[12],"killed_by":"Slime Boss","ascension_level":1}