{"gold_per_floor":[117,130,150,41,58,58,88,88,88,88,88,100,119,145,145,241,241,251,263,33,132,152,152,187,187,187,187],"floor_reached":27,"playtime":1698,"items_purged":["Strike_B"],"score":429,"play_id":"d6991173-27dc-468a-a9c0-481690933976","local_time":"20190616095256","is_ascension_mode":true,"campfire_choices":[{"data":"Glacier","floor":6,"key":"SMITH"},{"data":"Core Surge","floor":10,"key":"SMITH"},{"floor":15,"key":"DIG"},{"floor":23,"key":"REST"},{"floor":25,"key":"DIG"}],"neow_cost":"NONE","seed_source_timestamp":402671864394183,"circlet_count":0,"master_deck":["Strike_B","Strike_B","Defend_B","Defend_B","Defend_B","Defend_B+1","Zap","Dualcast+1","Hologram","Core Surge+1","Loop","Glacier+1","Hello World","Compile Driver","Creative AI","Steam","Amplify"],"relics":["Cracked Core","Anchor","Happy Flower","Kunai","Shovel","Art of War","Sozu","PreservedInsect","Blood Vial","DataDisk","Girya"],"potions_floor_usage":[18,22,24],"damage_taken":[{"damage":0,"enemies":"Jaw Worm","floor":1,"turns":2},{"damage":0,"enemies":"Small Slimes","floor":2,"turns":2},{"damage":1,"enemies":"Cultist","floor":3,"turns":4},{"damage":0,"enemies":"Red Slaver","floor":5,"turns":4},{"damage":12,"enemies":"Gremlin Nob","floor":7,"turns":5},{"damage":1,"enemies":"Blue Slaver","floor":12,"turns":4},{"damage":0,"enemies":"Exordium Thugs","floor":13,"turns":3},{"damage":0,"enemies":"3 Sentries","floor":14,"turns":9},{"damage":0,"enemies":"Slime Boss","floor":16,"turns":12},{"damage":17,"enemies":"3 Byrds","floor":18,"turns":7},{"damage":2,"enemies":"Shell Parasite","floor":19,"turns":8},{"damage":14,"enemies":"Snake Plant","floor":22,"turns":5},{"damage":23,"enemies":"Book of Stabbing","floor":24,"turns":5},{"damage":46,"enemies":"Slavers","floor":27,"turns":3}],"seed_played":"-3153517257329159240","potions_obtained":[{"floor":3,"key":"Block Potion"},{"floor":5,"key":"SteroidPotion"},{"floor":7,"key":"Weak Potion"}],"is_trial":false,"path_per_floor":["M","M","M","$","M","R","E","?","T","R","?","M","M","E","R","B",null,"M","M","$","?","M","R","E","R","T","E"],"character_chosen":"DEFECT","items_purchased":["Loop","Glacier","PreservedInsect"],"campfire_rested":1,"item_purchase_floors":[4,4,20],"current_hp_per_floor":[68,68,67,67,67,67,55,40,40,40,40,39,39,39,39,39,66,49,47,47,47,33,55,32,32,32,0],"gold":187,"neow_bonus":"RANDOM_COMMON_RELIC","is_prod":false,"is_daily":false,"chose_seed":false,"campfire_upgraded":2,"win_rate":0,"timestamp":1560696776,"path_taken":["M","M","M","$","M","R","E","?","T","R","?","?","M","E","R","BOSS","M","M","$","?","M","R","E","R","T","E"],"build_version":"2019-01-23","purchased_purges":1,"victory":false,"max_hp_per_floor":[75,75,75,75,75,75,75,75,75,75,75,75,75,75,75,75,75,75,75,75,75,75,75,75,75,75,75],"card_choices":[{"not_picked":["Stack","Gash"],"picked":"Hologram","floor":1},{"not_picked":["Darkness","Static Discharge","Conserve Battery"],"picked":"SKIP","floor":2},{"not_picked":["Compile Driver","Chill"],"picked":"Core Surge","floor":3},{"not_picked":["Compile Driver","Coolheaded"],"picked":"Hello World","floor":5},{"not_picked":["Cold Snap","Coolheaded","Streamline"],"picked":"SKIP","floor":7},{"not_picked":["Lockon","Gash","Hologram"],"picked":"SKIP","floor":12},{"not_picked":["Stack","Biased Cognition","Leap"],"picked":"SKIP","floor":13},{"not_picked":["Chaos","Lockon","Skim"],"picked":"SKIP","floor":14},{"not_picked":["Thunder Strike","Echo Form"],"picked":"Creative AI","floor":16},{"not_picked":["Gash","Hologram"],"picked":"Steam","floor":18},{"not_picked":["Static Discharge+1","Coolheaded","Go for the Eyes"],"picked":"SKIP","floor":19},{"not_picked":["Barrage+1","Redo","Go for the Eyes+1"],"picked":"SKIP","floor":22},{"not_picked":["Cold Snap","Genetic Algorithm"],"picked":"Amplify","floor":24}],"player_experience":268629,"relics_obtained":[{"floor":7,"key":"Happy Flower"},{"floor":9,"key":"Kunai"},{"floor":14,"key":"Shovel"},{"floor":15,"key":"Art of War"},{"floor":24,"key":"Blood Vial"},{"floor":25,"key":"DataDisk"},{"floor":26,"key":"Girya"}],"event_choices":[{"damage_healed":0,"gold_gain":0,"player_choice":"Entered Light","damage_taken":15,"max_hp_gain":0,"max_hp_loss":0,"event_name":"Shining Light","floor":8,"gold_loss":0,"cards_upgraded":["Defend_B","Dualcast"]},{"damage_healed":0,"gold_gain":0,"cards_transformed":["Strike_B"],"player_choice":"Transformed","damage_taken":0,"max_hp_gain":0,"max_hp_loss":0,"event_name":"Transmorgrifier","floor":11,"gold_loss":0,"cards_obtained":["Compile Driver"]},{"damage_healed":0,"gold_gain":99,"player_choice":"Stole From Cult","damage_taken":0,"max_hp_gain":0,"max_hp_loss":0,"event_name":"Nest","floor":21,"gold_loss":0}],"is_beta":false,"boss_relics":[{"not_picked":["Nuclear Battery","Orrery"],"picked":"Sozu"}],"items_purged_floors":[20],"is_endless":false,"potions_floor_spawned":[3,5,7,16,18,24],"killed_by":"Slavers","ascension_level":7}