{"gold_per_floor":[113,125,125,200,52,52,87,105,105,131,131,131,148,98,98,198,198,213,232,157,167,92,92,127,127,127,144,243,269,269,282,282,387,387,401,411,411,361,380,380,413,428,428,428,428,428,448,480,480,480],"floor_reached":51,"playtime":1863,"items_purged":["Strike_G","Strike_G","Strike_G"],"score":1008,"play_id":"2edcf883-6fe0-4e3c-86aa-8d6d9886debc","local_time":"20190619182225","is_ascension_mode":true,"campfire_choices":[{"data":"Strike_G","floor":6,"key":"SMITH"},{"data":"Catalyst","floor":12,"key":"SMITH"},{"floor":15,"key":"REST"},{"data":"Catalyst","floor":23,"key":"SMITH"},{"data":"Bouncing Flask","floor":25,"key":"SMITH"},{"data":"Corpse Explosion","floor":30,"key":"SMITH"},{"data":"Deadly Poison","floor":32,"key":"SMITH"},{"data":"Distraction","floor":40,"key":"SMITH"},{"data":"Prepared","floor":44,"key":"SMITH"},{"data":"Bullet Time","floor":49,"key":"SMITH"}],"neow_cost":"NONE","seed_source_timestamp":10092549555768,"circlet_count":0,"master_deck":["Defend_G","Defend_G","Defend_G","Strike_G+1","Survivor","Neutralize","Bouncing Flask+1","Catalyst+1","Well Laid Plans","Catalyst+1","All Out Attack","Deadly Poison+1","Corpse Explosion+1","Prepared+1","Distraction+1","Backflip","Deadly Poison+1","Bullet Time+1","Parasite","Decay","Skewer"],"relics":["Ring of the Snake","Ancient Tea Set","Gambling Chip","PreservedInsect","Happy Flower","Ice Cream","Smiling Mask","Black Star","Art of War","Juzu Bracelet","Bag of Preparation","Red Mask","Oddly Smooth Stone","Bag of Marbles","Shuriken","Lantern","Pear"],"potions_floor_usage":[10,21,24,41],"damage_taken":[{"damage":1,"enemies":"Cultist","floor":1,"turns":3},{"damage":0,"enemies":"2 Louse","floor":2,"turns":2},{"damage":20,"enemies":"3 Sentries","floor":7,"turns":10},{"damage":0,"enemies":"Jaw Worm","floor":8,"turns":3},{"damage":0,"enemies":"Lagavulin","floor":10,"turns":3},{"damage":8,"enemies":"Exordium Wildlife","floor":13,"turns":3},{"damage":26,"enemies":"Hexaghost","floor":16,"turns":5},{"damage":1,"enemies":"Spheric Guardian","floor":18,"turns":3},{"damage":0,"enemies":"Chosen","floor":19,"turns":3},{"damage":2,"enemies":"Centurion and Healer","floor":21,"turns":4},{"damage":6,"enemies":"Gremlin Leader","floor":24,"turns":4},{"damage":0,"enemies":"Snecko","floor":27,"turns":1},{"damage":0,"enemies":"Masked Bandits","floor":29,"turns":2},{"damage":0,"enemies":"3 Cultists","floor":31,"turns":1},{"damage":0,"enemies":"Automaton","floor":33,"turns":2},{"damage":0,"enemies":"3 Darklings","floor":35,"turns":1},{"damage":0,"enemies":"3 Shapes","floor":36,"turns":1},{"damage":0,"enemies":"Writhing Mass","floor":39,"turns":2},{"damage":0,"enemies":"Reptomancer","floor":41,"turns":1},{"damage":4,"enemies":"Spire Growth","floor":42,"turns":2},{"damage":0,"enemies":"3 Darklings","floor":47,"turns":1},{"damage":0,"enemies":"Nemesis","floor":48,"turns":1},{"damage":3,"enemies":"Time Eater","floor":50,"turns":2}],"seed_played":"-4811464239625527201","potions_obtained":[{"floor":1,"key":"SteroidPotion"},{"floor":7,"key":"Fire Potion"},{"floor":13,"key":"SteroidPotion"},{"floor":18,"key":"Explosive Potion"},{"floor":19,"key":"GhostInAJar"},{"floor":35,"key":"Energy Potion"},{"floor":41,"key":"Regen Potion"},{"floor":42,"key":"SmokeBomb"}],"is_trial":false,"path_per_floor":["M","M","?","?","$","R","E","M","T","E","?","R","M","$","R","B",null,"M","M","$","M","?","R","E","R","T","M","?","?","R","M","R","B",null,"M","M","?","$","M","R","E","M","T","R","?","?","M","E","R","B",null],"character_chosen":"THE_SILENT","items_purchased":["PreservedInsect","Backflip"],"campfire_rested":1,"item_purchase_floors":[5,20],"current_hp_per_floor":[69,69,62,51,51,51,31,31,31,31,31,31,23,23,44,18,70,69,69,69,67,67,67,61,61,61,61,61,61,61,61,61,61,70,70,70,70,70,70,70,70,66,66,66,66,66,66,76,76,73],"gold":480,"neow_bonus":"RANDOM_COMMON_RELIC","is_prod":false,"is_daily":false,"chose_seed":false,"campfire_upgraded":9,"win_rate":0,"timestamp":1560986545,"path_taken":["M","M","?","?","$","R","E","M","T","E","?","R","M","$","R","BOSS","M","M","$","M","?","R","E","R","T","M","?","?","R","M","R","BOSS","M","M","?","$","M","R","E","M","T","R","?","?","M","E","R","BOSS"],"build_version":"2019-01-23","purchased_purges":3,"victory":true,"max_hp_per_floor":[70,70,70,70,70,70,70,70,70,70,70,70,70,70,70,70,70,70,70,70,70,70,70,70,70,70,70,70,70,70,70,70,70,70,70,70,70,70,70,70,70,70,70,70,70,70,70,80,80,80],"card_choices":[{"not_picked":["Blade Dance","Deflect"],"picked":"Bouncing Flask","floor":1},{"not_picked":["Eviscerate","Dash","Finisher"],"picked":"SKIP","floor":2},{"not_picked":["Reflex","Finisher"],"picked":"Catalyst","floor":7},{"not_picked":["Backstab","Slice"],"picked":"Well Laid Plans","floor":8},{"not_picked":["Storm of Steel","Dodge and Roll"],"picked":"Catalyst","floor":10},{"not_picked":["Leg Sweep","Crippling Poison"],"picked":"Deadly Poison","floor":13},{"not_picked":["A Thousand Cuts","Phantasmal Killer"],"picked":"Corpse Explosion","floor":16},{"not_picked":["Deflect","Accuracy"],"picked":"Prepared","floor":18},{"not_picked":["Acrobatics","Sucker Punch+1"],"picked":"Distraction","floor":19},{"not_picked":["Tactician","Underhanded Strike+1","Acrobatics+1"],"picked":"SKIP","floor":21},{"not_picked":["Setup+1","Riddle With Holes"],"picked":"Deadly Poison+1","floor":24},{"not_picked":["Footwork","Well Laid Plans","Blade Dance+1"],"picked":"SKIP","floor":27},{"not_picked":["Eviscerate","Acrobatics","Outmaneuver"],"picked":"SKIP","floor":31},{"not_picked":["Wraith Form v2","Envenom"],"picked":"Bullet Time","floor":33},{"not_picked":["Acrobatics","PiercingWail","Cloak And Dagger+1"],"picked":"SKIP","floor":35},{"not_picked":["Sucker Punch","Underhanded Strike","Dagger Spray"],"picked":"SKIP","floor":36},{"not_picked":["Acrobatics+1","Concentrate+1","Cloak And Dagger"],"picked":"SKIP","floor":39},{"not_picked":["Poisoned Stab+1","Well Laid Plans","Slice"],"picked":"SKIP","floor":41},{"not_picked":["Deadly Poison","Prepared","Skewer"],"picked":"SKIP","floor":42},{"not_picked":["Night Terror","Flying Knee","Deflect+1"],"picked":"SKIP","floor":47},{"not_picked":["Accuracy+1","Quick Slash+1","Predator"],"picked":"SKIP","floor":48}],"player_experience":272648,"relics_obtained":[{"floor":7,"key":"Happy Flower"},{"floor":9,"key":"Ice Cream"},{"floor":10,"key":"Smiling Mask"},{"floor":24,"key":"Art of War"},{"floor":24,"key":"Juzu Bracelet"},{"floor":26,"key":"Bag of Preparation"},{"floor":29,"key":"Red Mask"},{"floor":41,"key":"Oddly Smooth Stone"},{"floor":41,"key":"Bag of Marbles"},{"floor":43,"key":"Shuriken"},{"floor":48,"key":"Lantern"},{"floor":48,"key":"Pear"}],"event_choices":[{"damage_healed":0,"gold_gain":0,"player_choice":"Success","damage_taken":7,"relics_obtained":["Gambling Chip"],"max_hp_gain":0,"max_hp_loss":0,"event_name":"Scrap Ooze","floor":3,"gold_loss":0},{"damage_healed":0,"gold_gain":75,"player_choice":"Gather Gold","damage_taken":11,"max_hp_gain":0,"max_hp_loss":0,"event_name":"World of Goop","floor":4,"gold_loss":0},{"damage_healed":0,"gold_gain":0,"cards_transformed":["Defend_G"],"player_choice":"Change","damage_taken":0,"max_hp_gain":0,"max_hp_loss":0,"event_name":"Living Wall","floor":11,"gold_loss":0,"cards_obtained":["All Out Attack"]},{"cards_removed":["Strike_G"],"damage_healed":0,"gold_gain":0,"player_choice":"Gave Gold","damage_taken":0,"max_hp_gain":0,"max_hp_loss":0,"event_name":"Beggar","floor":22,"gold_loss":75},{"damage_healed":0,"gold_gain":99,"player_choice":"Stole From Cult","damage_taken":0,"max_hp_gain":0,"max_hp_loss":0,"event_name":"Nest","floor":28,"gold_loss":0},{"damage_healed":0,"gold_gain":0,"player_choice":"Fought Bandits","damage_taken":0,"max_hp_gain":0,"max_hp_loss":0,"event_name":"Masked Bandits","floor":29,"gold_loss":0},{"damage_healed":0,"gold_gain":0,"player_choice":"Memory 1","damage_taken":0,"max_hp_gain":0,"max_hp_loss":0,"event_name":"SensoryStone","floor":37,"gold_loss":0},{"damage_healed":0,"gold_gain":0,"player_choice":"Cursed","damage_taken":0,"max_hp_gain":0,"max_hp_loss":0,"event_name":"Wheel of Change","floor":45,"gold_loss":0,"cards_obtained":["Decay"]},{"damage_healed":0,"gold_gain":0,"cards_transformed":["Defend_G"],"player_choice":"Transformed","damage_taken":0,"max_hp_gain":0,"max_hp_loss":0,"event_name":"Transmorgrifier","floor":46,"gold_loss":0,"cards_obtained":["Skewer"]}],"is_beta":false,"boss_relics":[{"not_picked":["HoveringKite","Eternal Feather"],"picked":"Black Star"},{"not_picked":["Velvet Choker","Fusion Hammer","Cursed Key"]}],"items_purged_floors":[14,20,38],"is_endless":false,"potions_floor_spawned":[1,7,13,18,19,35,41,42],"ascension_level":3}