{"gold_per_floor":[119,119,394,410,420,420,420,431,454,365,383,558,171,188,188,188],"floor_reached":16,"playtime":551,"items_purged":["Strike_B","Doubt"],"score":92,"play_id":"fd8e2b7e-97c7-4702-bf38-0a6944f95242","local_time":"20190528205455","is_ascension_mode":false,"campfire_choices":[{"data":"Loop","floor":6,"key":"SMITH"},{"floor":15,"key":"REST"}],"neow_cost":"NONE","seed_source_timestamp":34314765383875,"circlet_count":0,"master_deck":["Strike_B","Strike_B","Defend_B","Defend_B","Defend_B","Defend_B","Zap","Dualcast","Loop+1","Coolheaded","Loop","Go for the Eyes"],"relics":["Cracked Core","NeowsBlessing","MawBank","Sundial"],"potions_floor_usage":[11],"damage_taken":[{"damage":0,"enemies":"2 Louse","floor":1,"turns":1},{"damage":0,"enemies":"Small Slimes","floor":4,"turns":1},{"damage":0,"enemies":"Cultist","floor":5,"turns":1},{"damage":17,"enemies":"3 Louse","floor":8,"turns":4},{"damage":11,"enemies":"Large Slime","floor":11,"turns":4},{"damage":34,"enemies":"Gremlin Gang","floor":14,"turns":5},{"damage":39,"enemies":"Slime Boss","floor":16,"turns":7}],"seed_played":"7188599190915762156","potions_obtained":[{"floor":4,"key":"SteroidPotion"},{"floor":8,"key":"PowerPotion"}],"is_trial":false,"path_per_floor":["M","?","?","M","M","R","?","M","T","$","M","?","$","M","R","B"],"character_chosen":"DEFECT","items_purchased":["Coolheaded","Loop","Sundial"],"campfire_rested":1,"item_purchase_floors":[10,13,13],"current_hp_per_floor":[75,68,68,68,68,68,68,51,51,51,40,40,40,6,28,0],"gold":188,"neow_bonus":"THREE_ENEMY_KILL","is_prod":false,"is_daily":false,"chose_seed":false,"campfire_upgraded":1,"win_rate":0.0,"timestamp":1559094895,"path_taken":["M","?","?","?","M","R","?","M","T","$","M","?","$","M","R","BOSS"],"build_version":"2019-01-23","purchased_purges":2,"victory":false,"max_hp_per_floor":[75,75,75,75,75,75,75,75,75,75,75,75,75,75,75,75],"card_choices":[{"not_picked":["Streamline","Stack"],"picked":"Loop","floor":1},{"not_picked":["Sweeping Beam","Gash","Hologram"],"picked":"SKIP","floor":4},{"not_picked":["Hologram","Beam Cell","Compile Driver"],"picked":"SKIP","floor":5},{"not_picked":["Hologram","Force Field","Self Repair"],"picked":"SKIP","floor":8},{"not_picked":["Sweeping Beam","Leap","Reboot"],"picked":"SKIP","floor":11},{"not_picked":["Consume","Stack"],"picked":"Go for the Eyes","floor":14}],"player_experience":9616,"relics_obtained":[{"floor":9,"key":"MawBank"}],"event_choices":[{"cards_removed":["Strike_B"],"damage_healed":0,"gold_gain":0,"player_choice":"Card Removal","damage_taken":7,"max_hp_gain":0,"max_hp_loss":0,"event_name":"Golden Wing","floor":2,"gold_loss":0},{"damage_healed":0,"gold_gain":275,"player_choice":"Desecrate","damage_taken":0,"max_hp_gain":0,"max_hp_loss":0,"event_name":"Golden Shrine","floor":3,"gold_loss":0,"cards_obtained":["Regret"]},{"cards_removed":["Regret"],"damage_healed":0,"gold_gain":0,"player_choice":"Forget","damage_taken":0,"max_hp_gain":0,"max_hp_loss":0,"event_name":"Living Wall","floor":7,"gold_loss":0},{"damage_healed":0,"gold_gain":175,"player_choice":"AGREE","damage_taken":0,"max_hp_gain":0,"max_hp_loss":0,"event_name":"Liars Game","floor":12,"gold_loss":0,"cards_obtained":["Doubt"]}],"is_beta":false,"boss_relics":[],"items_purged_floors":[10,13],"is_endless":false,"potions_floor_spawned":[4,8],"killed_by":"Slime Boss","ascension_level":0}