{"gold_per_floor":[369,387,387,399,412,441,31,0,25,25,58,58,88,88,88,189,189,208,34,51,51,63,94,94,121,148,148,182,182,24,37,37,136,136,154,376,476,491,491,491,502,518,586,586,620,8,20,45,45,45],"floor_reached":50,"playtime":2748,"items_purged":["Injury","Strike_G","Bite"],"score":821,"play_id":"e873a4ba-7838-4dca-ab42-cbf986d08c30","local_time":"20190627150001","is_ascension_mode":true,"campfire_choices":[{"data":"Noxious Fumes","floor":10,"key":"SMITH"},{"data":"Poisoned Stab","floor":12,"key":"SMITH"},{"floor":15,"key":"REST"},{"data":"Wraith Form v2","floor":24,"key":"SMITH"},{"floor":27,"key":"REST"},{"data":"A Thousand Cuts","floor":32,"key":"SMITH"},{"data":"Infinite Blades","floor":40,"key":"SMITH"},{"floor":44,"key":"REST"},{"floor":49,"key":"REST"}],"neow_cost":"CURSE","seed_source_timestamp":306097721242713,"circlet_count":0,"master_deck":["Defend_G","Defend_G","Defend_G","Defend_G","Defend_G","Survivor","Neutralize+1","Poisoned Stab+1","Backstab","Terror","Backflip","Noxious Fumes+1","Poisoned Stab","Wraith Form v2+1","Deadly Poison","Caltrops","Bite","Bite","Bite","Bite","Infinite Blades+1","Bullet Time+1","Corpse Explosion+1","A Thousand Cuts+1","Corpse Explosion+1","Night Terror+1","PiercingWail+1","Well Laid Plans+1","Caltrops+1"],"relics":["Ring of the Snake","Lantern","Mummified Hand","Regal Pillow","Ancient Tea Set","Paper Crane","Runic Pyramid","The Courier","Toxic Egg 2","Vajra","Red Mask","Sozu","Unceasing Top","Frozen Egg 2","Bag of Marbles","Membership Card","Anchor","Omamori","Blood Vial","Strawberry","Boot","Singing Bowl"],"potions_floor_usage":[33,33,45,48],"damage_taken":[{"damage":5,"enemies":"Cultist","floor":1,"turns":5},{"damage":0,"enemies":"2 Louse","floor":2,"turns":4},{"damage":8,"enemies":"Small Slimes","floor":4,"turns":4},{"damage":1,"enemies":"2 Fungi Beasts","floor":5,"turns":3},{"damage":15,"enemies":"Lagavulin","floor":6,"turns":8},{"damage":16,"enemies":"3 Sentries","floor":11,"turns":10},{"damage":3,"enemies":"Slime Boss","floor":16,"turns":9},{"damage":2,"enemies":"Chosen","floor":18,"turns":5},{"damage":32,"enemies":"3 Byrds","floor":20,"turns":6},{"damage":2,"enemies":"Centurion and Healer","floor":22,"turns":7},{"damage":39,"enemies":"Book of Stabbing","floor":23,"turns":6},{"damage":16,"enemies":"Slavers","floor":25,"turns":7},{"damage":23,"enemies":"Masked Bandits","floor":28,"turns":5},{"damage":6,"enemies":"Chosen and Byrds","floor":31,"turns":5},{"damage":17,"enemies":"Collector","floor":33,"turns":7},{"damage":15,"enemies":"3 Darklings","floor":35,"turns":4},{"damage":4,"enemies":"Mind Bloom Boss Battle","floor":37,"turns":5},{"damage":1,"enemies":"Orb Walker","floor":38,"turns":3},{"damage":3,"enemies":"Jaw Worm Horde","floor":41,"turns":2},{"damage":12,"enemies":"Sphere and 2 Shapes","floor":42,"turns":6},{"damage":52,"enemies":"Reptomancer","floor":45,"turns":6},{"damage":0,"enemies":"Writhing Mass","floor":47,"turns":5},{"damage":40,"enemies":"Nemesis","floor":48,"turns":7},{"damage":59,"enemies":"Time Eater","floor":50,"turns":3}],"seed_played":"4540516602148831127","potions_obtained":[{"floor":1,"key":"Regen Potion"},{"floor":2,"key":"SkillPotion"},{"floor":6,"key":"SpeedPotion"},{"floor":33,"key":"PowerPotion"}],"is_trial":false,"path_per_floor":["M","M","?","M","M","E","$","?","T","R","E","R","?","?","R","B",null,"M","$","M","?","M","E","R","E","T","R","?","?","$","M","R","B",null,"M","?","?","M","?","R","M","M","T","R","E","$","M","E","R","B"],"character_chosen":"THE_SILENT","items_purchased":["Noxious Fumes","Mummified Hand","Caltrops","Corpse Explosion+1","Noxious Fumes","Well Laid Plans+1","Membership Card","Anchor","Caltrops+1","Omamori","Blood Vial","Strawberry","Boot"],"campfire_rested":4,"item_purchase_floors":[7,7,19,30,30,46,46,46,46,46,46,46,46],"current_hp_per_floor":[58,58,58,50,49,34,34,34,34,34,18,18,18,18,54,51,65,63,63,31,31,47,18,18,18,18,47,32,32,32,36,36,35,46,37,37,45,49,49,49,48,40,40,49,7,14,24,13,45,0],"gold":45,"neow_bonus":"TWO_FIFTY_GOLD","is_prod":false,"is_daily":false,"chose_seed":false,"campfire_upgraded":5,"win_rate":0,"timestamp":1561662001,"path_taken":["M","?","?","M","M","E","$","?","T","R","E","R","?","?","R","BOSS","M","$","M","?","M","E","R","E","T","R","?","?","$","M","R","BOSS","M","?","?","M","?","R","M","M","T","R","E","$","M","E","R","BOSS"],"build_version":"2019-01-23","purchased_purges":3,"victory":false,"max_hp_per_floor":[70,70,70,70,70,70,70,70,70,70,70,70,70,70,70,70,70,70,70,70,49,49,49,49,49,49,49,49,49,49,49,49,49,49,49,49,49,49,49,49,49,49,49,49,49,56,56,58,58,58],"card_choices":[{"not_picked":["Acrobatics","Expertise","Heel Hook"],"picked":"SKIP","floor":1},{"not_picked":["Catalyst","Dodge and Roll"],"picked":"Poisoned Stab","floor":2},{"not_picked":["Acrobatics","Outmaneuver"],"picked":"Backstab","floor":4},{"not_picked":["Eviscerate","Concentrate"],"picked":"Terror","floor":5},{"not_picked":["Acrobatics","Endless Agony"],"picked":"Backflip","floor":6},{"not_picked":["Outmaneuver","Flechettes"],"picked":"Poisoned Stab","floor":11},{"not_picked":["Night Terror","Phantasmal Killer"],"picked":"Wraith Form v2","floor":16},{"not_picked":["Tactician+1","Bouncing Flask"],"picked":"Deadly Poison","floor":18},{"not_picked":["Underhanded Strike","Sucker Punch","Outmaneuver"],"picked":"SKIP","floor":20},{"not_picked":["Dagger Throw+1","Choke+1","Acrobatics"],"picked":"SKIP","floor":22},{"not_picked":["Dodge and Roll","Expertise"],"picked":"Infinite Blades","floor":23},{"not_picked":["Deflect","Flying Knee","Deadly Poison"],"picked":"SKIP","floor":25},{"not_picked":["Setup+1","Blur+1"],"picked":"A Thousand Cuts","floor":31},{"not_picked":["Phantasmal Killer+1","Unload"],"picked":"Corpse Explosion+1","floor":33},{"not_picked":["Deflect+1","Masterful Stab+1","All Out Attack+1"],"picked":"SKIP","floor":35},{"not_picked":["Quick Slash","Deadly Poison+1","Flying Knee"],"picked":"SKIP","floor":38},{"not_picked":["Outmaneuver+1","Masterful Stab+1"],"picked":"Night Terror+1","floor":41},{"not_picked":["Slice","Bane+1","Reflex+1"],"picked":"SKIP","floor":42},{"not_picked":["Well Laid Plans+1","Expertise+1"],"picked":"PiercingWail+1","floor":45},{"not_picked":["Deflect+1","Cloak And Dagger+1","Setup+1"],"picked":"SKIP","floor":47},{"not_picked":["Deflect+1","Bane","Outmaneuver+1"],"picked":"Singing Bowl","floor":48}],"player_experience":186000,"relics_obtained":[{"floor":6,"key":"Lantern"},{"floor":9,"key":"Regal Pillow"},{"floor":11,"key":"Ancient Tea Set"},{"floor":23,"key":"The Courier"},{"floor":25,"key":"Toxic Egg 2"},{"floor":26,"key":"Vajra"},{"floor":28,"key":"Red Mask"},{"floor":37,"key":"Unceasing Top"},{"floor":43,"key":"Frozen Egg 2"},{"floor":45,"key":"Bag of Marbles"},{"floor":48,"key":"Singing Bowl"}],"event_choices":[{"damage_healed":0,"gold_gain":0,"player_choice":"Grow","damage_taken":0,"max_hp_gain":0,"max_hp_loss":0,"event_name":"Living Wall","floor":3,"gold_loss":0,"cards_upgraded":["Neutralize"]},{"damage_healed":0,"gold_gain":0,"player_choice":"Left Gold","damage_taken":0,"max_hp_gain":0,"max_hp_loss":0,"event_name":"World of Goop","floor":8,"gold_loss":31},{"damage_healed":0,"gold_gain":30,"player_choice":"Searched \u00273\u0027 times","damage_taken":0,"relics_obtained":["Paper Crane"],"max_hp_gain":0,"max_hp_loss":0,"event_name":"Dead Adventurer","floor":13,"gold_loss":0},{"damage_healed":0,"gold_gain":0,"player_choice":"Ignored","damage_taken":0,"max_hp_gain":0,"max_hp_loss":0,"event_name":"Liars Game","floor":14,"gold_loss":0},{"damage_healed":0,"gold_gain":0,"player_choice":"Became a vampire","damage_taken":0,"max_hp_gain":0,"max_hp_loss":21,"event_name":"Vampires","floor":21,"gold_loss":0,"cards_obtained":["Bite","Bite","Bite","Bite","Bite"]},{"damage_healed":0,"gold_gain":0,"player_choice":"Fought Bandits","damage_taken":0,"max_hp_gain":0,"max_hp_loss":0,"event_name":"Masked Bandits","floor":28,"gold_loss":0},{"damage_healed":0,"gold_gain":0,"player_choice":"Read","damage_taken":0,"max_hp_gain":0,"max_hp_loss":0,"event_name":"The Library","floor":29,"gold_loss":0,"cards_obtained":["Bullet Time"]},{"damage_healed":0,"gold_gain":222,"player_choice":"Wore Mask","damage_taken":0,"max_hp_gain":0,"max_hp_loss":0,"event_name":"Tomb of Lord Red Mask","floor":36,"gold_loss":0},{"damage_healed":0,"gold_gain":0,"player_choice":"Fight","damage_taken":0,"max_hp_gain":0,"max_hp_loss":0,"event_name":"MindBloom","floor":37,"gold_loss":0},{"cards_removed":["Noxious Fumes"],"damage_healed":0,"gold_gain":0,"player_choice":"Removed Power","damage_taken":0,"max_hp_gain":0,"max_hp_loss":0,"event_name":"Falling","floor":39,"gold_loss":0}],"is_beta":false,"boss_relics":[{"not_picked":["Ectoplasm","HoveringKite"],"picked":"Runic Pyramid"},{"not_picked":["Pandora\u0027s Box","Lizard Tail"],"picked":"Sozu"}],"items_purged_floors":[7,19,46],"is_endless":false,"potions_floor_spawned":[1,2,6,11,23,25,31,33,35,38,42,47],"killed_by":"Time Eater","ascension_level":7}