{"gold_per_floor":[111,111,126,126,126,126,153,165,177,202,1,15,27,47,47,142,142,162,162,20,37,37,37,66,76,103,117,117,129,129,129,129,224,224,235,235,249,267,287,287,287],"floor_reached":41,"playtime":2123,"items_purged":[],"score":440,"play_id":"ac302f3a-8297-497c-b6da-5393438caa35","local_time":"20190318050940","is_ascension_mode":false,"campfire_choices":[{"data":"Perfected Strike","floor":6,"key":"SMITH"},{"data":"Shockwave","floor":8,"key":"SMITH"},{"data":"Perfected Strike","floor":15,"key":"SMITH"},{"data":"Inflame","floor":23,"key":"SMITH"},{"data":"Dual Wield","floor":28,"key":"SMITH"},{"data":"Heavy Blade","floor":30,"key":"SMITH"},{"data":"Power Through","floor":32,"key":"SMITH"},{"data":"Perfected Strike","floor":40,"key":"SMITH"}],"neow_cost":"NONE","seed_source_timestamp":40309387543026,"circlet_count":0,"master_deck":["Strike_R+1","Strike_R","Strike_R","Strike_R","Strike_R","Defend_R","Defend_R","Defend_R","Defend_R+1","Bash+1","Perfected Strike+1","Shockwave+1","Regret","Armaments","Cleave","Shrug It Off+1","Evolve","Finesse","Perfected Strike+1","Power Through+1","Twin Strike","Barricade","Wild Strike","Inflame+1","Dual Wield+1","Second Wind","Flame Barrier+1","Entrench","Heavy Blade+1","Bludgeon+1","Pommel Strike","Perfected Strike+1","Heavy Blade+1"],"relics":["Burning Blood","NeowsBlessing","Dodecahedron","MawBank","Paper Frog","Snecko Eye","War Paint","Torii","Regal Pillow","Mark of Pain"],"potions_floor_usage":[25,33,33,33],"damage_taken":[{"damage":0,"enemies":"Small Slimes","floor":1,"turns":1},{"damage":0,"enemies":"2 Louse","floor":3,"turns":1},{"damage":0,"enemies":"3 Sentries","floor":7,"turns":1},{"damage":3,"enemies":"Cultist","floor":10,"turns":3},{"damage":17,"enemies":"Blue Slaver","floor":12,"turns":3},{"damage":19,"enemies":"3 Louse","floor":13,"turns":3},{"damage":13,"enemies":"Exordium Thugs","floor":14,"turns":3},{"damage":12,"enemies":"Hexaghost","floor":16,"turns":8},{"damage":0,"enemies":"2 Thieves","floor":18,"turns":3},{"damage":0,"enemies":"Shell Parasite","floor":21,"turns":3},{"damage":35,"enemies":"Book of Stabbing","floor":24,"turns":5},{"damage":1,"enemies":"Snecko","floor":25,"turns":4},{"damage":6,"enemies":"Centurion and Healer","floor":27,"turns":6},{"damage":7,"enemies":"Chosen and Byrds","floor":29,"turns":4},{"damage":57,"enemies":"Automaton","floor":33,"turns":10},{"damage":12,"enemies":"3 Darklings","floor":35,"turns":4},{"damage":18,"enemies":"3 Shapes","floor":37,"turns":3},{"damage":0,"enemies":"Jaw Worm Horde","floor":38,"turns":4},{"damage":26,"enemies":"4 Shapes","floor":39,"turns":6},{"damage":50,"enemies":"Transient","floor":41,"turns":5}],"seed_played":"-1549909889455705060","potions_obtained":[{"floor":7,"key":"FearPotion"},{"floor":12,"key":"Block Potion"},{"floor":14,"key":"GamblersBrew"},{"floor":25,"key":"PowerPotion"},{"floor":29,"key":"Poison Potion"},{"floor":33,"key":"BloodPotion"},{"floor":37,"key":"SteroidPotion"},{"floor":39,"key":"SkillPotion"}],"is_trial":false,"path_per_floor":["M","?","M","?","?","R","E","R","T","M","$","M","M","M","R","B",null,"M","?","$","M","$","R","E","M","T","M","R","M","R","?","R","B",null,"M","?","M","M","M","R","M"],"character_chosen":"IRONCLAD","items_purchased":["Shrug It Off","Evolve","Finesse","Inflame","Dual Wield"],"campfire_rested":0,"item_purchase_floors":[11,11,11,20,20],"current_hp_per_floor":[80,80,80,80,64,64,70,70,70,73,73,62,49,42,42,36,80,80,80,80,80,80,80,51,56,56,56,56,55,55,80,80,29,80,74,74,62,68,48,48,0],"gold":287,"neow_bonus":"THREE_ENEMY_KILL","is_prod":false,"is_daily":false,"chose_seed":false,"campfire_upgraded":8,"win_rate":0.0,"timestamp":1552900180,"path_taken":["M","?","M","?","?","R","E","R","T","M","$","M","M","M","R","BOSS","M","?","$","M","?","R","E","M","T","M","R","M","R","?","R","BOSS","M","?","M","M","M","R","?"],"build_version":"2019-01-23","purchased_purges":0,"victory":false,"max_hp_per_floor":[80,80,80,80,80,80,80,80,80,80,80,80,80,80,80,80,80,80,80,80,80,80,80,80,80,80,80,80,80,80,80,80,80,80,80,80,80,80,80,80,80],"card_choices":[{"not_picked":["Pommel Strike","Headbutt"],"picked":"Perfected Strike","floor":1},{"not_picked":["Thunderclap","Corruption"],"picked":"Shockwave","floor":3},{"not_picked":["Thunderclap","Second Wind"],"picked":"Armaments","floor":7},{"not_picked":["Reckless Charge","Heavy Blade"],"picked":"Cleave","floor":10},{"not_picked":["Fiend Fire","Headbutt"],"picked":"Perfected Strike","floor":12},{"not_picked":["Cleave","Sword Boomerang"],"picked":"Power Through","floor":13},{"not_picked":["Shrug It Off","Iron Wave"],"picked":"Twin Strike","floor":14},{"not_picked":["Brutality","Dark Embrace"],"picked":"Barricade","floor":16},{"not_picked":["Armaments+1","Warcry+1"],"picked":"Wild Strike","floor":18},{"not_picked":["Armaments","Warcry"],"picked":"Second Wind","floor":21},{"not_picked":["Twin Strike","Burning Pact"],"picked":"Flame Barrier+1","floor":24},{"not_picked":["Iron Wave+1","Immolate"],"picked":"Entrench","floor":25},{"not_picked":["Sword Boomerang","Anger+1"],"picked":"Heavy Blade","floor":27},{"not_picked":["Dropkick","Armaments+1","Bloodletting+1"],"picked":"SKIP","floor":29},{"not_picked":["Feed","Fiend Fire"],"picked":"Bludgeon","floor":33},{"not_picked":["Infernal Blade+1","Ghostly Armor","Pummel+1"],"picked":"SKIP","floor":35},{"not_picked":["Infernal Blade+1","True Grit"],"picked":"Pommel Strike","floor":37},{"not_picked":["Warcry+1","Pommel Strike+1"],"picked":"Perfected Strike","floor":38},{"not_picked":["Blood for Blood+1","Rupture"],"picked":"Heavy Blade+1","floor":39}],"player_experience":36891,"relics_obtained":[{"floor":7,"key":"MawBank"},{"floor":9,"key":"Paper Frog"},{"floor":24,"key":"Torii"},{"floor":26,"key":"Regal Pillow"}],"event_choices":[{"damage_healed":0,"gold_gain":0,"player_choice":"Leave","damage_taken":0,"max_hp_gain":0,"max_hp_loss":0,"event_name":"The Cleric","floor":2,"gold_loss":0},{"damage_healed":0,"gold_gain":0,"player_choice":"Box","damage_taken":0,"relics_obtained":["Dodecahedron"],"max_hp_gain":0,"max_hp_loss":0,"event_name":"Big Fish","floor":4,"gold_loss":0,"cards_obtained":["Regret"]},{"damage_healed":0,"gold_gain":0,"player_choice":"Entered Light","damage_taken":16,"max_hp_gain":0,"max_hp_loss":0,"event_name":"Shining Light","floor":5,"gold_loss":0,"cards_upgraded":["Strike_R","Bash"]},{"damage_healed":0,"gold_gain":0,"player_choice":"Gave Potion","damage_taken":0,"relics_obtained":["War Paint"],"max_hp_gain":0,"max_hp_loss":0,"event_name":"WeMeetAgain","floor":19,"gold_loss":0},{"damage_healed":26,"gold_gain":0,"player_choice":"Heal","damage_taken":0,"max_hp_gain":0,"max_hp_loss":0,"event_name":"The Library","floor":31,"gold_loss":0},{"damage_healed":0,"gold_gain":0,"player_choice":"Upgraded","damage_taken":0,"max_hp_gain":0,"max_hp_loss":0,"event_name":"Upgrade Shrine","floor":36,"gold_loss":0,"cards_upgraded":["Bludgeon"]}],"is_beta":false,"boss_relics":[{"not_picked":["Busted Crown","Fusion Hammer"],"picked":"Snecko Eye"},{"not_picked":["Orrery","Calling Bell"],"picked":"Mark of Pain"}],"items_purged_floors":[],"is_endless":false,"potions_floor_spawned":[7,12,14,16,25,29,33,37,39],"killed_by":"Transient","ascension_level":0}