{"gold_per_floor":[114,114,289,289,307,333,22,22,46,56,82,82,110,71,71,142,142,67,4,4,22,42,42,75,75,120,120,133,159,159],"floor_reached":30,"playtime":2029,"items_purged":[],"score":547,"play_id":"a44b1ad9-5b17-43d7-8719-20421a13b1fd","local_time":"20190623090755","is_ascension_mode":true,"campfire_choices":[{"data":"Bullet Time","floor":12,"key":"SMITH"},{"data":"Setup","floor":15,"key":"SMITH"},{"data":"Footwork","floor":23,"key":"SMITH"},{"floor":25,"key":"REST"},{"data":"Ghostly","floor":27,"key":"SMITH"}],"neow_cost":"NONE","seed_source_timestamp":495942928385899,"circlet_count":0,"master_deck":["AscendersBane","Defend_G","Defend_G","Defend_G","Defend_G","Defend_G","Strike_G+1","Strike_G","Strike_G+1","Strike_G","Survivor","Neutralize+1","Setup+1","Backflip","Bullet Time+1","Footwork+1","Underhanded Strike","Cloak And Dagger","Escape Plan","Flying Knee","Malaise","Poisoned Stab","Predator","Ghostly+1","Ghostly","Ghostly","Ghostly","Ghostly","Bouncing Flask","Acrobatics","Deadly Poison+1","Riddle With Holes"],"relics":["Ring of the Snake","NeowsBlessing","Ancient Tea Set","Meat on the Bone","Whetstone","The Courier","Ginger","Philosopher\u0027s Stone","Dream Catcher","PreservedInsect","Ice Cream"],"potions_floor_usage":[11,13,24,29,30],"damage_taken":[{"damage":0,"enemies":"Small Slimes","floor":1,"turns":1},{"damage":0,"enemies":"Jaw Worm","floor":5,"turns":1},{"damage":0,"enemies":"Gremlin Nob","floor":6,"turns":1},{"damage":0,"enemies":"Cultist","floor":10,"turns":5},{"damage":32,"enemies":"3 Sentries","floor":11,"turns":15},{"damage":22,"enemies":"Gremlin Nob","floor":13,"turns":5},{"damage":11,"enemies":"The Guardian","floor":16,"turns":23},{"damage":12,"enemies":"2 Thieves","floor":18,"turns":5},{"damage":2,"enemies":"Chosen","floor":21,"turns":7},{"damage":0,"enemies":"Snake Plant","floor":22,"turns":5},{"damage":12,"enemies":"Book of Stabbing","floor":24,"turns":10},{"damage":8,"enemies":"Sentry and Sphere","floor":28,"turns":7},{"damage":2,"enemies":"Gremlin Leader","floor":29,"turns":7},{"damage":20,"enemies":"Chosen and Byrds","floor":30,"turns":5}],"seed_played":"-2861717045280937404","potions_obtained":[{"floor":5,"key":"Energy Potion"},{"floor":6,"key":"PowerPotion"},{"floor":16,"key":"PowerPotion"},{"floor":21,"key":"Swift Potion"},{"floor":29,"key":"PowerPotion"}],"is_trial":false,"path_per_floor":["M","?","?","?","M","E","$","?","T","M","E","R","E","$","R","B",null,"M","$","?","M","M","R","E","R","T","R","M","E","M"],"character_chosen":"THE_SILENT","items_purchased":["Meat on the Bone","Footwork","Flying Knee","Predator"],"campfire_rested":1,"item_purchase_floors":[7,7,14,19],"current_hp_per_floor":[59,59,59,59,59,59,59,52,52,52,32,32,22,22,22,23,55,43,43,33,31,31,31,19,28,28,28,20,18,0],"gold":159,"neow_bonus":"THREE_ENEMY_KILL","is_prod":false,"is_daily":false,"chose_seed":false,"campfire_upgraded":4,"win_rate":0,"timestamp":1561291675,"path_taken":["M","?","?","?","?","E","$","?","T","M","E","R","E","$","R","BOSS","M","$","?","M","M","R","E","R","T","R","M","E","M"],"build_version":"2019-01-23","purchased_purges":0,"victory":false,"max_hp_per_floor":[66,66,66,66,66,66,66,66,66,66,66,66,66,66,66,66,66,66,66,33,33,33,33,33,33,33,33,33,33,33],"card_choices":[{"not_picked":["Acrobatics","Flechettes"],"picked":"Setup","floor":1},{"not_picked":["Bane","Unload"],"picked":"Backflip","floor":5},{"not_picked":["PiercingWail","Accuracy"],"picked":"Bullet Time","floor":6},{"not_picked":["Flechettes","Expertise","Underhanded Strike"],"picked":"SKIP","floor":10},{"not_picked":["Flechettes","Expertise"],"picked":"Underhanded Strike","floor":10},{"not_picked":["Calculated Gamble","Concentrate"],"picked":"Cloak And Dagger","floor":11},{"not_picked":["Bouncing Flask","Poisoned Stab"],"picked":"Escape Plan","floor":13},{"not_picked":["Burst","Venomology"],"picked":"Malaise","floor":16},{"not_picked":["Deflect","Prepared"],"picked":"Poisoned Stab","floor":18},{"not_picked":["Bane+1","Dodge and Roll"],"picked":"Bouncing Flask","floor":21},{"not_picked":["Prepared","Dodge and Roll","Blade Dance"],"picked":"SKIP","floor":22},{"not_picked":["Finisher+1","Slice+1"],"picked":"Acrobatics","floor":24},{"not_picked":["Dagger Spray","Sucker Punch"],"picked":"Deadly Poison+1","floor":28},{"not_picked":["Backstab","Outmaneuver"],"picked":"Riddle With Holes","floor":29}],"player_experience":1147682,"relics_obtained":[{"floor":6,"key":"Ancient Tea Set"},{"floor":9,"key":"Whetstone"},{"floor":11,"key":"The Courier"},{"floor":13,"key":"Ginger"},{"floor":24,"key":"Dream Catcher"},{"floor":26,"key":"PreservedInsect"},{"floor":29,"key":"Ice Cream"}],"event_choices":[{"damage_healed":0,"gold_gain":0,"player_choice":"Grow","damage_taken":0,"max_hp_gain":0,"max_hp_loss":0,"event_name":"Living Wall","floor":2,"gold_loss":0,"cards_upgraded":["Neutralize"]},{"damage_healed":0,"gold_gain":175,"player_choice":"AGREE","damage_taken":0,"max_hp_gain":0,"max_hp_loss":0,"event_name":"Liars Game","floor":3,"gold_loss":0,"cards_obtained":["Doubt"]},{"cards_removed":["Doubt"],"damage_healed":0,"gold_gain":0,"player_choice":"Purged","damage_taken":0,"max_hp_gain":0,"max_hp_loss":0,"event_name":"Purifier","floor":4,"gold_loss":0},{"cards_removed":["Strike_G"],"damage_healed":0,"gold_gain":0,"player_choice":"Card Removal","damage_taken":7,"max_hp_gain":0,"max_hp_loss":0,"event_name":"Golden Wing","floor":8,"gold_loss":0},{"damage_healed":0,"gold_gain":0,"player_choice":"Became a Ghost","damage_taken":0,"max_hp_gain":0,"max_hp_loss":33,"event_name":"Ghosts","floor":20,"gold_loss":0,"cards_obtained":["Ghostly","Ghostly","Ghostly","Ghostly","Ghostly"]}],"is_beta":false,"boss_relics":[{"not_picked":["HoveringKite","Ectoplasm"],"picked":"Philosopher\u0027s Stone"}],"items_purged_floors":[],"is_endless":false,"potions_floor_spawned":[5,6,16,21,29],"killed_by":"Chosen and Byrds","ascension_level":14}