{"gold_per_floor":[116,116,116,126,201,216,216,235,303,14,34,34,44,54,54,152,152,167,167,92,104,114,114,148,162,162,162,162,62,62,62,62,166,166,178,178,53,64,84,109,109,125,125,125,125,157,7,7,7,7],"floor_reached":51,"playtime":11675,"items_purged":["Strike_R","Writhe","Strike_R","Strike_R"],"score":815,"play_id":"d1e8349e-5168-41ef-8ea7-e86358085c1e","local_time":"20190619144922","is_ascension_mode":false,"campfire_choices":[{"data":"Flame Barrier","floor":7.0,"key":"SMITH"},{"data":"Barricade","floor":12.0,"key":"SMITH"},{"floor":15.0,"key":"REST"},{"data":"Body Slam","floor":23.0,"key":"SMITH"},{"floor":28.0,"key":"REST"},{"data":"Shrug It Off","floor":30.0,"key":"SMITH"},{"data":"Body Slam","floor":32.0,"key":"SMITH"},{"floor":49,"key":"REST"}],"neow_cost":"NONE","seed_source_timestamp":0,"circlet_count":0,"master_deck":["Defend_R+1","Defend_R+1","Defend_R+1","Bash+1","Flame Barrier+1","Body Slam+1","Combust+1","Shrug It Off+1","Barricade+1","Impervious+1","Shrug It Off+1","Body Slam+1","Armaments+1","Juggernaut+1","Body Slam+1","Ghostly Armor+1"],"special_seed":0,"relics":["Burning Blood","Dodecahedron","Philosopher\u0027s Stone","Juzu Bracelet","Centennial Puzzle","Bottled Flame","Kunai","Dream Catcher","Lizard Tail","Bottled Lightning","Blood Vial","Ginger","Mark of the Bloom"],"potions_floor_usage":[],"damage_taken":[{"damage":5.0,"enemies":"Jaw Worm","floor":1.0,"turns":5.0},{"damage":2.0,"enemies":"Small Slimes","floor":4.0,"turns":4.0},{"damage":0.0,"enemies":"Cultist","floor":6.0,"turns":3.0},{"damage":8.0,"enemies":"2 Fungi Beasts","floor":8.0,"turns":3.0},{"damage":3.0,"enemies":"Exordium Wildlife","floor":11.0,"turns":6.0},{"damage":7.0,"enemies":"Exordium Thugs","floor":13.0,"turns":6.0},{"damage":35.0,"enemies":"Gremlin Gang","floor":14.0,"turns":5.0},{"damage":9.0,"enemies":"Hexaghost","floor":16.0,"turns":9.0},{"damage":10.0,"enemies":"3 Byrds","floor":18.0,"turns":4.0},{"damage":1.0,"enemies":"Shell Parasite","floor":21.0,"turns":4.0},{"damage":12.0,"enemies":"Snake Plant","floor":22.0,"turns":3.0},{"damage":44.0,"enemies":"Slavers","floor":24.0,"turns":7.0},{"damage":9.0,"enemies":"Centurion and Healer","floor":25.0,"turns":6.0},{"damage":8.0,"enemies":"Automaton","floor":33.0,"turns":7.0},{"damage":12,"enemies":"3 Darklings","floor":35,"turns":4},{"damage":0,"enemies":"Orb Walker","floor":38,"turns":3},{"damage":0,"enemies":"Sphere and 2 Shapes","floor":39,"turns":3},{"damage":4,"enemies":"Nemesis","floor":40,"turns":5},{"damage":1,"enemies":"Maw","floor":42,"turns":6},{"damage":22,"enemies":"Reptomancer","floor":46,"turns":8},{"damage":8,"enemies":"Awakened One","floor":50,"turns":9}],"seed_played":"6428257318180167560","potions_obtained":[{"floor":3.0,"key":"SkillPotion"},{"floor":3.0,"key":"FearPotion"},{"floor":3.0,"key":"SneckoOil"},{"floor":6.0,"key":"Weak Potion"},{"floor":8.0,"key":"Swift Potion"},{"floor":24.0,"key":"PowerPotion"},{"floor":38,"key":"BloodPotion"}],"is_trial":false,"path_per_floor":["M","?","?","M","?","M","R","M","T","$","M","R","M","M","R","B",null,"M","?","?","M","M","R","E","M","T","?","R","$","R","?","R","B",null,"M","?","$","M","M","E","$","M","T","?","?","E","$","?","R","B",null],"character_chosen":"IRONCLAD","items_purchased":["Barricade","Impervious"],"campfire_rested":3,"item_purchase_floors":[10,10],"current_hp_per_floor":[80,64,64,68,57,63,63,61,61,61,64,64,63,34,58,55,80,76,76,76,80,74,74,36,33,33,33,57,57,57,57,57,55,80,74,74,74,76,76,76,76,76,76,76,76,60,60,60,60,52],"gold":7,"neow_bonus":"TRANSFORM_CARD","is_prod":false,"is_daily":false,"chose_seed":false,"campfire_upgraded":5,"win_rate":0.0,"timestamp":1560926962,"path_taken":["M","?","?","?","?","M","R","M","T","?","M","R","M","M","R","BOSS","M","?","?","M","M","R","E","M","T","?","R","$","R","?","R","BOSS","M","?","$","M","M","E","$","M","T","?","?","E","$","?","R","BOSS"],"build_version":"2019-01-23","purchased_purges":4,"victory":true,"max_hp_per_floor":[80,80,80,80,80,80,80,80,80,80,80,80,80,80,80,80,80,80,80,80,80,80,80,80,80,80,80,80,80,80,80,80,80,80,80,76,76,76,76,76,76,76,76,76,76,76,76,76,76,76],"card_choices":[{"not_picked":["Flex","Anger","Twin Strike"],"picked":"SKIP","floor":1.0},{"not_picked":["Pommel Strike","Clothesline"],"picked":"Body Slam","floor":4.0},{"not_picked":["Iron Wave","Flex"],"picked":"Combust","floor":6.0},{"not_picked":["Clothesline","Thunderclap"],"picked":"Shrug It Off","floor":8.0},{"not_picked":["Searing Blow","Clothesline","Twin Strike"],"picked":"SKIP","floor":11.0},{"not_picked":["Power Through","Pommel Strike"],"picked":"Shrug It Off","floor":13.0},{"not_picked":["Clothesline","Combust"],"picked":"Body Slam","floor":14.0},{"not_picked":["Headbutt","Corruption"],"picked":"Armaments+1","floor":18.0},{"not_picked":["Anger","True Grit"],"picked":"Juggernaut","floor":21.0},{"not_picked":["Pommel Strike","Intimidate","Feel No Pain+1"],"picked":"SKIP","floor":22.0},{"not_picked":["Pommel Strike","Metallicize"],"picked":"Body Slam+1","floor":24.0},{"not_picked":["Iron Wave+1","Armaments","Headbutt+1"],"picked":"SKIP","floor":25.0},{"not_picked":["Rampage","Iron Wave+1","Headbutt+1"],"picked":"SKIP","floor":35},{"not_picked":["Twin Strike+1","Thunderclap","Warcry"],"picked":"SKIP","floor":38},{"not_picked":["Twin Strike+1","Anger+1"],"picked":"Ghostly Armor+1","floor":39},{"not_picked":["Dropkick+1","Fire Breathing+1","Reckless Charge"],"picked":"SKIP","floor":40},{"not_picked":["Iron Wave","Pommel Strike+1","Feed"],"picked":"SKIP","floor":42},{"not_picked":["Whirlwind+1","Clash","Sword Boomerang"],"picked":"SKIP","floor":46}],"player_experience":4654,"relics_obtained":[{"floor":9.0,"key":"Dodecahedron"},{"floor":19.0,"key":"Juzu Bracelet"},{"floor":24.0,"key":"Centennial Puzzle"},{"floor":26.0,"key":"Bottled Flame"},{"floor":40,"key":"Bottled Lightning"},{"floor":43,"key":"Blood Vial"},{"floor":46,"key":"Ginger"}],"event_choices":[{"damage_healed":0.0,"max_hp_gain":0.0,"max_hp_loss":0.0,"gold_gain":0.0,"event_name":"Shining Light","player_choice":"Entered Light","floor":2.0,"gold_loss":0.0,"damage_taken":16.0,"cards_upgraded":["Bash","Defend_R"]},{"damage_healed":0.0,"max_hp_gain":0.0,"max_hp_loss":0.0,"gold_gain":0.0,"event_name":"Lab","player_choice":"Got Potions","floor":3.0,"gold_loss":0.0,"damage_taken":0.0},{"damage_healed":0.0,"max_hp_gain":0.0,"max_hp_loss":0.0,"gold_gain":75.0,"event_name":"World of Goop","player_choice":"Gather Gold","floor":5.0,"gold_loss":0.0,"damage_taken":11.0},{"damage_healed":0.0,"max_hp_gain":0.0,"max_hp_loss":0.0,"gold_gain":0.0,"event_name":"Wheel of Change","player_choice":"Relic","floor":19.0,"gold_loss":0.0,"damage_taken":0.0},{"cards_removed":["Strike_R"],"damage_healed":0.0,"max_hp_gain":0.0,"max_hp_loss":0.0,"gold_gain":0.0,"event_name":"Beggar","player_choice":"Gave Gold","floor":20.0,"gold_loss":75.0,"damage_taken":0.0},{"damage_healed":0.0,"max_hp_gain":0.0,"max_hp_loss":0.0,"gold_gain":0.0,"event_name":"The Mausoleum","player_choice":"Opened","floor":27.0,"gold_loss":0.0,"damage_taken":0.0,"relics_obtained":["Kunai"],"cards_obtained":["Writhe"]},{"damage_healed":0.0,"max_hp_gain":0.0,"max_hp_loss":0.0,"gold_gain":0.0,"event_name":"WeMeetAgain","player_choice":"Gave Potion","floor":31.0,"gold_loss":0.0,"damage_taken":0.0,"relics_obtained":["Dream Catcher"]},{"damage_healed":0,"gold_gain":0,"player_choice":"Max HP","damage_taken":0,"max_hp_gain":0,"max_hp_loss":4,"event_name":"Winding Halls","floor":36,"gold_loss":0},{"damage_healed":0,"gold_gain":0,"player_choice":"Memory 1","damage_taken":0,"max_hp_gain":0,"max_hp_loss":0,"event_name":"SensoryStone","floor":44,"gold_loss":0},{"cards_removed":["Strike_R"],"damage_healed":0,"gold_gain":0,"player_choice":"Removed Attack","damage_taken":0,"max_hp_gain":0,"max_hp_loss":0,"event_name":"Falling","floor":45,"gold_loss":0},{"damage_healed":0,"gold_gain":0,"player_choice":"Upgrade","damage_taken":0,"relics_obtained":["Mark of the Bloom"],"max_hp_gain":0,"max_hp_loss":0,"event_name":"MindBloom","floor":48,"gold_loss":0,"cards_upgraded":["Defend_R","Defend_R","Combust","Impervious","Shrug It Off","Juggernaut"]}],"is_beta":false,"boss_relics":[{"not_picked":["Calling Bell","Fusion Hammer"],"picked":"Philosopher\u0027s Stone"},{"not_picked":["White Beast Statue","Black Star"],"picked":"Lizard Tail"}],"items_purged_floors":[10,29,37,47],"is_endless":false,"potions_floor_spawned":[6,8,11,16,21,24,25,38,42],"ascension_level":0}