{"gold_per_floor":[116,127,127,143,162,191,73,73,73,38,38,73,73,101,101,175,175,192,208,218,232,232,232,267,284,284,209,235,235,235,78,78,155,155,168,168,168,182,199,225,52,79,79,79,79,79,89,99,99,99,99,99,16,16],"floor_reached":54,"playtime":2848,"items_purged":["Parasite"],"score":1668,"play_id":"23cd9e6a-7c8d-4768-9f97-bc77c4a5baa8","local_time":"20190620113739","is_ascension_mode":true,"campfire_choices":[{"floor":8,"key":"REST"},{"data":"Feel No Pain","floor":11,"key":"SMITH"},{"data":"Fiend Fire","floor":13,"key":"SMITH"},{"data":"Uppercut","floor":15,"key":"SMITH"},{"floor":23,"key":"REST"},{"data":"Shockwave","floor":30,"key":"SMITH"},{"floor":32,"key":"REST"},{"floor":44,"key":"REST"},{"floor":46,"key":"RECALL"},{"data":"Dark Embrace","floor":49,"key":"SMITH"},{"data":"True Grit","floor":52,"key":"SMITH"}],"neow_cost":"NONE","seed_source_timestamp":244906116640784,"circlet_count":0,"master_deck":["AscendersBane","Strike_R","Strike_R","Strike_R","Strike_R","Defend_R","Defend_R","Defend_R","Defend_R","Bash","Fiend Fire+1","Disarm","Shockwave+1","Iron Wave","Uppercut+1","Feel No Pain+1","Infernal Blade","Shrug It Off","Immolate","Disarm","Inflame","Inflame","True Grit+1","Necronomicurse","Feed","Havoc+1","Dark Embrace+1","Body Slam+1","Deep Breath","Evolve"],"relics":["Burning Blood","Meat on the Bone","Pocketwatch","Turnip","Kunai","Velvet Choker","Necronomicon","Potion Belt","Ice Cream","StoneCalendar","Vajra","Busted Crown","Oddly Smooth Stone","Bag of Marbles"],"potions_floor_usage":[6,18,24,25,40,42,48,48,50,54],"damage_taken":[{"damage":9,"enemies":"Jaw Worm","floor":1,"turns":4},{"damage":6,"enemies":"Small Slimes","floor":2,"turns":3},{"damage":2,"enemies":"2 Louse","floor":4,"turns":2},{"damage":19,"enemies":"Exordium Wildlife","floor":5,"turns":5},{"damage":45,"enemies":"3 Sentries","floor":6,"turns":9},{"damage":9,"enemies":"Lagavulin","floor":12,"turns":7},{"damage":0,"enemies":"Gremlin Nob","floor":14,"turns":3},{"damage":0,"enemies":"Slime Boss","floor":16,"turns":5},{"damage":17,"enemies":"3 Byrds","floor":18,"turns":4},{"damage":4,"enemies":"Shell Parasite","floor":19,"turns":3},{"damage":0,"enemies":"Snake Plant","floor":20,"turns":2},{"damage":0,"enemies":"Chosen and Byrds","floor":21,"turns":4},{"damage":22,"enemies":"Slavers","floor":24,"turns":4},{"damage":14,"enemies":"Centurion and Healer","floor":25,"turns":7},{"damage":26,"enemies":"Gremlin Leader","floor":28,"turns":5},{"damage":0,"enemies":"Champ","floor":33,"turns":8},{"damage":1,"enemies":"Orb Walker","floor":35,"turns":3},{"damage":21,"enemies":"3 Darklings","floor":38,"turns":5},{"damage":0,"enemies":"Writhing Mass","floor":39,"turns":3},{"damage":5,"enemies":"Nemesis","floor":40,"turns":3},{"damage":28,"enemies":"Reptomancer","floor":42,"turns":4},{"damage":3,"enemies":"Transient","floor":47,"turns":6},{"damage":8,"enemies":"Sphere and 2 Shapes","floor":48,"turns":3},{"damage":38,"enemies":"Donu and Deca","floor":50,"turns":7},{"damage":85,"enemies":"Shield and Spear","floor":54,"turns":3}],"seed_played":"-5293876397406063919","potions_obtained":[{"floor":1,"key":"Strength Potion"},{"floor":2,"key":"Ancient Potion"},{"floor":6,"key":"LiquidBronze"},{"floor":19,"key":"Dexterity Potion"},{"floor":24,"key":"Block Potion"},{"floor":28,"key":"Fire Potion"},{"floor":39,"key":"SpeedPotion"},{"floor":42,"key":"Explosive Potion"},{"floor":47,"key":"Regen Potion"},{"floor":48,"key":"PowerPotion"}],"is_trial":false,"path_per_floor":["M","M","?","M","M","E","$","R","T","?","R","E","R","E","R","B",null,"M","M","M","M","?","R","E","M","T","?","E","?","R","$","R","B",null,"M","?","?","M","M","E","$","E","T","R","?","R","M","M","R","B",null,"R","$","E"],"character_chosen":"IRONCLAD","items_purchased":["Feel No Pain","Infernal Blade","Vajra","Deep Breath","Evolve"],"campfire_rested":4,"item_purchase_floors":[7,7,31,41,53],"current_hp_per_floor":[65,65,65,69,56,17,17,39,39,57,57,54,54,60,60,66,73,62,64,70,75,54,75,59,54,54,54,46,46,46,46,69,78,80,81,77,77,62,68,69,69,50,50,73,73,73,76,77,77,57,74,74,74,0],"gold":16,"neow_bonus":"ONE_RANDOM_RARE_CARD","is_prod":false,"is_daily":false,"chose_seed":false,"campfire_upgraded":6,"win_rate":0,"timestamp":1561041459,"path_taken":["M","M","?","M","M","E","?","R","T","?","R","E","R","E","R","BOSS","M","M","M","M","?","R","E","M","T","?","E","?","R","$","R","BOSS","M","?","?","?","M","E","$","E","T","R","?","R","M","M","R","BOSS","R","$","E"],"build_version":"2019-01-23","purchased_purges":1,"victory":false,"max_hp_per_floor":[75,75,75,75,75,75,75,75,75,75,75,75,75,75,75,75,75,75,75,75,75,75,75,75,78,78,78,78,78,78,78,78,81,81,81,77,77,77,77,77,74,77,77,77,77,77,77,80,80,80,80,80,80,80],"card_choices":[{"not_picked":["True Grit","Thunderclap"],"picked":"Disarm","floor":1},{"not_picked":["Wild Strike","Corruption","Twin Strike"],"picked":"SKIP","floor":2},{"not_picked":["Warcry","Anger"],"picked":"Shockwave","floor":4},{"not_picked":["Sword Boomerang","Fire Breathing"],"picked":"Iron Wave","floor":5},{"not_picked":["Second Wind","Offering"],"picked":"Uppercut","floor":6},{"not_picked":["Bloodletting","Hemokinesis"],"picked":"Shrug It Off","floor":12},{"not_picked":["Evolve","Clothesline","Body Slam"],"picked":"SKIP","floor":14},{"not_picked":["Berserk","Bludgeon"],"picked":"Immolate","floor":16},{"not_picked":["Uppercut","Anger"],"picked":"Disarm","floor":18},{"not_picked":["Heavy Blade+1","Sentinel"],"picked":"Inflame","floor":19},{"not_picked":["Shrug It Off+1","Sentinel"],"picked":"Inflame","floor":20},{"not_picked":["Searing Blow","Perfected Strike"],"picked":"True Grit","floor":21},{"not_picked":["Bloodletting","Headbutt"],"picked":"Feed","floor":24},{"not_picked":["Combust","Uppercut","Wild Strike"],"picked":"SKIP","floor":25},{"not_picked":["Power Through","Clash+1"],"picked":"Havoc+1","floor":28},{"not_picked":["Offering","Bludgeon"],"picked":"Dark Embrace","floor":33},{"not_picked":["Flex+1"],"picked":"SKIP","floor":35},{"not_picked":[],"picked":"Body Slam+1","floor":38},{"not_picked":["Perfected Strike+1"],"picked":"SKIP","floor":39},{"not_picked":["Power Through"],"picked":"SKIP","floor":40},{"not_picked":["Perfected Strike"],"picked":"SKIP","floor":42},{"not_picked":["Clothesline"],"picked":"SKIP","floor":47},{"not_picked":["Ghostly Armor"],"picked":"SKIP","floor":48}],"player_experience":1106705,"relics_obtained":[{"floor":6,"key":"Meat on the Bone"},{"floor":9,"key":"Pocketwatch"},{"floor":12,"key":"Turnip"},{"floor":14,"key":"Kunai"},{"floor":22,"key":"Necronomicon"},{"floor":24,"key":"Potion Belt"},{"floor":26,"key":"Ice Cream"},{"floor":28,"key":"StoneCalendar"},{"floor":40,"key":"Oddly Smooth Stone"},{"floor":42,"key":"Bag of Marbles"}],"event_choices":[{"damage_healed":0,"gold_gain":0,"player_choice":"Ignored","damage_taken":0,"max_hp_gain":0,"max_hp_loss":0,"event_name":"Liars Game","floor":3,"gold_loss":0},{"damage_healed":18,"gold_gain":0,"player_choice":"Healed","damage_taken":0,"max_hp_gain":0,"max_hp_loss":0,"event_name":"The Cleric","floor":10,"gold_loss":35},{"damage_healed":0,"gold_gain":0,"player_choice":"Obtained Book","damage_taken":21,"max_hp_gain":0,"max_hp_loss":0,"event_name":"Cursed Tome","floor":22,"gold_loss":0},{"cards_removed":["Strike_R"],"damage_healed":0,"gold_gain":0,"player_choice":"Gave Gold","damage_taken":0,"max_hp_gain":0,"max_hp_loss":0,"event_name":"Beggar","floor":27,"gold_loss":75},{"damage_healed":0,"gold_gain":0,"player_choice":"Ignored","damage_taken":0,"max_hp_gain":0,"max_hp_loss":0,"event_name":"Vampires","floor":29,"gold_loss":0},{"damage_healed":0,"gold_gain":0,"player_choice":"Max HP","damage_taken":0,"max_hp_gain":0,"max_hp_loss":4,"event_name":"Winding Halls","floor":36,"gold_loss":0},{"damage_healed":0,"gold_gain":0,"player_choice":"Ignored","damage_taken":0,"max_hp_gain":0,"max_hp_loss":0,"event_name":"Tomb of Lord Red Mask","floor":37,"gold_loss":0},{"damage_healed":0,"gold_gain":0,"player_choice":"Ignored","damage_taken":0,"max_hp_gain":0,"max_hp_loss":0,"event_name":"SecretPortal","floor":45,"gold_loss":0}],"is_beta":false,"boss_relics":[{"not_picked":["Eternal Feather","Philosopher\u0027s Stone"],"picked":"Velvet Choker"},{"not_picked":["Mark of Pain","Black Star"],"picked":"Busted Crown"}],"items_purged_floors":[41],"is_endless":false,"potions_floor_spawned":[1,2,6,12,19,20,21,24,28,39,42,47,48],"killed_by":"Shield and Spear","ascension_level":18}