{"gold_per_floor":[112,129,129,84,102,102,135,135,135,154,169,169,94,113,113,214,214,230,230,5,17,62,96,96,96,96,21,36,36,68,80,80,175,225,236,251,251,251,29,29,29],"floor_reached":41,"playtime":1701,"items_purged":["Strike_R","Strike_R"],"score":515,"play_id":"a1e05f80-4178-4840-915c-85eb1f1622ea","local_time":"20190617213933","is_ascension_mode":true,"campfire_choices":[{"data":"Bash","floor":6,"key":"SMITH"},{"data":"Shockwave","floor":8,"key":"SMITH"},{"data":"Disarm","floor":12,"key":"SMITH"},{"floor":15,"key":"REST"},{"floor":24,"key":"REST"},{"data":"Corruption","floor":29,"key":"SMITH"},{"data":"Disarm","floor":32,"key":"SMITH"},{"data":"Disarm","floor":40,"key":"SMITH"}],"neow_cost":"TEN_PERCENT_HP_LOSS","seed_source_timestamp":23048443949867,"circlet_count":0,"master_deck":["Defend_R+1","Defend_R+1","Defend_R","Defend_R","Bash+1","Hemokinesis","Metallicize","Shockwave+1","True Grit","Shrug It Off","Heavy Blade+1","Pommel Strike+1","Juggernaut","Disarm+1","Uppercut","Reaper+1","Disarm+1","Shrug It Off","Twin Strike+1","Corruption+1","Sentinel","Whirlwind","Limit Break","Metallicize","True Grit+1","Headbutt+1","Disarm+1"],"relics":["Burning Blood","Omamori","War Paint","Red Skull","Sozu","WarpedTongs","Bag of Preparation","Blood Vial","Whetstone","Singing Bowl","Tiny House","Lantern"],"potions_floor_usage":[10,23],"damage_taken":[{"damage":4,"enemies":"Cultist","floor":1,"turns":3},{"damage":5,"enemies":"Jaw Worm","floor":2,"turns":4},{"damage":3,"enemies":"Small Slimes","floor":5,"turns":3},{"damage":22,"enemies":"Lagavulin","floor":7,"turns":7},{"damage":15,"enemies":"Exordium Thugs","floor":10,"turns":4},{"damage":15,"enemies":"Looter","floor":11,"turns":4},{"damage":34,"enemies":"Gremlin Gang","floor":14,"turns":6},{"damage":18,"enemies":"The Guardian","floor":16,"turns":10},{"damage":6,"enemies":"Chosen","floor":18,"turns":5},{"damage":5,"enemies":"Shell Parasite","floor":21,"turns":8},{"damage":67,"enemies":"Gremlin Leader","floor":23,"turns":7},{"damage":5,"enemies":"Chosen and Byrds","floor":28,"turns":8},{"damage":23,"enemies":"Slavers","floor":30,"turns":5},{"damage":7,"enemies":"Shelled Parasite and Fungi","floor":31,"turns":5},{"damage":44,"enemies":"Collector","floor":33,"turns":9},{"damage":10,"enemies":"3 Shapes","floor":35,"turns":7},{"damage":37,"enemies":"3 Darklings","floor":36,"turns":5},{"damage":79,"enemies":"Reptomancer","floor":41,"turns":4}],"seed_played":"-5703868616924273703","potions_obtained":[{"floor":2,"key":"Fire Potion"},{"floor":7,"key":"SkillPotion"},{"floor":14,"key":"Explosive Potion"}],"is_trial":false,"path_per_floor":["M","M","T","$","M","R","E","R","T","M","M","R","$","M","R","B",null,"M","?","$","M","T","E","R","?","T","?","M","R","E","M","R","B",null,"M","M","?","?","$","R","E"],"character_chosen":"IRONCLAD","items_purchased":["Shrug It Off","Disarm","Shrug It Off","Disarm","Lantern"],"campfire_rested":2,"item_purchase_floors":[4,20,20,39,39],"current_hp_per_floor":[72,72,72,72,72,72,56,56,56,47,38,38,38,10,31,19,72,72,72,72,72,72,11,32,56,56,56,66,66,53,54,54,26,79,79,48,48,48,48,48,0],"gold":29,"neow_bonus":"TRANSFORM_TWO_CARDS","is_prod":false,"is_daily":false,"chose_seed":false,"campfire_upgraded":6,"win_rate":0,"timestamp":1560821973,"path_taken":["M","?","?","$","M","R","E","R","T","?","M","R","$","M","R","BOSS","M","?","?","M","?","E","R","?","T","?","M","R","E","M","R","BOSS","M","M","?","?","$","R","E"],"build_version":"2019-01-23","purchased_purges":2,"victory":false,"max_hp_per_floor":[72,72,72,72,72,72,72,72,72,72,72,72,72,72,72,72,72,72,72,72,72,72,72,72,72,72,72,72,72,74,74,74,74,79,79,79,75,75,75,75,75],"card_choices":[{"not_picked":["Body Slam","Evolve"],"picked":"Shockwave","floor":1},{"not_picked":["Evolve","Entrench"],"picked":"True Grit","floor":2},{"not_picked":["Perfected Strike","Sever Soul"],"picked":"Heavy Blade","floor":5},{"not_picked":["Wild Strike","Sword Boomerang"],"picked":"Pommel Strike","floor":7},{"not_picked":["Ghostly Armor","Combust"],"picked":"Juggernaut","floor":10},{"not_picked":["Twin Strike","Thunderclap"],"picked":"Disarm","floor":11},{"not_picked":["Rupture","Wild Strike"],"picked":"Uppercut","floor":14},{"not_picked":["Offering","Juggernaut"],"picked":"Reaper","floor":16},{"not_picked":["Seeing Red","Sever Soul","Anger"],"picked":"SKIP","floor":18},{"not_picked":["Shrug It Off","Burning Pact"],"picked":"Twin Strike+1","floor":21},{"not_picked":["Headbutt","Sword Boomerang+1"],"picked":"Corruption","floor":23},{"not_picked":["Heavy Blade","Pommel Strike"],"picked":"Sentinel","floor":28},{"not_picked":["Armaments","Searing Blow","Intimidate"],"picked":"Singing Bowl","floor":30},{"not_picked":["Headbutt","Evolve"],"picked":"Whirlwind","floor":31},{"not_picked":["Brutality","Dark Embrace"],"picked":"Limit Break","floor":33},{"not_picked":["Body Slam","Perfected Strike+1"],"picked":"Metallicize","floor":34},{"not_picked":["Anger","Clothesline+1"],"picked":"True Grit+1","floor":35},{"not_picked":["Uppercut","Sword Boomerang"],"picked":"Headbutt+1","floor":36}],"player_experience":136728,"relics_obtained":[{"floor":3,"key":"Omamori"},{"floor":7,"key":"War Paint"},{"floor":9,"key":"Red Skull"},{"floor":22,"key":"Bag of Preparation"},{"floor":23,"key":"Blood Vial"},{"floor":26,"key":"Whetstone"},{"floor":30,"key":"Singing Bowl"}],"event_choices":[{"damage_healed":0,"gold_gain":0,"player_choice":"Rummage","damage_taken":0,"relics_obtained":["WarpedTongs"],"max_hp_gain":0,"max_hp_loss":0,"event_name":"Accursed Blacksmith","floor":19,"gold_loss":0,"cards_obtained":["Pain"]},{"damage_healed":24,"gold_gain":0,"player_choice":"Heal","damage_taken":0,"max_hp_gain":0,"max_hp_loss":0,"event_name":"The Library","floor":25,"gold_loss":0},{"cards_removed":["Strike_R"],"damage_healed":0,"gold_gain":0,"player_choice":"Gave Gold","damage_taken":0,"max_hp_gain":0,"max_hp_loss":0,"event_name":"Beggar","floor":27,"gold_loss":75},{"damage_healed":0,"gold_gain":0,"player_choice":"Max HP","damage_taken":0,"max_hp_gain":0,"max_hp_loss":4,"event_name":"Winding Halls","floor":37,"gold_loss":0},{"damage_healed":0,"gold_gain":0,"player_choice":"0 cards matched","damage_taken":0,"max_hp_gain":0,"max_hp_loss":0,"event_name":"Match and Keep!","floor":38,"gold_loss":0,"cards_obtained":[]}],"is_beta":false,"boss_relics":[{"not_picked":["Runic Dome","Eternal Feather"],"picked":"Sozu"},{"not_picked":["Empty Cage","Black Blood"],"picked":"Tiny House"}],"items_purged_floors":[13,20],"is_endless":false,"potions_floor_spawned":[2,7,14,21,23,30,31,36],"killed_by":"Reptomancer","ascension_level":4}