{"gold_per_floor":[110,35,45,60,90,122,135,135,135,135,135,168,186,197,197,276,276,287,48,0,0,0,0,0,0,0,0,12,47,47,62,62,137,137,156,156,186,34,50,50,61,91,115,160,188,213,16,28,28,28],"floor_reached":51,"playtime":1983,"items_purged":["Pain"],"score":1279,"play_id":"8b7e7d8b-7245-4edf-a6df-fad91588599b","local_time":"20190624162328","is_ascension_mode":true,"campfire_choices":[{"floor":8,"key":"REST"},{"floor":11,"key":"REST"},{"floor":15,"key":"REST"},{"floor":23,"key":"REST"},{"data":"Mayhem","floor":25,"key":"SMITH"},{"data":"Transmutation","floor":27,"key":"SMITH"},{"data":"Noxious Fumes","floor":32,"key":"SMITH"},{"data":"Corpse Explosion","floor":40,"key":"SMITH"},{"data":"Neutralize","floor":49,"key":"SMITH"}],"neow_cost":"CURSE","seed_source_timestamp":275890134776300,"circlet_count":0,"master_deck":["AscendersBane","Survivor","Neutralize+1","Transmutation+1","Mayhem+1","Backstab","Bouncing Flask","Blur","Corpse Explosion+1","Dodge and Roll+1","Noxious Fumes+1","Adrenaline+1","Night Terror+1","Reflex+1","Catalyst+1","Backstab","Die Die Die","Adrenaline+1","Prepared+1","Escape Plan+1","Deadly Poison+1","Caltrops","PiercingWail+1","Bandage Up+1","Infinite Blades+1","Deadly Poison+1","Adrenaline+1","Deadly Poison+1","PiercingWail+1","Parasite","Finisher+1","Backflip+1","Dagger Throw+1","Crippling Poison+1","Blur+1"],"relics":["Ring of the Snake","Anchor","Toxic Egg 2","StoneCalendar","Pandora\u0027s Box","Happy Flower","Ornamental Fan","Mercury Hourglass","Lizard Tail","Tiny Chest","Bag of Preparation","Pantograph","Juzu Bracelet","Tingsha","Smiling Mask","Ancient Tea Set","Lee\u0027s Waffle"],"potions_floor_usage":[6,16,16,33,45],"damage_taken":[{"damage":13,"enemies":"Cultist","floor":1,"turns":7},{"damage":1,"enemies":"2 Louse","floor":3,"turns":3},{"damage":5,"enemies":"Small Slimes","floor":4,"turns":3},{"damage":1,"enemies":"Exordium Wildlife","floor":5,"turns":6},{"damage":31,"enemies":"Lagavulin","floor":6,"turns":7},{"damage":1,"enemies":"3 Louse","floor":7,"turns":3},{"damage":7,"enemies":"3 Sentries","floor":12,"turns":3},{"damage":7,"enemies":"Blue Slaver","floor":13,"turns":6},{"damage":0,"enemies":"Exordium Wildlife","floor":14,"turns":3},{"damage":35,"enemies":"The Guardian","floor":16,"turns":9},{"damage":17,"enemies":"Spheric Guardian","floor":18,"turns":5},{"damage":0,"enemies":"2 Thieves","floor":28,"turns":4},{"damage":27,"enemies":"Slavers","floor":29,"turns":3},{"damage":0,"enemies":"Snake Plant","floor":31,"turns":2},{"damage":24,"enemies":"Automaton","floor":33,"turns":7},{"damage":4,"enemies":"Orb Walker","floor":35,"turns":3},{"damage":0,"enemies":"3 Shapes","floor":39,"turns":2},{"damage":9,"enemies":"Writhing Mass","floor":41,"turns":4},{"damage":4,"enemies":"Reptomancer","floor":42,"turns":4},{"damage":41,"enemies":"2 Orb Walkers","floor":44,"turns":4},{"damage":27,"enemies":"Nemesis","floor":45,"turns":3},{"damage":13,"enemies":"Maw","floor":48,"turns":4},{"damage":53,"enemies":"Donu and Deca","floor":50,"turns":7}],"seed_played":"-2499842808302006396","potions_obtained":[{"floor":1,"key":"Strength Potion"},{"floor":6,"key":"FairyPotion"},{"floor":12,"key":"FearPotion"},{"floor":13,"key":"Poison Potion"},{"floor":28,"key":"FairyPotion"},{"floor":31,"key":"Fruit Juice"},{"floor":39,"key":"Regen Potion"}],"is_trial":false,"path_per_floor":["M","$","M","M","M","E","M","R","T","?","R","E","M","M","R","B",null,"M","$","?","$","?","R","$","R","T","R","M","E","?","M","R","B",null,"M","?","T","$","M","R","M","E","T","?","E","T","$","M","R","B",null],"character_chosen":"THE_SILENT","items_purchased":["Happy Flower","Bandage Up+1","Bag of Preparation","Lee\u0027s Waffle"],"campfire_rested":4,"item_purchase_floors":[19,19,38,47],"current_hp_per_floor":[46,46,45,40,39,8,7,26,26,26,45,38,31,31,50,15,53,36,36,36,36,36,55,55,55,55,55,61,39,61,61,61,47,65,67,67,67,67,71,71,68,67,67,32,23,23,78,65,65,31],"gold":28,"neow_bonus":"RANDOM_COLORLESS_2","is_prod":false,"is_daily":false,"chose_seed":false,"campfire_upgraded":5,"win_rate":0,"timestamp":1561407808,"path_taken":["M","?","?","M","M","E","M","R","T","?","R","E","M","M","R","BOSS","M","$","?","$","?","R","?","R","T","R","M","E","?","M","R","BOSS","M","?","?","$","M","R","?","E","T","?","E","?","$","M","R","BOSS"],"build_version":"2019-01-23","purchased_purges":1,"victory":true,"max_hp_per_floor":[66,66,66,66,66,66,66,66,66,66,66,66,66,66,66,66,66,66,66,66,66,66,66,66,66,66,66,66,66,66,66,66,71,71,71,71,71,71,71,71,71,71,71,71,71,71,78,78,78,78],"card_choices":[{"not_picked":["Blur","Backflip"],"picked":"Backstab","floor":1},{"not_picked":["Acrobatics","Backstab"],"picked":"Bouncing Flask","floor":3},{"not_picked":["Cloak And Dagger","Finisher"],"picked":"Blur","floor":4},{"not_picked":["Bane","Underhanded Strike"],"picked":"Caltrops","floor":5},{"not_picked":["Endless Agony","Tactician","Dodge and Roll"],"picked":"SKIP","floor":6},{"not_picked":["PiercingWail","Dodge and Roll"],"picked":"Corpse Explosion","floor":7},{"not_picked":["Dagger Spray","Underhanded Strike"],"picked":"Dodge and Roll+1","floor":12},{"not_picked":["Flying Knee","Dagger Spray"],"picked":"Noxious Fumes","floor":13},{"not_picked":["Concentrate+1","Masterful Stab"],"picked":"Adrenaline+1","floor":14},{"not_picked":["Unload","Glass Knife"],"picked":"Night Terror+1","floor":16},{"not_picked":["Sucker Punch","Flying Knee"],"picked":"PiercingWail+1","floor":18},{"not_picked":["Quick Slash","Sucker Punch","Blade Dance+1"],"picked":"SKIP","floor":28},{"not_picked":["Flying Knee","Dash"],"picked":"Infinite Blades+1","floor":29},{"not_picked":["Riddle With Holes","Calculated Gamble+1"],"picked":"Deadly Poison+1","floor":31},{"not_picked":["Envenom","Wraith Form v2"],"picked":"Adrenaline+1","floor":33},{"not_picked":["Infinite Blades","Flechettes+1"],"picked":"Deadly Poison+1","floor":35},{"not_picked":["Footwork","Reflex+1"],"picked":"PiercingWail+1","floor":39},{"not_picked":["Blade Dance+1","Poisoned Stab"],"picked":"Finisher+1","floor":41},{"not_picked":["Bane+1","Blade Dance+1"],"picked":"Backflip+1","floor":42},{"not_picked":["Outmaneuver+1","Eviscerate+1"],"picked":"Dagger Throw+1","floor":44},{"not_picked":["Underhanded Strike","Terror+1"],"picked":"Crippling Poison+1","floor":45},{"not_picked":["Quick Slash","Leg Sweep+1"],"picked":"Blur+1","floor":48}],"player_experience":1349893,"relics_obtained":[{"floor":6,"key":"Anchor"},{"floor":9,"key":"Toxic Egg 2"},{"floor":12,"key":"StoneCalendar"},{"floor":26,"key":"Ornamental Fan"},{"floor":29,"key":"Mercury Hourglass"},{"floor":37,"key":"Tiny Chest"},{"floor":42,"key":"Pantograph"},{"floor":43,"key":"Juzu Bracelet"},{"floor":44,"key":"Tingsha"},{"floor":45,"key":"Smiling Mask"},{"floor":46,"key":"Ancient Tea Set"}],"event_choices":[{"cards_removed":["Strike_G"],"damage_healed":0,"gold_gain":0,"player_choice":"Forget","damage_taken":0,"max_hp_gain":0,"max_hp_loss":0,"event_name":"Living Wall","floor":10,"gold_loss":0},{"damage_healed":0,"gold_gain":0,"player_choice":"Paid Fearfully","damage_taken":0,"max_hp_gain":0,"max_hp_loss":0,"event_name":"Masked Bandits","floor":20,"gold_loss":48},{"damage_healed":0,"gold_gain":0,"player_choice":"Ignored","damage_taken":0,"max_hp_gain":0,"max_hp_loss":0,"event_name":"Cursed Tome","floor":22,"gold_loss":0},{"damage_healed":22,"gold_gain":0,"player_choice":"Heal","damage_taken":0,"max_hp_gain":0,"max_hp_loss":0,"event_name":"The Library","floor":30,"gold_loss":0},{"cards_removed":["Caltrops"],"damage_healed":0,"gold_gain":0,"player_choice":"Removed Power","damage_taken":0,"max_hp_gain":0,"max_hp_loss":0,"event_name":"Falling","floor":36,"gold_loss":0},{"damage_healed":0,"gold_gain":0,"player_choice":"Fight","damage_taken":0,"max_hp_gain":0,"max_hp_loss":0,"event_name":"Mysterious Sphere","floor":44,"gold_loss":0}],"is_beta":false,"boss_relics":[{"not_picked":["White Beast Statue","Snecko Eye"],"picked":"Pandora\u0027s Box"},{"not_picked":["Runic Dome","Tiny House"],"picked":"Lizard Tail"}],"items_purged_floors":[2],"is_endless":false,"potions_floor_spawned":[1,6,12,13,14,28,31,39,41,42,44],"ascension_level":14}