{"gold_per_floor":[113,113,133,133,144,144,159,193,193,223,239,239,259,269,269,369,369,385,405,25,25,0,0,30,30,30,30,30,30,48,64,64,163,163,173,192,207,222,237,237,264,264,264,30,30,30],"floor_reached":47,"playtime":1953,"items_purged":["Strike_R"],"score":814,"play_id":"de61b0c4-555f-43a9-9baf-02b0ae284b8f","local_time":"20190610175405","is_ascension_mode":true,"campfire_choices":[{"data":"Bash","floor":6,"key":"SMITH"},{"data":"Whirlwind","floor":12,"key":"SMITH"},{"data":"Clothesline","floor":15,"key":"SMITH"},{"data":"Fiend Fire","floor":23,"key":"SMITH"},{"data":"Inflame","floor":25,"key":"SMITH"},{"data":"Shrug It Off","floor":27,"key":"SMITH"},{"data":"Sword Boomerang","floor":32,"key":"SMITH"},{"data":"Heavy Blade","floor":40,"key":"SMITH"},{"data":"Demon Form","floor":42,"key":"SMITH"}],"neow_cost":"NONE","seed_source_timestamp":93334291847802,"circlet_count":0,"master_deck":["Strike_R+1","Strike_R","Defend_R","Defend_R+1","Defend_R","Defend_R","Bash+1","Shrug It Off+1","Iron Wave","Clothesline+1","Whirlwind+1","True Grit+1","Sword Boomerang+1","Limit Break+1","Battle Trance+1","Fiend Fire+1","Pommel Strike+1","Inflame+1","Writhe","Havoc+1","Barricade","Flame Barrier+1","Heavy Blade+1","Shrug It Off+1","Demon Form+1","Armaments+1"],"relics":["Coffee Dripper","Toxic Egg 2","PreservedInsect","Kunai","Boot","Empty Cage","Pantograph","Pear","Ancient Tea Set","Anchor","Bottled Flame","Runic Pyramid","Bag of Preparation","The Courier","Membership Card","Orichalcum"],"potions_floor_usage":[16,16,16,24,33,38,41,41,46,46],"damage_taken":[{"damage":11,"enemies":"Small Slimes","floor":1,"turns":3},{"damage":7,"enemies":"Jaw Worm","floor":3,"turns":3},{"damage":0,"enemies":"Cultist","floor":5,"turns":3},{"damage":11,"enemies":"Exordium Wildlife","floor":7,"turns":4},{"damage":14,"enemies":"Lagavulin","floor":8,"turns":6},{"damage":0,"enemies":"Gremlin Nob","floor":10,"turns":3},{"damage":15,"enemies":"2 Fungi Beasts","floor":11,"turns":3},{"damage":0,"enemies":"Blue Slaver","floor":13,"turns":3},{"damage":0,"enemies":"Exordium Thugs","floor":14,"turns":4},{"damage":3,"enemies":"Slime Boss","floor":16,"turns":7},{"damage":1,"enemies":"3 Byrds","floor":18,"turns":3},{"damage":4,"enemies":"Shell Parasite","floor":19,"turns":3},{"damage":17,"enemies":"Shelled Parasite and Fungi","floor":21,"turns":7},{"damage":16,"enemies":"Book of Stabbing","floor":24,"turns":2},{"damage":2,"enemies":"Cultist and Chosen","floor":30,"turns":3},{"damage":0,"enemies":"Sentry and Sphere","floor":31,"turns":3},{"damage":36,"enemies":"Automaton","floor":33,"turns":9},{"damage":1,"enemies":"Orb Walker","floor":35,"turns":2},{"damage":9,"enemies":"3 Shapes","floor":36,"turns":5},{"damage":0,"enemies":"Spire Growth","floor":37,"turns":4},{"damage":12,"enemies":"Transient","floor":38,"turns":5},{"damage":3,"enemies":"Maw","floor":39,"turns":4},{"damage":39,"enemies":"Reptomancer","floor":41,"turns":6},{"damage":38,"enemies":"Time Eater","floor":46,"turns":6}],"seed_played":"-6175187073462351690","potions_obtained":[{"floor":1,"key":"Strength Potion"},{"floor":7,"key":"FearPotion"},{"floor":10,"key":"Strength Potion"},{"floor":19,"key":"FearPotion"},{"floor":24,"key":"SteroidPotion"},{"floor":30,"key":"Energy Potion"},{"floor":35,"key":"Regen Potion"},{"floor":38,"key":"Block Potion"},{"floor":41,"key":"FearPotion"}],"is_trial":false,"path_per_floor":["M","?","M","T","M","R","M","E","T","E","M","R","M","M","R","B",null,"M","M","$","M","?","R","E","R","T","R","?","T","M","M","R","B",null,"M","M","M","M","M","R","E","R","T","$","?","B",null],"character_chosen":"IRONCLAD","items_purchased":["Pantograph","Weak Potion","Membership Card","Armaments+1","Orichalcum"],"campfire_rested":0,"item_purchase_floors":[20,20,44,44,44],"current_hp_per_floor":[69,53,46,46,46,46,35,21,21,21,6,6,6,6,6,3,80,79,75,75,58,58,58,52,52,52,52,52,52,50,50,50,39,90,89,80,80,68,65,65,26,26,26,26,26,25],"gold":30,"neow_bonus":"BOSS_RELIC","is_prod":false,"is_daily":false,"chose_seed":false,"campfire_upgraded":9,"win_rate":0,"timestamp":1560203645,"path_taken":["M","?","M","?","M","R","M","E","T","E","M","R","?","M","R","BOSS","M","M","$","M","?","R","E","R","T","R","?","?","M","?","R","BOSS","M","M","M","?","M","R","E","R","T","$","?","BOSS"],"build_version":"2019-01-23","purchased_purges":1,"victory":true,"max_hp_per_floor":[80,80,80,80,80,80,80,80,80,80,80,80,80,80,80,80,80,80,80,80,80,80,80,90,90,90,90,90,90,90,90,90,90,90,90,90,90,90,90,90,90,90,90,90,90,90],"card_choices":[{"not_picked":["Combust","Flex"],"picked":"Shrug It Off","floor":1},{"not_picked":["Sentinel","Havoc"],"picked":"Iron Wave","floor":3},{"not_picked":["Heavy Blade","Havoc+1"],"picked":"Clothesline","floor":5},{"not_picked":["Armaments+1","Perfected Strike"],"picked":"Whirlwind","floor":7},{"not_picked":["Flex+1","Pommel Strike"],"picked":"True Grit+1","floor":8},{"not_picked":["Fire Breathing","Dual Wield+1"],"picked":"Sword Boomerang","floor":10},{"not_picked":["Clash","Dual Wield+1"],"picked":"Limit Break+1","floor":11},{"not_picked":["Warcry+1","Shockwave+1"],"picked":"Battle Trance+1","floor":13},{"not_picked":["Thunderclap","Blood for Blood","Flex+1"],"picked":"SKIP","floor":14},{"not_picked":["Bludgeon","Dark Embrace"],"picked":"Fiend Fire","floor":16},{"not_picked":["Wild Strike","Searing Blow","Blood for Blood+1"],"picked":"SKIP","floor":18},{"not_picked":["True Grit+1","Havoc+1"],"picked":"Pommel Strike+1","floor":19},{"not_picked":["Double Tap+1","Sword Boomerang","Havoc+1"],"picked":"SKIP","floor":21},{"not_picked":["Carnage+1","Clothesline"],"picked":"Inflame","floor":24},{"not_picked":["Carnage","Sever Soul","Body Slam+1"],"picked":"SKIP","floor":30},{"not_picked":["Clothesline","Second Wind+1"],"picked":"Havoc+1","floor":31},{"not_picked":["Brutality","Feed"],"picked":"Barricade","floor":33},{"not_picked":["Dropkick","Iron Wave"],"picked":"Flame Barrier+1","floor":35},{"not_picked":["Anger+1","Headbutt+1"],"picked":"Heavy Blade","floor":36},{"not_picked":["Headbutt+1","Clash+1","Rage+1"],"picked":"SKIP","floor":37},{"not_picked":["Flame Barrier+1","Havoc+1","Clothesline+1"],"picked":"SKIP","floor":38},{"not_picked":["Headbutt","Wild Strike"],"picked":"Shrug It Off+1","floor":39},{"not_picked":["Twin Strike+1","Whirlwind+1"],"picked":"Demon Form","floor":41}],"player_experience":125084,"relics_obtained":[{"floor":4,"key":"Toxic Egg 2"},{"floor":8,"key":"PreservedInsect"},{"floor":9,"key":"Kunai"},{"floor":10,"key":"Boot"},{"floor":24,"key":"Pear"},{"floor":26,"key":"Ancient Tea Set"},{"floor":29,"key":"Bottled Flame"},{"floor":41,"key":"Bag of Preparation"},{"floor":43,"key":"The Courier"}],"event_choices":[{"damage_healed":0,"gold_gain":0,"player_choice":"Entered Light","damage_taken":16,"max_hp_gain":0,"max_hp_loss":0,"event_name":"Shining Light","floor":2,"gold_loss":0,"cards_upgraded":["Defend_R","Strike_R"]},{"damage_healed":0,"gold_gain":0,"player_choice":"Paid Fearfully","damage_taken":0,"max_hp_gain":0,"max_hp_loss":0,"event_name":"Masked Bandits","floor":22,"gold_loss":25},{"damage_healed":0,"gold_gain":0,"player_choice":"Opened","damage_taken":0,"relics_obtained":["Anchor"],"max_hp_gain":0,"max_hp_loss":0,"event_name":"The Mausoleum","floor":28,"gold_loss":0,"cards_obtained":["Writhe"]},{"damage_healed":0,"gold_gain":0,"player_choice":"Took Portal","damage_taken":0,"max_hp_gain":0,"max_hp_loss":0,"event_name":"SecretPortal","floor":45,"gold_loss":0}],"is_beta":false,"boss_relics":[{"not_picked":["Black Star","Velvet Choker"],"picked":"Empty Cage"},{"not_picked":["Mark of Pain","White Beast Statue"],"picked":"Runic Pyramid"}],"items_purged_floors":[20],"is_endless":false,"potions_floor_spawned":[1,7,10,19,24,30,35,36,38,41],"ascension_level":3}