{"gold_per_floor":[117,131,131,131,57,92,92,136,136,180,180],"floor_reached":11,"playtime":451,"items_purged":[],"score":143,"play_id":"0cbee8ab-991e-4eaf-b514-b15f21cac3f7","local_time":"20190621234923","is_ascension_mode":true,"campfire_choices":[{"data":"Noxious Fumes","floor":7,"key":"SMITH"}],"neow_cost":"NONE","seed_source_timestamp":55453443168048,"circlet_count":0,"master_deck":["Defend_G","Defend_G","Defend_G+1","Defend_G","Defend_G","Strike_G+1","Strike_G+1","Strike_G","Strike_G","Strike_G+1","Survivor","Neutralize","Blade Dance","Noxious Fumes+1","Dash","Prepared","Tools of the Trade","Dodge and Roll"],"relics":["Ring of the Snake","NeowsBlessing","Golden Idol","Mummified Hand","Question Card","Snake Skull","Whetstone"],"potions_floor_usage":[8,10],"damage_taken":[{"damage":0,"enemies":"Cultist","floor":1,"turns":1},{"damage":0,"enemies":"Jaw Worm","floor":2,"turns":1},{"damage":0,"enemies":"Lagavulin","floor":6,"turns":1},{"damage":40,"enemies":"Gremlin Nob","floor":8,"turns":5},{"damage":9,"enemies":"Lagavulin","floor":10,"turns":7},{"damage":4,"enemies":"Small Slimes","floor":11,"turns":3}],"seed_played":"-376875778808367122","potions_obtained":[{"floor":1,"key":"Regen Potion"},{"floor":6,"key":"GhostInAJar"}],"is_trial":false,"path_per_floor":["M","M","?","?","$","E","R","E","T","E","M"],"character_chosen":"THE_SILENT","items_purchased":["Dash"],"campfire_rested":0,"item_purchase_floors":[5],"current_hp_per_floor":[70,70,56,39,39,39,39,13,13,4,0],"gold":180,"neow_bonus":"THREE_ENEMY_KILL","is_prod":false,"is_daily":false,"chose_seed":false,"campfire_upgraded":1,"win_rate":0,"timestamp":1561175363,"path_taken":["M","M","?","?","?","E","R","E","T","E","M"],"build_version":"2019-01-23","purchased_purges":0,"victory":false,"max_hp_per_floor":[70,70,70,70,70,70,70,70,70,70,70],"card_choices":[{"not_picked":["Expertise","Eviscerate"],"picked":"Blade Dance","floor":1},{"not_picked":["Predator","Cloak And Dagger"],"picked":"Noxious Fumes","floor":2},{"not_picked":["Outmaneuver","All Out Attack"],"picked":"Prepared","floor":6},{"not_picked":["Terror","Endless Agony"],"picked":"Tools of the Trade","floor":8},{"not_picked":["Outmaneuver","Bane","Prepared"],"picked":"Dodge and Roll","floor":10}],"player_experience":317783,"relics_obtained":[{"floor":6,"key":"Mummified Hand"},{"floor":8,"key":"Question Card"},{"floor":9,"key":"Snake Skull"},{"floor":10,"key":"Whetstone"}],"event_choices":[{"damage_healed":0,"gold_gain":0,"player_choice":"Entered Light","damage_taken":14,"max_hp_gain":0,"max_hp_loss":0,"event_name":"Shining Light","floor":3,"gold_loss":0,"cards_upgraded":["Defend_G","Strike_G"]},{"damage_healed":0,"gold_gain":0,"player_choice":"Take Damage","damage_taken":17,"relics_obtained":["Golden Idol"],"max_hp_gain":0,"max_hp_loss":0,"event_name":"Golden Idol","floor":4,"gold_loss":0}],"is_beta":false,"boss_relics":[],"items_purged_floors":[],"is_endless":false,"potions_floor_spawned":[1,6],"killed_by":"Small Slimes","ascension_level":5}