{"gold_per_floor":[16,30,50,63,163,163,194,194,221,232,243,263,294,313,313,390,390,406,243,243,256,270,270,235,251,251,268,268,294,294,310,310,310],"floor_reached":33,"playtime":2603,"items_purged":[],"score":481,"play_id":"9d51709f-cb3f-4595-a4c0-03439eed6759","local_time":"20190621191128","is_ascension_mode":true,"campfire_choices":[{"data":"Noxious Fumes","floor":6.0,"key":"SMITH"},{"floor":8.0,"key":"REST"},{"floor":15,"key":"REST"},{"floor":23,"key":"REST"},{"floor":28,"key":"REST"},{"floor":32,"key":"REST"}],"neow_cost":"NO_GOLD","seed_source_timestamp":0,"circlet_count":0,"master_deck":["AscendersBane","Defend_G+1","Defend_G+1","Defend_G+1","Defend_G+1","Defend_G+1","Strike_G+1","Strike_G+1","Strike_G+1","Survivor","Neutralize","Noxious Fumes+1","Quick Slash","Deadly Poison","Flying Knee","Deflect","Sucker Punch","Envenom","Bullet Time","Catalyst","Poisoned Stab","Choke+1"],"special_seed":0,"relics":["Ring of the Snake","Art of War","Vajra","Centennial Puzzle","Busted Crown","Boot","Question Card"],"potions_floor_usage":[13,18,29,29,33],"damage_taken":[{"damage":0.0,"enemies":"Small Slimes","floor":1.0,"turns":5.0},{"damage":1.0,"enemies":"Cultist","floor":2.0,"turns":4.0},{"damage":6.0,"enemies":"Jaw Worm","floor":3.0,"turns":4.0},{"damage":6.0,"enemies":"2 Fungi Beasts","floor":4.0,"turns":5.0},{"damage":22.0,"enemies":"Gremlin Nob","floor":7.0,"turns":4.0},{"damage":0.0,"enemies":"Blue Slaver","floor":10.0,"turns":5.0},{"damage":17.0,"enemies":"Gremlin Gang","floor":11.0,"turns":4.0},{"damage":0,"enemies":"2 Fungi Beasts","floor":12,"turns":3},{"damage":17,"enemies":"3 Sentries","floor":13,"turns":7},{"damage":8,"enemies":"3 Louse","floor":14,"turns":4},{"damage":7,"enemies":"Hexaghost","floor":16,"turns":9},{"damage":5,"enemies":"Spheric Guardian","floor":18,"turns":4},{"damage":17,"enemies":"Shell Parasite","floor":21,"turns":5},{"damage":12,"enemies":"Snake Plant","floor":22,"turns":5},{"damage":9,"enemies":"Sentry and Sphere","floor":25,"turns":5},{"damage":12,"enemies":"Centurion and Healer","floor":27,"turns":6},{"damage":31,"enemies":"Slavers","floor":29,"turns":6},{"damage":4,"enemies":"Snake Plant","floor":31,"turns":4},{"damage":40,"enemies":"Collector","floor":33,"turns":6}],"seed_played":"1169690634692569839","potions_obtained":[{"floor":1.0,"key":"Regen Potion"},{"floor":3.0,"key":"Poison Potion"},{"floor":11.0,"key":"GamblersBrew"},{"floor":13,"key":"Dexterity Potion"},{"floor":18,"key":"PowerPotion"},{"floor":29,"key":"Dexterity Potion"}],"is_trial":false,"path_per_floor":["M","M","M","M","?","R","E","R","T","M","M","M","E","M","R","B",null,"M","$","?","M","M","R","$","M","T","M","R","E","$","M","R","B"],"character_chosen":"THE_SILENT","items_purchased":["Bullet Time","Catalyst"],"campfire_rested":5,"item_purchase_floors":[19,24],"current_hp_per_floor":[59,58,52,46,46,46,24,43,43,43,26,26,24,16,35,28,57,52,52,52,35,23,42,42,33,33,21,40,9,9,5,24,0],"gold":310,"neow_bonus":"TRANSFORM_TWO_CARDS","is_prod":false,"is_daily":false,"chose_seed":false,"campfire_upgraded":1,"win_rate":0,"timestamp":1561155088,"path_taken":["M","M","M","M","?","R","E","R","T","M","?","M","E","M","R","BOSS","M","$","?","M","M","R","$","M","T","M","R","E","$","M","R","BOSS"],"build_version":"2019-01-23","purchased_purges":0,"victory":false,"max_hp_per_floor":[66,66,66,66,66,66,66,66,66,66,66,66,66,66,66,66,66,66,66,66,66,66,66,66,66,66,66,66,66,66,66,66,66],"card_choices":[{"not_picked":["Flechettes","Underhanded Strike","Bouncing Flask"],"picked":"SKIP","floor":1.0},{"not_picked":["Dagger Spray","Prepared"],"picked":"Deadly Poison","floor":2.0},{"not_picked":["Underhanded Strike","Die Die Die","Flying Knee"],"picked":"SKIP","floor":3.0},{"not_picked":["Cloak And Dagger","Prepared","Deadly Poison"],"picked":"SKIP","floor":4.0},{"not_picked":["Bouncing Flask","Infinite Blades","Flying Knee"],"picked":"SKIP","floor":7.0},{"not_picked":["Distraction","Poisoned Stab"],"picked":"Flying Knee","floor":10.0},{"not_picked":["Infinite Blades","Underhanded Strike","Dodge and Roll"],"picked":"SKIP","floor":11.0},{"not_picked":["Dagger Throw","Deadly Poison","Poisoned Stab"],"picked":"SKIP","floor":12},{"not_picked":["Slice","Dagger Spray"],"picked":"Deflect","floor":13},{"not_picked":["Infinite Blades","Endless Agony"],"picked":"Sucker Punch","floor":14},{"not_picked":["Die Die Die","Unload"],"picked":"Envenom","floor":16},{"not_picked":["Dagger Throw"],"picked":"SKIP","floor":18},{"not_picked":["Deadly Poison"],"picked":"SKIP","floor":21},{"not_picked":["Dodge and Roll"],"picked":"SKIP","floor":22},{"not_picked":["Riddle With Holes"],"picked":"SKIP","floor":25},{"not_picked":[],"picked":"Poisoned Stab","floor":27},{"not_picked":[],"picked":"Choke+1","floor":29},{"not_picked":["PiercingWail+1","Dagger Throw+1"],"picked":"SKIP","floor":31}],"player_experience":1126144,"relics_obtained":[{"floor":7.0,"key":"Art of War"},{"floor":9.0,"key":"Vajra"},{"floor":13,"key":"Centennial Puzzle"},{"floor":26,"key":"Boot"},{"floor":29,"key":"Question Card"}],"event_choices":[{"damage_healed":0.0,"max_hp_gain":0.0,"max_hp_loss":0.0,"gold_gain":100.0,"event_name":"Golden Shrine","player_choice":"Pray","floor":5.0,"gold_loss":0.0,"damage_taken":0.0},{"damage_healed":0,"gold_gain":0,"player_choice":"Simplicity","damage_taken":0,"max_hp_gain":0,"max_hp_loss":0,"event_name":"Back to Basics","floor":20,"gold_loss":0,"cards_upgraded":["Defend_G","Defend_G","Defend_G","Defend_G","Defend_G","Strike_G","Strike_G","Strike_G"]}],"is_beta":false,"boss_relics":[{"not_picked":["Eternal Feather","Velvet Choker"],"picked":"Busted Crown"}],"items_purged_floors":[],"is_endless":false,"potions_floor_spawned":[1,3,11,13,18,27,29],"killed_by":"Collector","ascension_level":14}