{"gold_per_floor":[117,45,55,130,145,145,157,157,157,107,141,157,168,196,196,196],"floor_reached":16,"playtime":800,"items_purged":[],"score":158,"play_id":"dcbce086-e15f-4946-a93d-a4714bec58aa","local_time":"20190623135554","is_ascension_mode":true,"campfire_choices":[{"floor":6,"key":"REST"},{"data":"Backstab","floor":8,"key":"SMITH"},{"floor":15,"key":"REST"}],"neow_cost":"NONE","seed_source_timestamp":181841151255800,"circlet_count":0,"master_deck":["AscendersBane","Defend_G","Defend_G","Defend_G","Defend_G","Defend_G","Strike_G","Strike_G","Strike_G","Strike_G","Survivor","Neutralize","Backflip","Backstab","Expertise","Well Laid Plans","Backstab+1","Calculated Gamble","Backflip","Prepared"],"relics":["Lizard Tail","Letter Opener","Paper Crane","Odd Mushroom"],"potions_floor_usage":[11,13,16],"damage_taken":[{"damage":16,"enemies":"Jaw Worm","floor":1,"turns":7},{"damage":4,"enemies":"2 Louse","floor":3,"turns":3},{"damage":0,"enemies":"Small Slimes","floor":5,"turns":6},{"damage":9,"enemies":"Looter","floor":7,"turns":4},{"damage":4,"enemies":"3 Sentries","floor":11,"turns":9},{"damage":3,"enemies":"3 Louse","floor":12,"turns":2},{"damage":0,"enemies":"Gremlin Gang","floor":13,"turns":4},{"damage":0,"enemies":"The Mushroom Lair","floor":14,"turns":4},{"damage":95,"enemies":"Hexaghost","floor":16,"turns":16}],"seed_played":"299412470794051689","potions_obtained":[{"floor":7,"key":"SteroidPotion"},{"floor":11,"key":"Swift Potion"},{"floor":14,"key":"EssenceOfSteel"}],"is_trial":false,"path_per_floor":["M","$","M","?","M","R","M","R","T","?","E","M","M","?","R","B"],"character_chosen":"THE_SILENT","items_purchased":["Backstab"],"campfire_rested":2,"item_purchase_floors":[2],"current_hp_per_floor":[47,47,43,32,32,53,44,44,44,44,40,37,37,37,58,0],"gold":196,"neow_bonus":"BOSS_RELIC","is_prod":false,"is_daily":false,"chose_seed":false,"campfire_upgraded":1,"win_rate":0,"timestamp":1561312554,"path_taken":["M","$","M","?","M","R","M","R","T","?","E","M","M","?","R","BOSS"],"build_version":"2019-01-23","purchased_purges":0,"victory":false,"max_hp_per_floor":[70,70,70,70,70,70,70,70,70,70,70,70,70,70,70,70],"card_choices":[{"not_picked":["Poisoned Stab","Tactician"],"picked":"Backflip","floor":1},{"not_picked":["Underhanded Strike","Setup"],"picked":"Expertise","floor":3},{"not_picked":["Bane","Setup"],"picked":"Well Laid Plans","floor":5},{"not_picked":["Catalyst","Dagger Throw"],"picked":"Backstab","floor":7},{"not_picked":["Phantasmal Killer","Finisher"],"picked":"Calculated Gamble","floor":11},{"not_picked":["Dagger Throw","Cloak And Dagger"],"picked":"Backflip","floor":12},{"not_picked":["Quick Slash","Setup"],"picked":"Prepared","floor":13}],"player_experience":1328024,"relics_obtained":[{"floor":9,"key":"Letter Opener"},{"floor":11,"key":"Paper Crane"},{"floor":14,"key":"Odd Mushroom"}],"event_choices":[{"damage_healed":0,"gold_gain":75,"player_choice":"Gather Gold","damage_taken":11,"max_hp_gain":0,"max_hp_loss":0,"event_name":"World of Goop","floor":4,"gold_loss":0},{"cards_removed":["Strike_G"],"damage_healed":0,"gold_gain":0,"player_choice":"Card Removal","damage_taken":0,"max_hp_gain":0,"max_hp_loss":0,"event_name":"The Cleric","floor":10,"gold_loss":50},{"damage_healed":0,"gold_gain":0,"player_choice":"Fought Mushrooms","damage_taken":0,"max_hp_gain":0,"max_hp_loss":0,"event_name":"Mushrooms","floor":14,"gold_loss":0}],"is_beta":false,"boss_relics":[],"items_purged_floors":[],"is_endless":false,"potions_floor_spawned":[7,11,14],"killed_by":"Hexaghost","ascension_level":11}