{"gold_per_floor":[111,111,111,124,196,196,227,227,227,256,319,27,27,37,37,139,139],"floor_reached":17,"playtime":1434,"items_purged":[],"score":211,"play_id":"43b3da72-8175-4e97-a375-0b0470f2e947","local_time":"20190318030744","is_ascension_mode":false,"campfire_choices":[{"data":"Defragment","floor":6,"key":"SMITH"},{"data":"Loop","floor":8,"key":"SMITH"},{"data":"Defragment","floor":13,"key":"SMITH"},{"floor":15,"key":"REST"}],"neow_cost":"","seed_source_timestamp":0,"circlet_count":0,"master_deck":["Apotheosis","Cold Snap","Ball Lightning","Doom and Gloom","Zap","Hologram","Hologram","Genetic Algorithm","Fission","Storm","Storm","Creative AI","Sweeping Beam","Compile Driver","Barrage","Steam","Steam","Leap","Leap","Leap","Undo","Turbo","Coolheaded","Undo","Glacier","Consume","Capacitor","Seek","Seek","Defragment+1","Defragment","Defragment+1","Capacitor","Loop+1","Echo Form+1","Defragment"],"relics":["Cracked Core","Gremlin Horn","Blood Vial","Strawberry","Oddly Smooth Stone","Gambling Chip","Runic Pyramid"],"potions_floor_usage":[],"damage_taken":[{"damage":9,"enemies":"Jaw Worm","floor":1,"turns":4},{"damage":0,"enemies":"Cultist","floor":4,"turns":4},{"damage":14,"enemies":"3 Sentries","floor":7,"turns":7},{"damage":3,"enemies":"Lagavulin","floor":10,"turns":6},{"damage":7,"enemies":"Lagavulin Event","floor":11,"turns":5},{"damage":3,"enemies":"2 Louse","floor":14,"turns":5},{"damage":32,"enemies":"The Guardian","floor":16,"turns":7}],"seed_played":"4108824122696498909","potions_obtained":[{"floor":7,"key":"Ancient Potion"}],"is_trial":true,"path_per_floor":["M","?","$","M","?","R","E","R","T","E","?","$","R","M","R","B",null],"character_chosen":"DEFECT","items_purchased":["Gambling Chip"],"campfire_rested":1,"item_purchase_floors":[12],"current_hp_per_floor":[66,66,66,66,66,66,52,52,52,58,53,53,53,52,76,46,82],"gold":139,"neow_bonus":"","is_prod":false,"is_daily":false,"chose_seed":false,"campfire_upgraded":3,"win_rate":0,"timestamp":1552892864,"path_taken":["M","?","$","?","?","R","E","R","T","E","?","$","R","M","R","BOSS"],"build_version":"2019-01-23","purchased_purges":0,"victory":false,"max_hp_per_floor":[75,75,75,75,75,75,75,75,75,82,82,82,82,82,82,82,82],"card_choices":[{"not_picked":["Cold Snap","Coolheaded","Conserve Battery"],"picked":"SKIP","floor":1},{"not_picked":["Go for the Eyes","Rebound","Reinforced Body"],"picked":"SKIP","floor":4},{"not_picked":["Rip and Tear","Leap","Storm"],"picked":"SKIP","floor":7},{"not_picked":["Beam Cell","Darkness","Reprogram"],"picked":"SKIP","floor":10},{"not_picked":["Undo","Sweeping Beam"],"picked":"Defragment","floor":11},{"not_picked":["Rebound","Sweeping Beam","Stack"],"picked":"SKIP","floor":14}],"player_experience":30552,"relics_obtained":[{"floor":7,"key":"Gremlin Horn"},{"floor":9,"key":"Blood Vial"},{"floor":10,"key":"Strawberry"},{"floor":11,"key":"Oddly Smooth Stone"}],"event_choices":[{"damage_healed":0,"gold_gain":0,"player_choice":"Ignored","damage_taken":0,"max_hp_gain":0,"max_hp_loss":0,"event_name":"Purifier","floor":2,"gold_loss":0},{"damage_healed":0,"gold_gain":72,"player_choice":"Gained Gold","damage_taken":0,"max_hp_gain":0,"max_hp_loss":0,"event_name":"Golden Wing","floor":5,"gold_loss":0},{"damage_healed":0,"gold_gain":0,"player_choice":"Searched \u00271\u0027 times","damage_taken":0,"max_hp_gain":0,"max_hp_loss":0,"event_name":"Dead Adventurer","floor":11,"gold_loss":0}],"is_beta":false,"boss_relics":[{"not_picked":["Eternal Feather","Empty Cage"],"picked":"Runic Pyramid"}],"items_purged_floors":[],"is_endless":false,"potions_floor_spawned":[7],"ascension_level":0}