{"gold_per_floor":[13,13,188,188,202,202,0,0,54,54,94,118,33,77,77,202,202,196,196,24,47,66,66,94,94,94,105,118,118,132,146,146,247,247,258,311,32,32,47,47,79,105,117,140,167,190,222,234,246,258],"floor_reached":51,"playtime":8973,"items_purged":["Doubt"],"score":1183,"play_id":"8ab54ca5-15c7-4edb-b3c1-065238be6138","local_time":"20190624154653","is_ascension_mode":true,"campfire_choices":[{"data":"Venomology","floor":6,"key":"SMITH"},{"data":"Choke","floor":8,"key":"SMITH"},{"data":"Quick Slash","floor":10,"key":"SMITH"},{"data":"Masterful Stab","floor":15,"key":"SMITH"},{"data":"Concentrate","floor":25,"key":"SMITH"},{"data":"Setup","floor":29,"key":"SMITH"},{"data":"Distraction","floor":32,"key":"SMITH"},{"floor":40,"key":"DIG"},{"floor":49,"key":"DIG"}],"neow_cost":"NO_GOLD","seed_source_timestamp":228527813529759,"circlet_count":0,"master_deck":["AscendersBane","Survivor","Neutralize","Venomology+1","Quick Slash+1","Footwork","Injury","Backflip","Choke+1","Impatience","Masterful Stab+1","After Image+1","Flash of Steel","After Image+1","After Image+1","Concentrate+1","Setup+1","Distraction+1","Calculated Gamble","Footwork+1","Flying Knee","Envenom+1","Blur","Noxious Fumes+1","Violence","Acrobatics+1","Night Terror","Dodge and Roll+1","Blade Dance+1","PiercingWail","A Thousand Cuts+1","Cloak And Dagger+1","Terror+1","Infinite Blades+1","Prepared","Dodge and Roll+1","Infinite Blades+1","Noxious Fumes+1","Writhe"],"relics":["Ring of the Serpent","Bloody Idol","Orichalcum","Frozen Egg 2","Ancient Tea Set","Pandora\u0027s Box","Anchor","Darkstone Periapt","Shovel","Bottled Lightning","Kunai","MawBank","Unceasing Top","Happy Flower"],"potions_floor_usage":[5,5,11,14,16,16,18,21,22,22,24,27,28,30,30,30,30,30,35,36,36,41,42,44,45,46,50,50,50],"damage_taken":[{"damage":0,"enemies":"2 Louse","floor":1,"turns":3},{"damage":1,"enemies":"Jaw Worm","floor":5,"turns":7},{"damage":2,"enemies":"Gremlin Nob","floor":11,"turns":4},{"damage":3,"enemies":"Small Slimes","floor":12,"turns":2},{"damage":1,"enemies":"Lagavulin","floor":14,"turns":4},{"damage":0,"enemies":"Slime Boss","floor":16,"turns":6},{"damage":8,"enemies":"2 Thieves","floor":18,"turns":4},{"damage":6,"enemies":"Chosen","floor":21,"turns":5},{"damage":5,"enemies":"3 Cultists","floor":22,"turns":5},{"damage":6,"enemies":"Slavers","floor":24,"turns":7},{"damage":0,"enemies":"Chosen and Byrds","floor":27,"turns":7},{"damage":1,"enemies":"Snake Plant","floor":28,"turns":7},{"damage":3,"enemies":"Cultist and Chosen","floor":30,"turns":7},{"damage":8,"enemies":"3 Cultists","floor":31,"turns":5},{"damage":0,"enemies":"Champ","floor":33,"turns":12},{"damage":0,"enemies":"Orb Walker","floor":35,"turns":6},{"damage":34,"enemies":"2 Orb Walkers","floor":36,"turns":5},{"damage":0,"enemies":"3 Shapes","floor":39,"turns":5},{"damage":0,"enemies":"Maw","floor":41,"turns":7},{"damage":1,"enemies":"3 Darklings","floor":42,"turns":7},{"damage":6,"enemies":"4 Shapes","floor":44,"turns":8},{"damage":3,"enemies":"Spire Growth","floor":45,"turns":8},{"damage":2,"enemies":"Maw","floor":46,"turns":6},{"damage":35,"enemies":"Transient","floor":47,"turns":5},{"damage":10,"enemies":"Donu and Deca","floor":50,"turns":11}],"seed_played":"-5749293330341821185","potions_obtained":[{"floor":1,"key":"Regen Potion"},{"floor":5,"key":"EssenceOfSteel"},{"floor":12,"key":"Block Potion"},{"floor":18,"key":"LiquidBronze"},{"floor":22,"key":"Swift Potion"},{"floor":31,"key":"Block Potion"},{"floor":33,"key":"GhostInAJar"},{"floor":35,"key":"Swift Potion"},{"floor":36,"key":"Explosive Potion"},{"floor":39,"key":"Regen Potion"},{"floor":44,"key":"FearPotion"}],"is_trial":false,"path_per_floor":["M","?","?","?","M","R","$","R","T","R","E","M","$","E","R","B",null,"M","?","$","M","M","?","E","R","T","M","M","R","M","M","R","B",null,"M","?","$","?","M","R","M","M","T","M","M","M","M","?","R","B",null],"character_chosen":"THE_SILENT","items_purchased":["Choke","Impatience","Flash of Steel","Violence","Infinite Blades+1","Bottled Lightning"],"campfire_rested":0,"item_purchase_floors":[7,7,13,20,37,37],"current_hp_per_floor":[63,63,63,63,69,69,69,69,69,69,67,64,64,63,63,63,68,60,60,60,54,49,49,48,48,48,53,57,57,59,56,56,61,68,70,41,41,41,46,46,70,70,70,70,70,70,40,69,74,66],"gold":270,"neow_bonus":"TRANSFORM_TWO_CARDS","is_prod":false,"is_daily":false,"chose_seed":false,"campfire_upgraded":7,"win_rate":0,"timestamp":1561405613,"path_taken":["M","?","?","?","M","R","$","R","T","R","E","M","$","E","R","BOSS","M","?","$","M","M","?","E","R","T","M","M","R","M","M","R","BOSS","M","?","$","?","?","R","M","M","T","?","M","M","?","?","R","BOSS"],"build_version":"2019-01-23","purchased_purges":1,"victory":true,"max_hp_per_floor":[70,70,70,70,70,70,70,70,70,70,70,70,70,70,70,70,70,70,70,70,70,70,70,70,70,70,70,70,70,70,70,70,70,70,70,70,70,70,70,70,70,70,70,70,70,70,70,76,76,76],"card_choices":[{"not_picked":["Deflect","Dagger Spray"],"picked":"Footwork","floor":1},{"not_picked":["Flying Knee","Poisoned Stab"],"picked":"Backflip","floor":5},{"not_picked":["Leg Sweep","Catalyst"],"picked":"Masterful Stab","floor":11},{"not_picked":["Blade Dance","Backflip"],"picked":"After Image+1","floor":12},{"not_picked":["Outmaneuver","Catalyst"],"picked":"After Image+1","floor":14},{"not_picked":["Envenom+1","Storm of Steel"],"picked":"After Image+1","floor":16},{"not_picked":["Deadly Poison","Poisoned Stab+1","Choke"],"picked":"SKIP","floor":18},{"not_picked":["Flying Knee","Finisher"],"picked":"Acrobatics+1","floor":21},{"not_picked":["Prepared","Deadly Poison"],"picked":"Night Terror","floor":22},{"not_picked":["Concentrate","Heel Hook"],"picked":"Dodge and Roll+1","floor":24},{"not_picked":["Slice","Skewer"],"picked":"Blade Dance+1","floor":27},{"not_picked":["Acrobatics","Choke"],"picked":"PiercingWail","floor":28},{"not_picked":["Dagger Throw+1","Grand Finale","Slice"],"picked":"SKIP","floor":30},{"not_picked":["Outmaneuver","Slice","Deadly Poison"],"picked":"SKIP","floor":31},{"not_picked":["Glass Knife","Bullet Time"],"picked":"A Thousand Cuts+1","floor":33},{"not_picked":["Acrobatics","Deflect"],"picked":"Cloak And Dagger+1","floor":35},{"not_picked":["Poisoned Stab","Tools of the Trade+1"],"picked":"Terror+1","floor":36},{"not_picked":["Quick Slash","Caltrops+1"],"picked":"Prepared","floor":39},{"not_picked":["Quick Slash","Caltrops+1"],"picked":"Dodge and Roll+1","floor":41},{"not_picked":["Deadly Poison+1","Noxious Fumes+1"],"picked":"Infinite Blades+1","floor":42},{"not_picked":["Underhanded Strike","Dagger Spray+1","Dodge and Roll"],"picked":"SKIP","floor":44},{"not_picked":["Underhanded Strike","Dagger Spray+1","Dodge and Roll"],"picked":"SKIP","floor":44},{"not_picked":["Backflip","Dagger Spray","Quick Slash"],"picked":"SKIP","floor":45},{"not_picked":["Backflip","Bane+1"],"picked":"Noxious Fumes+1","floor":46},{"not_picked":["Dagger Throw","Terror","Quick Slash"],"picked":"SKIP","floor":47}],"player_experience":644818,"relics_obtained":[{"floor":9,"key":"Orichalcum"},{"floor":11,"key":"Frozen Egg 2"},{"floor":14,"key":"Ancient Tea Set"},{"floor":24,"key":"Anchor"},{"floor":26,"key":"Darkstone Periapt"},{"floor":36,"key":"Shovel"},{"floor":40,"key":"MawBank"},{"floor":43,"key":"Unceasing Top"},{"floor":49,"key":"Happy Flower"}],"event_choices":[{"damage_healed":0,"gold_gain":0,"player_choice":"Take Wound","damage_taken":0,"relics_obtained":["Golden Idol"],"max_hp_gain":0,"max_hp_loss":0,"event_name":"Golden Idol","floor":2,"gold_loss":0,"cards_obtained":["Injury"]},{"damage_healed":0,"gold_gain":175,"player_choice":"AGREE","damage_taken":0,"max_hp_gain":0,"max_hp_loss":0,"event_name":"Liars Game","floor":3,"gold_loss":0,"cards_obtained":["Doubt"]},{"damage_healed":0,"gold_gain":0,"player_choice":"Bought 0 Potions","damage_taken":0,"max_hp_gain":0,"max_hp_loss":0,"event_name":"The Woman in Blue","floor":4,"gold_loss":0},{"damage_healed":0,"gold_gain":0,"player_choice":"Read","damage_taken":0,"max_hp_gain":0,"max_hp_loss":0,"event_name":"The Library","floor":19,"gold_loss":0,"cards_obtained":["Noxious Fumes"]},{"damage_healed":0,"gold_gain":0,"player_choice":"Gave Idol","damage_taken":0,"relics_obtained":["Bloody Idol"],"max_hp_gain":0,"max_hp_loss":0,"event_name":"Forgotten Altar","floor":23,"relics_lost":["Golden Idol"],"gold_loss":0},{"damage_healed":0,"gold_gain":0,"player_choice":"Fight","damage_taken":0,"max_hp_gain":0,"max_hp_loss":0,"event_name":"Mysterious Sphere","floor":36,"gold_loss":0},{"damage_healed":0,"gold_gain":0,"player_choice":"Gave Potion","damage_taken":0,"relics_obtained":["Kunai"],"max_hp_gain":0,"max_hp_loss":0,"event_name":"WeMeetAgain","floor":38,"gold_loss":0},{"damage_healed":18,"gold_gain":0,"player_choice":"Writhe","damage_taken":0,"max_hp_gain":0,"max_hp_loss":0,"event_name":"Winding Halls","floor":48,"gold_loss":0,"cards_obtained":["Writhe"]}],"is_beta":false,"boss_relics":[{"not_picked":["Philosopher\u0027s Stone","Runic Pyramid"],"picked":"Pandora\u0027s Box"},{"not_picked":["White Beast Statue","Tiny House"],"picked":"Ring of the Serpent"}],"items_purged_floors":[7],"is_endless":false,"potions_floor_spawned":[1,5,12,18,22,31,33,35,36,39,44],"ascension_level":11}