{"gold_per_floor":[118,118,43,58,58,58,233,243,243,253,253,272,272,289,289,393,393,405,405,415,415,415],"floor_reached":22,"playtime":1111,"items_purged":["Defend_B"],"score":220,"play_id":"d734b5fb-772f-4836-b119-67fe789d3197","local_time":"20190614163725","is_ascension_mode":true,"campfire_choices":[{"data":"Dualcast","floor":6.0,"key":"SMITH"},{"floor":11.0,"key":"REST"},{"data":"Storm","floor":15.0,"key":"SMITH"}],"neow_cost":"NONE","seed_source_timestamp":0,"circlet_count":0,"master_deck":["Strike_B","Strike_B","Strike_B","Strike_B","Defend_B","Defend_B","Defend_B","Zap+1","Dualcast+1","Conserve Battery","Cold Snap","Doubt","Capacitor","FTL","Coolheaded","Storm+1","Doom and Gloom+1"],"special_seed":0,"relics":["Cracked Core","Bird Faced Urn","Oddly Smooth Stone","Molten Egg 2","Snecko Eye","Art of War"],"potions_floor_usage":[18],"damage_taken":[{"damage":11.0,"enemies":"Small Slimes","floor":1.0,"turns":4.0},{"damage":0.0,"enemies":"2 Louse","floor":4.0,"turns":2.0},{"damage":4.0,"enemies":"Cultist","floor":8.0,"turns":3.0},{"damage":6.0,"enemies":"Exordium Thugs","floor":10.0,"turns":6.0},{"damage":11.0,"enemies":"Blue Slaver","floor":12.0,"turns":3.0},{"damage":2.0,"enemies":"Gremlin Gang","floor":14.0,"turns":6.0},{"damage":26.0,"enemies":"The Guardian","floor":16.0,"turns":12.0},{"damage":4,"enemies":"3 Byrds","floor":18,"turns":6},{"damage":28,"enemies":"Spheric Guardian","floor":20,"turns":6},{"damage":32,"enemies":"Centurion and Healer","floor":22,"turns":5}],"seed_played":"2455404436047501311","potions_obtained":[{"floor":1.0,"key":"FocusPotion"},{"floor":4.0,"key":"Energy Potion"},{"floor":14.0,"key":"Weak Potion"}],"is_trial":false,"path_per_floor":["M","?","$","M","$","R","?","M","T","M","R","M","?","M","R","B",null,"M","?","M","T","M"],"character_chosen":"DEFECT","items_purchased":[],"campfire_rested":1,"item_purchase_floors":[],"current_hp_per_floor":[64,31,31,31,31,31,31,27,27,21,43,32,32,32,32,10,59,59,52,28,28,0],"gold":415,"neow_bonus":"UPGRADE_CARD","is_prod":false,"is_daily":false,"chose_seed":false,"campfire_upgraded":2,"win_rate":0,"timestamp":1560548245,"path_taken":["M","?","$","M","$","R","?","M","T","M","R","M","?","M","R","BOSS","M","?","?","?","M"],"build_version":"2019-01-23","purchased_purges":1,"victory":false,"max_hp_per_floor":[75,75,75,75,75,75,75,75,75,75,75,75,75,75,75,75,75,75,75,75,75,75],"card_choices":[{"not_picked":["Undo","Double Energy"],"picked":"Conserve Battery","floor":1.0},{"not_picked":["Redo","Blizzard"],"picked":"Cold Snap","floor":4.0},{"not_picked":["Compile Driver","Stack"],"picked":"Capacitor","floor":8.0},{"not_picked":["Conserve Battery","Rip and Tear"],"picked":"FTL","floor":10.0},{"not_picked":["Consume","Turbo"],"picked":"Coolheaded","floor":12.0},{"not_picked":["Redo","Compile Driver+1"],"picked":"Storm","floor":14.0},{"not_picked":["Cold Snap+1","Consume"],"picked":"Doom and Gloom+1","floor":18},{"not_picked":["Lockon+1","Redo","Stack"],"picked":"SKIP","floor":20}],"player_experience":252232,"relics_obtained":[{"floor":9.0,"key":"Oddly Smooth Stone"},{"floor":21,"key":"Art of War"}],"event_choices":[{"damage_healed":0.0,"max_hp_gain":0.0,"max_hp_loss":0.0,"gold_gain":0.0,"event_name":"Scrap Ooze","player_choice":"Success","floor":2.0,"gold_loss":0.0,"damage_taken":33.0,"relics_obtained":["Bird Faced Urn"]},{"damage_healed":0.0,"max_hp_gain":0.0,"max_hp_loss":0.0,"gold_gain":175.0,"event_name":"Liars Game","player_choice":"AGREE","floor":7.0,"gold_loss":0.0,"damage_taken":0.0,"cards_obtained":["Doubt"]},{"damage_healed":0.0,"max_hp_gain":0.0,"max_hp_loss":0.0,"gold_gain":0.0,"event_name":"Dead Adventurer","player_choice":"Searched \u00272\u0027 times","floor":13.0,"gold_loss":0.0,"damage_taken":0.0,"relics_obtained":["Molten Egg 2"]},{"damage_healed":0,"gold_gain":0,"player_choice":"","damage_taken":7,"max_hp_gain":0,"max_hp_loss":0,"event_name":"Knowing Skull","floor":19,"potions_obtained":[],"gold_loss":0,"cards_obtained":[]}],"is_beta":false,"boss_relics":[{"not_picked":["Eternal Feather","Ectoplasm"],"picked":"Snecko Eye"}],"items_purged_floors":[3],"is_endless":false,"potions_floor_spawned":[1,4,14],"killed_by":"Centurion and Healer","ascension_level":5}