{"gold_per_floor":[119,269,544,32,45,70,70,81,81,81,114,189,207,18,18,96,146,160,160,173,48,61,90,105,105],"floor_reached":25,"playtime":1237,"items_purged":["Regret","Doubt","Strike_G"],"score":512,"play_id":"ec1479dd-730d-4af3-bf3c-c1becaa4f877","local_time":"20190626151411","is_ascension_mode":true,"campfire_choices":[{"data":"Leg Sweep","floor":7,"key":"SMITH"},{"data":"The Bomb","floor":10,"key":"SMITH"},{"floor":15,"key":"REST"}],"neow_cost":"NONE","seed_source_timestamp":106390842181600,"circlet_count":0,"master_deck":["AscendersBane","Defend_G","Defend_G+1","Defend_G","Defend_G","Defend_G","Strike_G","Strike_G","Strike_G","Strike_G","Survivor","Neutralize","Leg Sweep+1","The Bomb+1","Grand Finale","Predator","Prepared","Setup","Backflip","Setup","Acrobatics+1","Adrenaline"],"relics":["Ring of the Snake","NeowsBlessing","Art of War","Unceasing Top","Frozen Egg 2","PreservedInsect","Tiny House","Turnip"],"potions_floor_usage":[16,22],"damage_taken":[{"damage":0,"enemies":"2 Louse","floor":1,"turns":1},{"damage":0,"enemies":"Small Slimes","floor":5,"turns":1},{"damage":0,"enemies":"Gremlin Nob","floor":6,"turns":1},{"damage":0,"enemies":"Cultist","floor":8,"turns":4},{"damage":17,"enemies":"3 Sentries","floor":11,"turns":4},{"damage":14,"enemies":"Blue Slaver","floor":13,"turns":4},{"damage":31,"enemies":"Slime Boss","floor":16,"turns":13},{"damage":21,"enemies":"Chosen","floor":18,"turns":5},{"damage":27,"enemies":"3 Byrds","floor":20,"turns":5},{"damage":8,"enemies":"3 Cultists","floor":22,"turns":4},{"damage":55,"enemies":"Gremlin Leader","floor":23,"turns":4},{"damage":5,"enemies":"Centurion and Healer","floor":24,"turns":4},{"damage":12,"enemies":"Slavers","floor":25,"turns":1}],"seed_played":"-7693893176470355365","potions_obtained":[{"floor":6,"key":"FearPotion"},{"floor":17,"key":"Energy Potion"},{"floor":22,"key":"FairyPotion"}],"is_trial":false,"path_per_floor":["M","?","?","$","M","E","R","M","T","R","E","?","M","$","R","B",null,"M","?","M","$","M","E","M","E"],"character_chosen":"THE_SILENT","items_purchased":["The Bomb","Art of War","GhostInAJar","Setup"],"campfire_rested":1,"item_purchase_floors":[4,4,4,14],"current_hp_per_floor":[59,59,59,59,59,59,59,59,59,59,42,31,17,17,36,5,56,35,81,54,54,46,8,3,0],"gold":105,"neow_bonus":"THREE_ENEMY_KILL","is_prod":false,"is_daily":false,"chose_seed":false,"campfire_upgraded":2,"win_rate":0,"timestamp":1561576451,"path_taken":["M","?","?","$","M","E","R","?","T","R","E","?","M","$","R","BOSS","M","?","M","?","M","E","M","E"],"build_version":"2019-01-23","purchased_purges":3,"victory":false,"max_hp_per_floor":[66,66,66,66,66,66,66,66,66,66,66,66,66,66,66,66,71,71,81,81,81,81,81,81,81],"card_choices":[{"not_picked":["Deadly Poison","Outmaneuver"],"picked":"Leg Sweep","floor":1},{"not_picked":["Bane","Acrobatics","Cloak And Dagger"],"picked":"SKIP","floor":5},{"not_picked":["Reflex","Poisoned Stab"],"picked":"Grand Finale","floor":6},{"not_picked":["Quick Slash","Bane"],"picked":"Predator","floor":8},{"not_picked":["Choke","Deadly Poison","Infinite Blades+1"],"picked":"SKIP","floor":11},{"not_picked":["Masterful Stab","Accuracy+1"],"picked":"Prepared","floor":13},{"not_picked":["Wraith Form v2+1","Adrenaline"],"picked":"Grand Finale","floor":16},{"not_picked":["PiercingWail","Sucker Punch"],"picked":"Backflip","floor":17},{"not_picked":["Acrobatics","Outmaneuver"],"picked":"Setup","floor":18},{"not_picked":["Dodge and Roll","Eviscerate","Distraction"],"picked":"SKIP","floor":20},{"not_picked":["Dodge and Roll","Escape Plan+1"],"picked":"Acrobatics+1","floor":22},{"not_picked":["Eviscerate","Cloak And Dagger"],"picked":"Adrenaline","floor":23},{"not_picked":["Caltrops+1","Dagger Spray","Sucker Punch"],"picked":"SKIP","floor":24}],"player_experience":1433859,"relics_obtained":[{"floor":6,"key":"Unceasing Top"},{"floor":9,"key":"Frozen Egg 2"},{"floor":11,"key":"PreservedInsect"},{"floor":23,"key":"Turnip"}],"event_choices":[{"damage_healed":0,"gold_gain":150,"player_choice":"AGREE","damage_taken":0,"max_hp_gain":0,"max_hp_loss":0,"event_name":"Liars Game","floor":2,"gold_loss":0,"cards_obtained":["Doubt"]},{"damage_healed":0,"gold_gain":275,"player_choice":"Desecrate","damage_taken":0,"max_hp_gain":0,"max_hp_loss":0,"event_name":"Golden Shrine","floor":3,"gold_loss":0,"cards_obtained":["Regret"]},{"damage_healed":0,"gold_gain":75,"player_choice":"Gather Gold","damage_taken":11,"max_hp_gain":0,"max_hp_loss":0,"event_name":"World of Goop","floor":12,"gold_loss":0},{"cards_removed":["Grand Finale"],"damage_healed":36,"gold_gain":0,"player_choice":"Offered Rare","damage_taken":0,"max_hp_gain":10,"max_hp_loss":0,"event_name":"Bonfire Elementals","floor":19,"gold_loss":0}],"is_beta":false,"boss_relics":[{"not_picked":["Ectoplasm","Orrery"],"picked":"Tiny House"}],"items_purged_floors":[4,14,21],"is_endless":false,"potions_floor_spawned":[6,8,13,18,20,22],"killed_by":"Slavers","ascension_level":20}