{"gold_per_floor":[118,136,136,136,150,150,161,161,215,248,101,129,201,201,201,306,306,316,330,330,330,347,373,323,323,347,347,362,362,392,411,411,411],"floor_reached":33,"playtime":1506,"items_purged":["Strike_B"],"score":337,"play_id":"cd73a23c-e42a-438e-9bc0-d6e641855c5a","local_time":"20190429033943","is_ascension_mode":true,"campfire_choices":[{"data":"Coolheaded","floor":6,"key":"SMITH"},{"floor":8,"key":"REST"},{"floor":15,"key":"REST"},{"floor":25,"key":"REST"},{"floor":29,"key":"REST"},{"floor":32,"key":"REST"}],"neow_cost":"NONE","seed_source_timestamp":722608558589828,"circlet_count":0,"master_deck":["Strike_B","Strike_B","Strike_B","Defend_B","Defend_B","Defend_B","Defend_B","Zap+1","Dualcast+1","Undo","Coolheaded+1","Ball Lightning","Coolheaded","Glacier","Biased Cognition","Recycle","Streamline+1","Hologram","Rainbow","Doom and Gloom+1"],"relics":["Cracked Core","NeowsBlessing","WingedGreaves","Oddly Smooth Stone","FossilizedHelix","Orichalcum","Molten Egg 2","Gremlin Horn","Snecko Eye","Smiling Mask","Anchor","Bag of Marbles"],"potions_floor_usage":[16,23],"damage_taken":[{"damage":0,"enemies":"Small Slimes","floor":1,"turns":1},{"damage":0,"enemies":"Jaw Worm","floor":2,"turns":1},{"damage":0,"enemies":"Cultist","floor":5,"turns":1},{"damage":28,"enemies":"Exordium Thugs","floor":7,"turns":3},{"damage":20,"enemies":"3 Sentries","floor":10,"turns":7},{"damage":12,"enemies":"Gremlin Nob","floor":12,"turns":5},{"damage":50,"enemies":"Slime Boss","floor":16,"turns":19},{"damage":0,"enemies":"Spheric Guardian","floor":18,"turns":4},{"damage":0,"enemies":"Chosen","floor":19,"turns":5},{"damage":0,"enemies":"Snecko","floor":22,"turns":7},{"damage":41,"enemies":"Slavers","floor":23,"turns":9},{"damage":0,"enemies":"Colosseum Slavers","floor":27,"turns":4},{"damage":17,"enemies":"Snake Plant","floor":28,"turns":7},{"damage":21,"enemies":"Book of Stabbing","floor":30,"turns":8},{"damage":0,"enemies":"Cultist and Chosen","floor":31,"turns":6},{"damage":62,"enemies":"Champ","floor":33,"turns":16}],"seed_played":"-4689018189706130732","potions_obtained":[{"floor":5,"key":"FairyPotion"},{"floor":10,"key":"Block Potion"},{"floor":12,"key":"FearPotion"},{"floor":14,"key":"Dexterity Potion"},{"floor":22,"key":"Fire Potion"},{"floor":23,"key":"Weak Potion"},{"floor":30,"key":"Weak Potion"},{"floor":31,"key":"Energy Potion"}],"is_trial":false,"path_per_floor":["M","M","?","T","M","R","M","R","T","E","$","E","T","?","R","B",null,"M","M","?","?","M","E","$","R","T","?","M","R","E","M","R","B"],"character_chosen":"DEFECT","items_purchased":["Orichalcum"],"campfire_rested":5,"item_purchase_floors":[11],"current_hp_per_floor":[75,75,60,60,60,60,32,54,54,34,34,22,22,22,44,2,75,75,75,75,75,75,34,34,56,56,56,39,61,40,40,62,0],"gold":411,"neow_bonus":"THREE_ENEMY_KILL","is_prod":false,"is_daily":false,"chose_seed":false,"campfire_upgraded":1,"win_rate":0,"timestamp":1556523583,"path_taken":["M","M","?","?","?","R","M","R","T","E","?","E","?","?","R","BOSS","M","M","?","?","M","E","$","R","T","?","M","R","E","M","R","BOSS"],"build_version":"2019-01-23","purchased_purges":1,"victory":false,"max_hp_per_floor":[75,75,75,75,75,75,75,75,75,75,75,75,75,75,75,75,75,75,75,75,75,75,75,75,75,75,75,75,75,75,75,75,75],"card_choices":[{"not_picked":["Hologram","Turbo"],"picked":"Undo","floor":1},{"not_picked":["Gash","Go for the Eyes"],"picked":"Coolheaded","floor":2},{"not_picked":["White Noise","Storm"],"picked":"Ball Lightning","floor":5},{"not_picked":["Hyperbeam","Redo"],"picked":"Coolheaded","floor":7},{"not_picked":["Go for the Eyes","Turbo"],"picked":"Glacier","floor":10},{"not_picked":["FTL","Rebound","Stack"],"picked":"SKIP","floor":12},{"not_picked":["Seek","All For One+1"],"picked":"Biased Cognition","floor":16},{"not_picked":["Stack","Rip and Tear+1","Storm"],"picked":"SKIP","floor":18},{"not_picked":["Turbo","Skim+1","Compile Driver+1"],"picked":"SKIP","floor":19},{"not_picked":["Steam","Recycle"],"picked":"Streamline+1","floor":22},{"not_picked":["Steam","Coolheaded"],"picked":"Hologram","floor":23},{"not_picked":["Skim","Recycle","Aggregate+1"],"picked":"SKIP","floor":28},{"not_picked":["Compile Driver+1","Fusion"],"picked":"Rainbow","floor":30},{"not_picked":["Undo","Leap"],"picked":"Doom and Gloom+1","floor":31}],"player_experience":112674,"relics_obtained":[{"floor":4,"key":"WingedGreaves"},{"floor":9,"key":"Oddly Smooth Stone"},{"floor":10,"key":"FossilizedHelix"},{"floor":12,"key":"Molten Egg 2"},{"floor":13,"key":"Gremlin Horn"},{"floor":23,"key":"Smiling Mask"},{"floor":26,"key":"Anchor"},{"floor":30,"key":"Bag of Marbles"}],"event_choices":[{"damage_healed":0,"gold_gain":0,"player_choice":"Entered Light","damage_taken":15,"max_hp_gain":0,"max_hp_loss":0,"event_name":"Shining Light","floor":3,"gold_loss":0,"cards_upgraded":["Dualcast","Zap"]},{"damage_healed":0,"gold_gain":0,"player_choice":"Got Potions","damage_taken":0,"max_hp_gain":0,"max_hp_loss":0,"event_name":"Lab","floor":14,"gold_loss":0},{"damage_healed":0,"gold_gain":0,"player_choice":"Ignored","damage_taken":0,"max_hp_gain":0,"max_hp_loss":0,"event_name":"Ghosts","floor":20,"gold_loss":0},{"damage_healed":0,"gold_gain":0,"player_choice":"Read","damage_taken":0,"max_hp_gain":0,"max_hp_loss":0,"event_name":"The Library","floor":21,"gold_loss":0,"cards_obtained":["Recycle"]},{"damage_healed":0,"gold_gain":0,"player_choice":"Fight","damage_taken":0,"max_hp_gain":0,"max_hp_loss":0,"event_name":"Colosseum","floor":27,"gold_loss":0},{"damage_healed":0,"gold_gain":0,"player_choice":"Fled From Nobs","damage_taken":0,"max_hp_gain":0,"max_hp_loss":0,"event_name":"Colosseum","floor":27,"gold_loss":0}],"is_beta":false,"boss_relics":[{"not_picked":["Nuclear Battery","Ectoplasm"],"picked":"Snecko Eye"}],"items_purged_floors":[24],"is_endless":false,"potions_floor_spawned":[5,10,12,22,23,30,31],"killed_by":"Champ","ascension_level":3}