{"gold_per_floor":[112,112,187,2,2,2,16,49,49,60,120,49,49,61,61,163,163,183,200,200,200,219,244,262,262,288,321,321,332,347,363,363,461,461,477,494,494,48,58,86,86,117,140,166,186,199,224,224,224,224],"floor_reached":51,"playtime":2606,"items_purged":["Strike_R","Bash"],"score":1109,"play_id":"2030b1fe-0a1a-4e77-bef9-176b4bad1498","local_time":"20190624143903","is_ascension_mode":true,"campfire_choices":[{"data":"Shockwave","floor":6,"key":"SMITH"},{"data":"Inflame","floor":13,"key":"SMITH"},{"data":"Spot Weakness","floor":15,"key":"SMITH"},{"data":"Flame Barrier","floor":25,"key":"SMITH"},{"data":"Limit Break","floor":28,"key":"SMITH"},{"data":"Sword Boomerang","floor":32,"key":"SMITH"},{"data":"Shrug It Off","floor":41,"key":"SMITH"},{"data":"Immolate","floor":49,"key":"SMITH"}],"neow_cost":"NONE","seed_source_timestamp":45766878286421,"circlet_count":0,"master_deck":["Strike_R+1","Strike_R+1","Strike_R+1","Defend_R+1","Defend_R+1","Defend_R+1","Defend_R+1","Headbutt","Inflame+1","Shockwave+1","Power Through+1","Shrug It Off+1","Rampage","Spot Weakness+1","Feed","Sword Boomerang+1","Flame Barrier+1","Inflame+1","Sword Boomerang+1","Limit Break+1","Shrug It Off+1","Fiend Fire","Armaments+1","Heavy Blade+1","Immolate+1"],"relics":["Burning Blood","Red Skull","Mango","Singing Bowl","Frozen Egg 2","Darkstone Periapt","Velvet Choker","Oddly Smooth Stone","Turnip","Anchor","Mercury Hourglass","Runic Pyramid","Bag of Marbles","HandDrill","Toxic Egg 2","Peace Pipe","PreservedInsect","War Paint","Art of War"],"potions_floor_usage":[16,23,30,40,50,50,50],"damage_taken":[{"damage":10,"enemies":"Cultist","floor":1,"turns":5},{"damage":4,"enemies":"2 Louse","floor":7,"turns":3},{"damage":50,"enemies":"3 Sentries","floor":8,"turns":13},{"damage":1,"enemies":"Jaw Worm","floor":10,"turns":3},{"damage":10,"enemies":"Lagavulin Event","floor":11,"turns":5},{"damage":3,"enemies":"Looter","floor":14,"turns":4},{"damage":29,"enemies":"Hexaghost","floor":16,"turns":8},{"damage":0,"enemies":"Chosen","floor":18,"turns":4},{"damage":10,"enemies":"Spheric Guardian","floor":19,"turns":5},{"damage":11,"enemies":"Snake Plant","floor":22,"turns":3},{"damage":36,"enemies":"Slavers","floor":23,"turns":5},{"damage":12,"enemies":"Cultist and Chosen","floor":24,"turns":3},{"damage":0,"enemies":"Gremlin Leader","floor":27,"turns":3},{"damage":9,"enemies":"Snecko","floor":29,"turns":3},{"damage":0,"enemies":"3 Cultists","floor":30,"turns":4},{"damage":15,"enemies":"Shelled Parasite and Fungi","floor":31,"turns":8},{"damage":10,"enemies":"Collector","floor":33,"turns":5},{"damage":1,"enemies":"Orb Walker","floor":35,"turns":2},{"damage":12,"enemies":"3 Darklings","floor":36,"turns":4},{"damage":12,"enemies":"Writhing Mass","floor":39,"turns":3},{"damage":16,"enemies":"Reptomancer","floor":40,"turns":4},{"damage":4,"enemies":"Nemesis","floor":42,"turns":5},{"damage":24,"enemies":"Reptomancer","floor":44,"turns":5},{"damage":0,"enemies":"4 Shapes","floor":45,"turns":4},{"damage":9,"enemies":"Jaw Worm Horde","floor":46,"turns":4},{"damage":16,"enemies":"Nemesis","floor":47,"turns":5},{"damage":59,"enemies":"Awakened One","floor":50,"turns":8}],"seed_played":"-6441461519586693109","potions_obtained":[{"floor":1,"key":"Weak Potion"},{"floor":8,"key":"AttackPotion"},{"floor":10,"key":"Swift Potion"},{"floor":14,"key":"Poison Potion"},{"floor":18,"key":"BloodPotion"},{"floor":27,"key":"Swift Potion"},{"floor":31,"key":"SkillPotion"},{"floor":39,"key":"Swift Potion"},{"floor":42,"key":"Energy Potion"},{"floor":45,"key":"AttackPotion"}],"is_trial":false,"path_per_floor":["M","T","?","$","?","R","M","E","T","M","?","$","R","M","R","B",null,"M","M","?","?","M","E","M","R","T","E","R","M","M","M","R","B",null,"M","M","?","$","M","E","R","E","T","E","M","M","E","?","R","B",null],"character_chosen":"IRONCLAD","items_purchased":["Inflame","Shockwave","Rampage","Bag of Marbles","HandDrill"],"campfire_rested":0,"item_purchase_floors":[4,4,12,38,38],"current_hp_per_floor":[76,90,79,79,72,72,74,30,30,37,35,35,35,38,38,15,77,83,79,79,79,74,49,46,46,46,55,55,52,60,56,56,52,100,107,103,103,103,99,91,91,95,95,77,88,88,78,80,80,27],"gold":224,"neow_bonus":"RANDOM_COMMON_RELIC","is_prod":false,"is_daily":false,"chose_seed":false,"campfire_upgraded":8,"win_rate":0,"timestamp":1561401543,"path_taken":["M","?","?","?","?","R","?","E","T","M","?","?","R","M","R","BOSS","M","?","?","?","?","E","M","R","T","E","R","M","M","M","R","BOSS","M","M","?","$","M","E","R","E","T","E","M","M","E","?","R","BOSS"],"build_version":"2019-01-23","purchased_purges":2,"victory":true,"max_hp_per_floor":[80,94,94,94,94,94,94,94,94,96,98,98,98,98,98,98,98,98,98,98,98,98,103,106,106,106,109,109,109,111,116,116,116,116,118,120,114,114,116,118,118,120,120,120,125,128,128,130,130,130],"card_choices":[{"not_picked":["Hemokinesis","Armaments"],"picked":"Headbutt","floor":1},{"not_picked":["Iron Wave","Entrench"],"picked":"Power Through","floor":7},{"not_picked":["Iron Wave","Armaments"],"picked":"Shrug It Off","floor":8},{"not_picked":["Headbutt","Bloodletting","Body Slam"],"picked":"Singing Bowl","floor":10},{"not_picked":["Armaments","Warcry","Bloodletting"],"picked":"Singing Bowl","floor":11},{"not_picked":["Clash","Searing Blow"],"picked":"Spot Weakness","floor":14},{"not_picked":["Bludgeon","Berserk+1"],"picked":"Feed","floor":16},{"not_picked":["Twin Strike","Rupture+1"],"picked":"Sword Boomerang+1","floor":18},{"not_picked":["Clash+1","Seeing Red"],"picked":"Flame Barrier","floor":19},{"not_picked":["Cleave+1","Headbutt+1"],"picked":"Inflame+1","floor":22},{"not_picked":["Headbutt","Intimidate+1","Infernal Blade"],"picked":"Singing Bowl","floor":23},{"not_picked":["Shrug It Off","True Grit"],"picked":"Sword Boomerang","floor":24},{"not_picked":["Intimidate+1","Body Slam"],"picked":"Limit Break","floor":27},{"not_picked":["Infernal Blade","Twin Strike"],"picked":"Shrug It Off","floor":29},{"not_picked":["Twin Strike","Clothesline","Sentinel"],"picked":"Singing Bowl","floor":30},{"not_picked":["Body Slam+1","Fire Breathing+1","Wild Strike"],"picked":"Singing Bowl","floor":31},{"not_picked":["Bludgeon","Double Tap"],"picked":"Fiend Fire","floor":33},{"not_picked":["Wild Strike","Rupture+1","Clothesline"],"picked":"Singing Bowl","floor":35},{"not_picked":["Battle Trance","Second Wind","Spot Weakness"],"picked":"Singing Bowl","floor":36},{"not_picked":["Metallicize+1","Dropkick","Warcry"],"picked":"Singing Bowl","floor":39},{"not_picked":["Thunderclap","Sever Soul+1","Havoc"],"picked":"Singing Bowl","floor":40},{"not_picked":["Double Tap+1","Clothesline","Carnage+1"],"picked":"Singing Bowl","floor":42},{"not_picked":["Wild Strike+1","Clash"],"picked":"Armaments+1","floor":44},{"not_picked":["Cleave","Clothesline","Burning Pact+1"],"picked":"Singing Bowl","floor":45},{"not_picked":["Shrug It Off+1","Anger+1"],"picked":"Heavy Blade+1","floor":46},{"not_picked":["Rampage","Anger+1"],"picked":"Immolate","floor":47},{"not_picked":["Sadistic Nature+1","Enlightenment+1","Madness+1"],"picked":"Singing Bowl","floor":48}],"player_experience":162766,"relics_obtained":[{"floor":2,"key":"Mango"},{"floor":8,"key":"Singing Bowl"},{"floor":9,"key":"Frozen Egg 2"},{"floor":11,"key":"Darkstone Periapt"},{"floor":23,"key":"Turnip"},{"floor":26,"key":"Anchor"},{"floor":27,"key":"Mercury Hourglass"},{"floor":40,"key":"Toxic Egg 2"},{"floor":42,"key":"Peace Pipe"},{"floor":43,"key":"PreservedInsect"},{"floor":44,"key":"War Paint"},{"floor":47,"key":"Art of War"}],"event_choices":[{"damage_healed":0,"gold_gain":75,"player_choice":"Gather Gold","damage_taken":11,"max_hp_gain":0,"max_hp_loss":0,"event_name":"World of Goop","floor":3,"gold_loss":0},{"cards_removed":["Strike_R"],"damage_healed":0,"gold_gain":0,"player_choice":"Card Removal","damage_taken":7,"max_hp_gain":0,"max_hp_loss":0,"event_name":"Golden Wing","floor":5,"gold_loss":0},{"damage_healed":0,"gold_gain":0,"player_choice":"Searched \u00271\u0027 times","damage_taken":0,"max_hp_gain":0,"max_hp_loss":0,"event_name":"Dead Adventurer","floor":11,"gold_loss":0},{"damage_healed":0,"gold_gain":0,"player_choice":"Simplicity","damage_taken":0,"max_hp_gain":0,"max_hp_loss":0,"event_name":"Back to Basics","floor":20,"gold_loss":0,"cards_upgraded":["Strike_R","Strike_R","Strike_R","Defend_R","Defend_R","Defend_R","Defend_R"]},{"damage_healed":0,"gold_gain":0,"player_choice":"Gave Potion","damage_taken":0,"relics_obtained":["Oddly Smooth Stone"],"max_hp_gain":0,"max_hp_loss":0,"event_name":"WeMeetAgain","floor":21,"gold_loss":0},{"damage_healed":0,"gold_gain":0,"player_choice":"Max HP","damage_taken":0,"max_hp_gain":0,"max_hp_loss":6,"event_name":"Winding Halls","floor":37,"gold_loss":0},{"damage_healed":0,"gold_gain":0,"player_choice":"Memory 1","damage_taken":0,"max_hp_gain":0,"max_hp_loss":0,"event_name":"SensoryStone","floor":48,"gold_loss":0}],"is_beta":false,"boss_relics":[{"not_picked":["Black Blood","Eternal Feather"],"picked":"Velvet Choker"},{"not_picked":["Sozu","White Beast Statue"],"picked":"Runic Pyramid"}],"items_purged_floors":[4,38],"is_endless":false,"potions_floor_spawned":[1,8,10,14,18,19,27,31,39,42,45],"ascension_level":5}