{"gold_per_floor":[109,121,135,152,152,179,192,192],"floor_reached":8,"playtime":575,"items_purged":[],"score":75,"play_id":"08df35b1-f0c2-4949-ac4f-4559c42c0176","local_time":"20190621235913","is_ascension_mode":true,"campfire_choices":[],"neow_cost":"PERCENT_DAMAGE","seed_source_timestamp":55918622032251,"circlet_count":0,"master_deck":["Strike_B","Strike_B","Strike_B","Strike_B","Defend_B","Defend_B","Defend_B","Defend_B","Zap","Dualcast","Conserve Battery","Chill","Sweeping Beam","Sunder","Electrodynamics","Static Discharge"],"relics":["Cracked Core","Nunchaku","Anchor"],"potions_floor_usage":[6],"damage_taken":[{"damage":9,"enemies":"Small Slimes","floor":1,"turns":4},{"damage":5,"enemies":"Jaw Worm","floor":2,"turns":3},{"damage":6,"enemies":"2 Louse","floor":3,"turns":2},{"damage":1,"enemies":"Exordium Thugs","floor":4,"turns":5},{"damage":22,"enemies":"Lagavulin","floor":6,"turns":6},{"damage":0,"enemies":"Exordium Wildlife","floor":7,"turns":2},{"damage":28,"enemies":"Gremlin Nob","floor":8,"turns":3}],"seed_played":"3517740540601518821","potions_obtained":[{"floor":2,"key":"EssenceOfSteel"},{"floor":7,"key":"Explosive Potion"}],"is_trial":false,"path_per_floor":["M","M","M","M","?","E","M","E"],"character_chosen":"DEFECT","items_purchased":[],"campfire_rested":0,"item_purchase_floors":[],"current_hp_per_floor":[45,40,34,33,38,16,16,0],"gold":192,"neow_bonus":"ONE_RARE_RELIC","is_prod":false,"is_daily":false,"chose_seed":false,"campfire_upgraded":0,"win_rate":0,"timestamp":1561175953,"path_taken":["M","M","M","M","?","E","M","E"],"build_version":"2019-01-23","purchased_purges":0,"victory":false,"max_hp_per_floor":[75,75,75,75,80,80,80,80],"card_choices":[{"not_picked":["Streamline","Beam Cell"],"picked":"Conserve Battery","floor":1},{"not_picked":["Rebound","Loop"],"picked":"Chill","floor":2},{"not_picked":["Steam Power","Gash"],"picked":"Sweeping Beam","floor":3},{"not_picked":["Conserve Battery","Barrage"],"picked":"Sunder","floor":4},{"not_picked":["Redo","Doom and Gloom"],"picked":"Electrodynamics","floor":6},{"not_picked":["Hologram","Go for the Eyes"],"picked":"Static Discharge","floor":7}],"player_experience":318234,"relics_obtained":[{"floor":6,"key":"Anchor"}],"event_choices":[{"damage_healed":0,"gold_gain":0,"player_choice":"Donut","damage_taken":0,"max_hp_gain":5,"max_hp_loss":0,"event_name":"Big Fish","floor":5,"gold_loss":0}],"is_beta":false,"boss_relics":[],"items_purged_floors":[],"is_endless":false,"potions_floor_spawned":[2,7],"killed_by":"Gremlin Nob","ascension_level":5}