{"gold_per_floor":[118,118,134,84,84,118,131,162,187,187,202,213,238,238,238,342,342,359,379,163,163,183,216,216,251,276,276,292,292,292,312,312,411,411,427,126,137,412,67,97,108,108,188,205,205],"floor_reached":45,"playtime":3810,"items_purged":["Strike_G","Strike_G+1","Regret"],"score":872,"play_id":"5d4406da-9d79-4613-a76f-940f8178d18b","local_time":"20190623174251","is_ascension_mode":true,"campfire_choices":[{"data":"Caltrops","floor":10,"key":"SMITH"},{"data":"1","floor":15,"key":"LIFT"},{"floor":24,"key":"REST"},{"data":"2","floor":27,"key":"LIFT"},{"floor":29,"key":"REST"},{"data":"Envenom","floor":32,"key":"SMITH"}],"neow_cost":"NONE","seed_source_timestamp":154255877550184,"circlet_count":0,"master_deck":["AscendersBane","Defend_G+1","Defend_G+1","Defend_G+1","Defend_G+1","Defend_G+1","Strike_G+1","Strike_G+1","Survivor","Neutralize+1","Cloak And Dagger+1","Cloak And Dagger+1","Caltrops+1","Dagger Spray","Noxious Fumes","Leg Sweep","Blur","Well Laid Plans","Burst","Choke","Outmaneuver","Envenom+1","Terror","Doppelganger","Backstab","Deflect","Footwork","Decay","Prepared","Bullet Time","Prepared+1","Prepared","Deflect","Swift Strike","Backflip","Accuracy+1","Backflip+1"],"relics":["Ring of the Snake","NeowsBlessing","Whetstone","Happy Flower","Centennial Puzzle","Girya","WristBlade","Ice Cream","Pear","Dream Catcher","Lizard Tail","Snake Skull","Tiny Chest","Pen Nib","Question Card"],"potions_floor_usage":[8,11,16,22,23,23,33,40,40,42,45],"damage_taken":[{"damage":0,"enemies":"Cultist","floor":1,"turns":1},{"damage":0,"enemies":"Jaw Worm","floor":3,"turns":1},{"damage":0,"enemies":"Gremlin Nob","floor":6,"turns":1},{"damage":1,"enemies":"Small Slimes","floor":7,"turns":4},{"damage":4,"enemies":"3 Sentries","floor":8,"turns":5},{"damage":0,"enemies":"Exordium Thugs","floor":11,"turns":2},{"damage":0,"enemies":"3 Louse","floor":12,"turns":3},{"damage":6,"enemies":"Lagavulin","floor":13,"turns":8},{"damage":1,"enemies":"The Guardian","floor":16,"turns":10},{"damage":1,"enemies":"Chosen","floor":18,"turns":4},{"damage":10,"enemies":"Spheric Guardian","floor":19,"turns":6},{"damage":21,"enemies":"Snecko","floor":22,"turns":5},{"damage":3,"enemies":"Gremlin Leader","floor":23,"turns":6},{"damage":38,"enemies":"Slavers","floor":25,"turns":8},{"damage":10,"enemies":"Shelled Parasite and Fungi","floor":28,"turns":5},{"damage":0,"enemies":"Centurion and Healer","floor":31,"turns":4},{"damage":35,"enemies":"Collector","floor":33,"turns":12},{"damage":0,"enemies":"3 Shapes","floor":35,"turns":6},{"damage":8,"enemies":"3 Darklings","floor":37,"turns":3},{"damage":32,"enemies":"Giant Head","floor":40,"turns":8},{"damage":10,"enemies":"Jaw Worm Horde","floor":41,"turns":4},{"damage":0,"enemies":"Spire Growth","floor":42,"turns":3},{"damage":33,"enemies":"3 Darklings","floor":44,"turns":8},{"damage":40,"enemies":"Reptomancer","floor":45,"turns":3}],"seed_played":"-2704314057254631349","potions_obtained":[{"floor":3,"key":"SteroidPotion"},{"floor":6,"key":"Fire Potion"},{"floor":11,"key":"SpeedPotion"},{"floor":13,"key":"Fire Potion"},{"floor":19,"key":"Dexterity Potion"},{"floor":22,"key":"SteroidPotion"},{"floor":31,"key":"AttackPotion"},{"floor":33,"key":"SpeedPotion"},{"floor":35,"key":"Dexterity Potion"},{"floor":40,"key":"SmokeBomb"},{"floor":44,"key":"Fire Potion"}],"is_trial":false,"path_per_floor":["M","?","M","?","?","E","M","E","T","R","M","M","E","?","R","B",null,"M","M","$","?","M","E","R","E","T","R","M","R","?","M","R","B",null,"M","$","M","?","$","E","M","M","T","M","E"],"character_chosen":"THE_SILENT","items_purchased":["Envenom","Snake Skull","Prepared","Tiny Chest","Swift Strike"],"campfire_rested":2,"item_purchase_floors":[20,36,36,39,39],"current_hp_per_floor":[63,63,63,63,63,63,62,58,58,58,58,58,52,52,52,51,65,64,54,54,54,33,30,51,23,23,23,13,37,37,37,37,2,61,61,61,53,53,53,21,11,11,11,20,0],"gold":205,"neow_bonus":"THREE_ENEMY_KILL","is_prod":false,"is_daily":false,"chose_seed":false,"campfire_upgraded":2,"win_rate":0,"timestamp":1561326171,"path_taken":["M","?","?","?","?","E","?","E","T","R","M","M","E","?","R","BOSS","M","M","$","?","M","E","R","E","T","R","M","R","?","M","R","BOSS","M","$","M","?","$","E","?","M","T","M","E"],"build_version":"2019-01-23","purchased_purges":3,"victory":false,"max_hp_per_floor":[70,70,70,70,70,70,70,70,70,70,70,70,70,70,70,70,70,70,70,70,70,70,70,70,80,80,80,80,80,80,80,80,80,80,80,80,80,80,80,80,80,80,80,80,80],"card_choices":[{"not_picked":["Dagger Throw","Flying Knee"],"picked":"Cloak And Dagger","floor":1},{"not_picked":["Blade Dance","Riddle With Holes"],"picked":"Cloak And Dagger","floor":3},{"not_picked":["Acrobatics","Masterful Stab"],"picked":"Caltrops","floor":6},{"not_picked":["Concentrate","Endless Agony"],"picked":"Dagger Spray","floor":7},{"not_picked":["Deadly Poison","Sucker Punch"],"picked":"Noxious Fumes","floor":8},{"not_picked":["Masterful Stab","Tactician"],"picked":"Leg Sweep","floor":11},{"not_picked":["Bane","Quick Slash"],"picked":"Blur","floor":12},{"not_picked":["Concentrate","Cloak And Dagger"],"picked":"Well Laid Plans","floor":13},{"not_picked":["Bullet Time","Storm of Steel"],"picked":"Burst","floor":16},{"not_picked":["Flying Knee+1","Slice+1"],"picked":"Choke","floor":18},{"not_picked":["Eviscerate","Tactician"],"picked":"Outmaneuver","floor":19},{"not_picked":["Quick Slash","Setup"],"picked":"Terror","floor":22},{"not_picked":["Acrobatics","Phantasmal Killer"],"picked":"Doppelganger","floor":23},{"not_picked":["Deflect+1","Choke+1"],"picked":"Backstab","floor":25},{"not_picked":["Underhanded Strike","Dagger Spray"],"picked":"Deflect","floor":28},{"not_picked":["Reflex","Choke"],"picked":"Footwork","floor":29},{"not_picked":["Underhanded Strike","Acrobatics"],"picked":"Prepared","floor":31},{"not_picked":["Unload","Storm of Steel"],"picked":"Bullet Time","floor":33},{"not_picked":["Dagger Spray","Terror+1"],"picked":"Prepared+1","floor":35},{"not_picked":["Noxious Fumes+1","Distraction"],"picked":"Deflect","floor":37},{"not_picked":["Flying Knee+1","Predator+1"],"picked":"Backflip","floor":40},{"not_picked":["Poisoned Stab+1","Acrobatics+1"],"picked":"Accuracy+1","floor":41},{"not_picked":["Dagger Spray+1","Flying Knee+1","Endless Agony"],"picked":"Backflip+1","floor":44}],"player_experience":631571,"relics_obtained":[{"floor":6,"key":"Whetstone"},{"floor":8,"key":"Happy Flower"},{"floor":9,"key":"Centennial Puzzle"},{"floor":13,"key":"Girya"},{"floor":23,"key":"Ice Cream"},{"floor":25,"key":"Pear"},{"floor":26,"key":"Dream Catcher"},{"floor":40,"key":"Pen Nib"},{"floor":43,"key":"Question Card"}],"event_choices":[{"damage_healed":0,"gold_gain":0,"player_choice":"Upgraded","damage_taken":0,"max_hp_gain":0,"max_hp_loss":0,"event_name":"Upgrade Shrine","floor":2,"gold_loss":0,"cards_upgraded":["Cloak And Dagger"]},{"cards_removed":["Strike_G"],"damage_healed":0,"gold_gain":0,"player_choice":"Card Removal","damage_taken":0,"max_hp_gain":0,"max_hp_loss":0,"event_name":"The Cleric","floor":4,"gold_loss":50},{"damage_healed":0,"gold_gain":0,"player_choice":"Forge","damage_taken":0,"max_hp_gain":0,"max_hp_loss":0,"event_name":"Accursed Blacksmith","floor":5,"gold_loss":0,"cards_upgraded":["Cloak And Dagger"]},{"damage_healed":0,"gold_gain":0,"player_choice":"Ignored","damage_taken":0,"max_hp_gain":0,"max_hp_loss":0,"event_name":"Liars Game","floor":14,"gold_loss":0},{"damage_healed":0,"gold_gain":0,"player_choice":"Simplicity","damage_taken":0,"max_hp_gain":0,"max_hp_loss":0,"event_name":"Back to Basics","floor":21,"gold_loss":0,"cards_upgraded":["Defend_G","Defend_G","Defend_G","Defend_G","Defend_G","Strike_G","Strike_G"]},{"damage_healed":0,"gold_gain":0,"player_choice":"Smashed Altar","damage_taken":0,"max_hp_gain":0,"max_hp_loss":0,"event_name":"Forgotten Altar","floor":30,"gold_loss":0,"cards_obtained":["Decay"]},{"damage_healed":0,"gold_gain":275,"player_choice":"Desecrate","damage_taken":0,"max_hp_gain":0,"max_hp_loss":0,"event_name":"Golden Shrine","floor":38,"gold_loss":0,"cards_obtained":["Regret"]}],"is_beta":false,"boss_relics":[{"not_picked":["Tiny House","White Beast Statue"],"picked":"WristBlade"},{"not_picked":["Runic Dome","Pandora\u0027s Box"],"picked":"Lizard Tail"}],"items_purged_floors":[20,36,39],"is_endless":false,"potions_floor_spawned":[3,6,11,13,19,22,31,33,35,40,42,44],"killed_by":"Reptomancer","ascension_level":11}