{"gold_per_floor":[116,116,135,60,60,93,106,123,147,147,23,41,41,67,67,165,165,179,191,66,66,76,101,118,118,118,118,118,118,118,118,118,213,213,232,232,232,59,72,72,89,89,115,126],"floor_reached":44,"playtime":2955,"items_purged":["Strike_R","Strike_R","Defend_R","Defend_R"],"score":461,"play_id":"10ac3768-dbd6-419e-ad79-81cb7c82e415","local_time":"20190619101917","is_ascension_mode":false,"campfire_choices":[{"data":"Combust","floor":10.0,"key":"SMITH"},{"data":"Infernal Blade","floor":13.0,"key":"SMITH"},{"floor":15.0,"key":"REST"},{"floor":25,"key":"REST"},{"floor":28,"key":"REST"},{"floor":32,"key":"REST"},{"data":"Bludgeon","floor":40,"key":"SMITH"}],"neow_cost":"NONE","seed_source_timestamp":0,"circlet_count":0,"master_deck":["Strike_R","Bash","Infernal Blade+1","Anger+1","Uppercut","Combust+1","Twin Strike","Clothesline","Clash","Reckless Charge","Bludgeon","Battle Trance+1","Warcry","Hemokinesis","Bludgeon+1","Hemokinesis+1","Flex","Headbutt+1"],"special_seed":0,"relics":["Burning Blood","NeowsBlessing","Ancient Tea Set","Strawberry","Bronze Scales","Self Forming Clay","Black Star","PreservedInsect","Shuriken","Darkstone Periapt","Kunai","Empty Cage","Bag of Marbles"],"potions_floor_usage":[33,33],"damage_taken":[{"damage":0.0,"enemies":"Jaw Worm","floor":1.0,"turns":1.0},{"damage":0.0,"enemies":"Small Slimes","floor":3.0,"turns":1.0},{"damage":0.0,"enemies":"Gremlin Nob","floor":6.0,"turns":1.0},{"damage":0.0,"enemies":"Cultist","floor":7.0,"turns":2.0},{"damage":18.0,"enemies":"2 Fungi Beasts","floor":8.0,"turns":3.0},{"damage":6.0,"enemies":"Lots of Slimes","floor":12.0,"turns":2.0},{"damage":18.0,"enemies":"Lagavulin","floor":14.0,"turns":4.0},{"damage":48.0,"enemies":"The Guardian","floor":16.0,"turns":8.0},{"damage":12.0,"enemies":"Spheric Guardian","floor":18.0,"turns":3.0},{"damage":3.0,"enemies":"Chosen","floor":19.0,"turns":4.0},{"damage":13,"enemies":"Centurion and Healer","floor":22,"turns":5},{"damage":29,"enemies":"Book of Stabbing","floor":23,"turns":5},{"damage":40,"enemies":"Shelled Parasite and Fungi","floor":24,"turns":3},{"damage":54,"enemies":"Champ","floor":33,"turns":10},{"damage":22,"enemies":"Orb Walker","floor":35,"turns":3},{"damage":14,"enemies":"3 Shapes","floor":39,"turns":2},{"damage":42,"enemies":"Spire Growth","floor":41,"turns":4},{"damage":25,"enemies":"4 Shapes","floor":44,"turns":4}],"seed_played":"92595461678032298","potions_obtained":[{"floor":8.0,"key":"Ancient Potion"},{"floor":12.0,"key":"PowerPotion"},{"floor":14.0,"key":"SteroidPotion"},{"floor":16.0,"key":"EssenceOfSteel"},{"floor":23,"key":"AttackPotion"},{"floor":33,"key":"LiquidBronze"},{"floor":35,"key":"SteroidPotion"},{"floor":41,"key":"Energy Potion"}],"is_trial":false,"path_per_floor":["M","?","M","$","?","E","M","M","T","R","$","M","R","E","R","B",null,"M","M","$","?","M","E","M","R","T","$","R","?","$","?","R","B",null,"M","?","?","$","M","R","M","?","T","M"],"character_chosen":"IRONCLAD","items_purchased":["Clothesline","Flex"],"campfire_rested":4,"item_purchase_floors":[11,38],"current_hp_per_floor":[80,73,79,79,79,87,87,75,75,75,75,75,75,63,87,45,87,81,84,84,84,77,54,20,46,46,46,72,72,72,72,87,39,87,71,71,71,71,63,63,27,27,27,8],"gold":126,"neow_bonus":"THREE_ENEMY_KILL","is_prod":false,"is_daily":false,"chose_seed":false,"campfire_upgraded":3,"win_rate":0.0,"timestamp":1560910757,"path_taken":["M","?","M","$","?","E","M","M","T","R","$","?","R","E","R","BOSS","M","M","$","?","M","E","?","R","T","$","R","?","$","?","R","BOSS","M","?","?","$","M","R","M","?","T","M"],"build_version":"2019-01-23","purchased_purges":4,"victory":false,"max_hp_per_floor":[80,80,80,80,80,87,87,87,87,87,87,87,87,87,87,87,87,87,87,87,87,87,87,87,87,87,87,87,87,87,87,87,87,87,87,87,87,87,87,87,87,87,87,87],"card_choices":[{"not_picked":["Thunderclap","Fire Breathing"],"picked":"Infernal Blade","floor":1.0},{"not_picked":["Perfected Strike","Dropkick"],"picked":"Anger","floor":3.0},{"not_picked":["Flex","Feel No Pain"],"picked":"Uppercut","floor":6.0},{"not_picked":["Armaments","Body Slam"],"picked":"Combust","floor":7.0},{"not_picked":["Clothesline","Perfected Strike"],"picked":"Twin Strike","floor":8.0},{"not_picked":["Anger","Fire Breathing"],"picked":"Clash","floor":12.0},{"not_picked":["Cleave","Searing Blow"],"picked":"Reckless Charge","floor":14.0},{"not_picked":["Fiend Fire","Double Tap"],"picked":"Bludgeon","floor":16.0},{"not_picked":["Rupture","Inflame"],"picked":"Battle Trance+1","floor":18.0},{"not_picked":["Perfected Strike","Reckless Charge"],"picked":"Warcry","floor":19},{"not_picked":["Pummel","Cleave"],"picked":"Hemokinesis","floor":22},{"not_picked":["Thunderclap","True Grit","Demon Form"],"picked":"SKIP","floor":23},{"not_picked":["True Grit","Pummel","Twin Strike"],"picked":"SKIP","floor":24},{"not_picked":["Dark Embrace","Juggernaut"],"picked":"Bludgeon","floor":33},{"not_picked":["Reckless Charge","Inflame+1"],"picked":"Hemokinesis+1","floor":35},{"not_picked":["Cleave","Sever Soul","Feel No Pain+1"],"picked":"SKIP","floor":39},{"not_picked":["Iron Wave","Shrug It Off+1","Entrench"],"picked":"SKIP","floor":41},{"not_picked":["Uppercut","Body Slam+1"],"picked":"Headbutt+1","floor":44}],"player_experience":1699,"relics_obtained":[{"floor":6.0,"key":"Strawberry"},{"floor":9.0,"key":"Bronze Scales"},{"floor":14.0,"key":"Self Forming Clay"},{"floor":23,"key":"PreservedInsect"},{"floor":23,"key":"Shuriken"},{"floor":26,"key":"Darkstone Periapt"},{"floor":43,"key":"Bag of Marbles"}],"event_choices":[{"damage_healed":0.0,"max_hp_gain":0.0,"max_hp_loss":0.0,"gold_gain":0.0,"event_name":"Scrap Ooze","player_choice":"Success","floor":2.0,"gold_loss":0.0,"damage_taken":7.0,"relics_obtained":["Ancient Tea Set"]},{"damage_healed":0.0,"max_hp_gain":0.0,"max_hp_loss":0.0,"gold_gain":0.0,"event_name":"Upgrade Shrine","player_choice":"Upgraded","floor":5.0,"gold_loss":0.0,"damage_taken":0.0,"cards_upgraded":["Anger"]},{"damage_healed":0,"gold_gain":0,"player_choice":"Cursed","damage_taken":0,"max_hp_gain":0,"max_hp_loss":0,"event_name":"Wheel of Change","floor":21,"gold_loss":0,"cards_obtained":["Decay"]},{"damage_healed":0,"gold_gain":0,"player_choice":"Opened","damage_taken":0,"relics_obtained":["Kunai"],"max_hp_gain":0,"max_hp_loss":0,"event_name":"The Mausoleum","floor":29,"gold_loss":0},{"cards_removed":["Decay"],"damage_healed":0,"gold_gain":0,"player_choice":"Removed Curses","damage_taken":0,"max_hp_gain":0,"max_hp_loss":0,"event_name":"Fountain of Cleansing","floor":31,"gold_loss":0},{"cards_removed":["Strike_R"],"damage_healed":0,"gold_gain":0,"player_choice":"Removed Attack","damage_taken":0,"max_hp_gain":0,"max_hp_loss":0,"event_name":"Falling","floor":36,"gold_loss":0},{"damage_healed":0,"gold_gain":0,"player_choice":"Ignored","damage_taken":0,"max_hp_gain":0,"max_hp_loss":0,"event_name":"Tomb of Lord Red Mask","floor":37,"gold_loss":0},{"cards_removed":["Strike_R"],"damage_healed":0,"gold_gain":0,"player_choice":"Purged","damage_taken":0,"max_hp_gain":0,"max_hp_loss":0,"event_name":"Purifier","floor":42,"gold_loss":0}],"is_beta":false,"boss_relics":[{"not_picked":["Eternal Feather","Philosopher\u0027s Stone"],"picked":"Black Star"},{"not_picked":["Orrery","Cursed Key"],"picked":"Empty Cage"}],"items_purged_floors":[4,11,20,38],"is_endless":false,"potions_floor_spawned":[8,12,14,16,23,33,35,41],"killed_by":"4 Shapes","ascension_level":0}