{"gold_per_floor":[116,133,133,133,149,182,182,206,206,224,224,249,53,92,92,223,223,241,261,282,282,282,282,318,318,318,318,341,356,356,371,371,371],"floor_reached":33,"playtime":1088,"items_purged":[],"score":279,"play_id":"2d7f72de-abdd-4f47-846e-db8bc4f21c9d","local_time":"20190427225527","is_ascension_mode":false,"campfire_choices":[{"data":"Bash","floor":7,"key":"SMITH"},{"data":"Rampage","floor":11,"key":"SMITH"},{"data":"Perfected Strike","floor":15,"key":"SMITH"},{"floor":23,"key":"REST"},{"data":"Disarm","floor":25,"key":"SMITH"},{"data":"Dual Wield","floor":27,"key":"SMITH"},{"data":"Flex","floor":30,"key":"SMITH"},{"floor":32,"key":"REST"}],"neow_cost":"NONE","seed_source_timestamp":619567746960368,"circlet_count":0,"master_deck":["Strike_R","Strike_R","Strike_R","Strike_R","Strike_R","Defend_R","Defend_R","Defend_R","Defend_R","Bash+1","Thunderclap","Disarm+1","Armaments+1","Anger","Headbutt","Rampage+1","Perfected Strike+1","Dropkick","Feed","Cleave+1","Dual Wield+1","Fiend Fire","Flex+1","Flame Barrier+1"],"relics":["Burning Blood","NeowsBlessing","Golden Idol","Shuriken","Singing Bowl","Ancient Tea Set","Bag of Preparation","Runic Pyramid","MutagenicStrength","Matryoshka","Potion Belt","Bird Faced Urn"],"potions_floor_usage":[6,24,24,31,33],"damage_taken":[{"damage":0,"enemies":"2 Louse","floor":1,"turns":1},{"damage":0,"enemies":"Jaw Worm","floor":2,"turns":1},{"damage":0,"enemies":"Cultist","floor":5,"turns":1},{"damage":46,"enemies":"3 Sentries","floor":6,"turns":9},{"damage":10,"enemies":"Blue Slaver","floor":8,"turns":4},{"damage":13,"enemies":"2 Fungi Beasts","floor":10,"turns":4},{"damage":10,"enemies":"Looter","floor":12,"turns":3},{"damage":6,"enemies":"Gremlin Nob","floor":14,"turns":3},{"damage":14,"enemies":"Hexaghost","floor":16,"turns":8},{"damage":28,"enemies":"2 Thieves","floor":18,"turns":3},{"damage":20,"enemies":"Shell Parasite","floor":19,"turns":5},{"damage":42,"enemies":"Shelled Parasite and Fungi","floor":20,"turns":7},{"damage":15,"enemies":"Book of Stabbing","floor":24,"turns":5},{"damage":10,"enemies":"Cultist and Chosen","floor":28,"turns":4},{"damage":20,"enemies":"Sentry and Sphere","floor":29,"turns":4},{"damage":15,"enemies":"Chosen and Byrds","floor":31,"turns":5},{"damage":88,"enemies":"Automaton","floor":33,"turns":6}],"seed_played":"3145577036337589472","potions_obtained":[{"floor":5,"key":"Explosive Potion"},{"floor":8,"key":"Regen Potion"},{"floor":12,"key":"Poison Potion"},{"floor":14,"key":"Swift Potion"},{"floor":20,"key":"BloodPotion"},{"floor":29,"key":"Regen Potion"}],"is_trial":false,"path_per_floor":["M","M","?","?","M","E","R","M","T","M","R","M","$","E","R","B",null,"M","M","M","?","?","R","E","R","T","R","M","M","R","M","R","B"],"character_chosen":"IRONCLAD","items_purchased":["Ancient Tea Set","Fire Potion"],"campfire_rested":2,"item_purchase_floors":[13,13],"current_hp_per_floor":[80,80,85,79,79,39,39,35,35,28,28,24,24,24,24,16,79,59,45,11,11,11,35,43,43,43,43,39,28,28,33,58,0],"gold":371,"neow_bonus":"THREE_ENEMY_KILL","is_prod":false,"is_daily":false,"chose_seed":false,"campfire_upgraded":6,"win_rate":0,"timestamp":1556420127,"path_taken":["M","M","?","?","?","E","R","M","T","M","R","M","$","E","R","BOSS","M","M","M","?","?","R","E","R","T","R","?","M","R","M","R","BOSS"],"build_version":"2019-01-23","purchased_purges":0,"victory":false,"max_hp_per_floor":[80,80,85,79,79,79,79,79,79,79,79,79,79,79,79,79,79,81,81,83,83,83,83,83,83,83,83,83,86,86,86,86,86],"card_choices":[{"not_picked":["Havoc","Clothesline"],"picked":"Thunderclap","floor":1},{"not_picked":["Power Through","Headbutt"],"picked":"Disarm","floor":2},{"not_picked":["Warcry","Flex"],"picked":"Armaments","floor":5},{"not_picked":["Sword Boomerang","Iron Wave"],"picked":"Anger","floor":6},{"not_picked":["Wild Strike","Havoc"],"picked":"Headbutt","floor":8},{"not_picked":["Reckless Charge","Iron Wave"],"picked":"Rampage","floor":10},{"not_picked":["Anger","Double Tap"],"picked":"Perfected Strike","floor":12},{"not_picked":["Pummel","Corruption"],"picked":"Dropkick","floor":14},{"not_picked":["Fiend Fire","Barricade"],"picked":"Feed","floor":16},{"not_picked":["Heavy Blade+1","Twin Strike+1","Pommel Strike"],"picked":"Singing Bowl","floor":18},{"not_picked":["Clash","Rupture+1"],"picked":"Cleave+1","floor":19},{"not_picked":["Blood for Blood","Headbutt","Reckless Charge"],"picked":"Singing Bowl","floor":20},{"not_picked":["Armaments","Metallicize"],"picked":"Dual Wield","floor":24},{"not_picked":["Disarm","Carnage"],"picked":"Fiend Fire","floor":28},{"not_picked":["Dropkick","Anger"],"picked":"Flex","floor":29},{"not_picked":["Havoc","Warcry"],"picked":"Flame Barrier+1","floor":31}],"player_experience":108867,"relics_obtained":[{"floor":6,"key":"Shuriken"},{"floor":9,"key":"Singing Bowl"},{"floor":14,"key":"Bag of Preparation"},{"floor":24,"key":"Matryoshka"},{"floor":26,"key":"Potion Belt"},{"floor":26,"key":"Bird Faced Urn"}],"event_choices":[{"damage_healed":0,"gold_gain":0,"player_choice":"Donut","damage_taken":0,"max_hp_gain":5,"max_hp_loss":0,"event_name":"Big Fish","floor":3,"gold_loss":0},{"damage_healed":0,"gold_gain":0,"player_choice":"Lose Max HP","damage_taken":0,"relics_obtained":["Golden Idol"],"max_hp_gain":0,"max_hp_loss":6,"event_name":"Golden Idol","floor":4,"gold_loss":0},{"damage_healed":0,"gold_gain":0,"player_choice":"Inject Mutagens","damage_taken":0,"relics_obtained":["MutagenicStrength"],"max_hp_gain":0,"max_hp_loss":0,"event_name":"Drug Dealer","floor":21,"gold_loss":0},{"damage_healed":0,"gold_gain":0,"player_choice":"Forge","damage_taken":0,"max_hp_gain":0,"max_hp_loss":0,"event_name":"Accursed Blacksmith","floor":22,"gold_loss":0,"cards_upgraded":["Armaments"]}],"is_beta":false,"boss_relics":[{"not_picked":["Pandora\u0027s Box","Mark of Pain"],"picked":"Runic Pyramid"}],"items_purged_floors":[],"is_endless":false,"potions_floor_spawned":[5,8,12,14,18,20,29],"killed_by":"Automaton","ascension_level":0}