{"gold_per_floor":[115,129,147,160,170,198,211,211,211,240,254,152,152,179,179,255,255,274,6,6,22,34,34,34],"floor_reached":24,"playtime":1709,"items_purged":[],"score":440,"play_id":"7bfb85f9-4a28-41b0-b3a3-acdd7d39367b","local_time":"20190624201421","is_ascension_mode":true,"campfire_choices":[{"floor":8,"key":"REST"},{"floor":15,"key":"REST"},{"floor":23,"key":"REST"}],"neow_cost":"NONE","seed_source_timestamp":91754781694958,"circlet_count":0,"master_deck":["AscendersBane","Strike_R","Strike_R","Strike_R","Strike_R","Strike_R","Defend_R","Defend_R","Defend_R","Defend_R","Bash","Ghostly Armor","Sword Boomerang","Inflame","Shockwave","Anger","Havoc","Flame Barrier","Reaper","Enlightenment","Exhume","Headbutt","Armaments","Whirlwind","Shrug It Off"],"relics":["Burning Blood","Dream Catcher","Letter Opener","Ancient Tea Set","Torii","Mark of Pain","Toolbox"],"potions_floor_usage":[3,10,16,21,24],"damage_taken":[{"damage":8,"enemies":"Cultist","floor":1,"turns":5},{"damage":0,"enemies":"2 Louse","floor":2,"turns":4},{"damage":0,"enemies":"Small Slimes","floor":3,"turns":3},{"damage":12,"enemies":"Looter","floor":4,"turns":3},{"damage":7,"enemies":"2 Fungi Beasts","floor":5,"turns":4},{"damage":50,"enemies":"3 Sentries","floor":6,"turns":12},{"damage":4,"enemies":"Large Slime","floor":7,"turns":5},{"damage":22,"enemies":"Lagavulin","floor":10,"turns":8},{"damage":6,"enemies":"Blue Slaver","floor":11,"turns":4},{"damage":29,"enemies":"Gremlin Nob","floor":14,"turns":4},{"damage":14,"enemies":"The Guardian","floor":16,"turns":15},{"damage":47,"enemies":"Spheric Guardian","floor":18,"turns":6},{"damage":1,"enemies":"2 Thieves","floor":21,"turns":2},{"damage":42,"enemies":"Snake Plant","floor":22,"turns":6},{"damage":44,"enemies":"Book of Stabbing","floor":24,"turns":7}],"seed_played":"43971109289821037","potions_obtained":[{"floor":2,"key":"Block Potion"},{"floor":3,"key":"FairyPotion"},{"floor":7,"key":"PowerPotion"},{"floor":10,"key":"SkillPotion"},{"floor":18,"key":"AttackPotion"},{"floor":22,"key":"SkillPotion"}],"is_trial":false,"path_per_floor":["M","M","M","M","M","E","M","R","T","E","M","$","?","E","R","B",null,"M","$","?","M","M","R","E"],"character_chosen":"IRONCLAD","items_purchased":["Enlightenment","Toolbox","Armaments"],"campfire_rested":3,"item_purchase_floors":[12,19,19],"current_hp_per_floor":[73,79,82,76,75,31,33,57,57,41,41,41,41,18,42,40,72,31,31,31,36,14,38,0],"gold":34,"neow_bonus":"TEN_PERCENT_HP_BONUS","is_prod":false,"is_daily":false,"chose_seed":false,"campfire_upgraded":0,"win_rate":0,"timestamp":1561418061,"path_taken":["M","M","M","M","M","E","M","R","T","E","?","$","?","E","R","BOSS","M","$","?","?","M","R","E"],"build_version":"2019-01-23","purchased_purges":0,"victory":false,"max_hp_per_floor":[82,82,82,82,82,82,82,82,82,82,82,82,82,82,82,82,82,82,82,82,82,82,82,82],"card_choices":[{"not_picked":["Thunderclap","Wild Strike"],"picked":"Ghostly Armor","floor":1},{"not_picked":["Perfected Strike","Heavy Blade"],"picked":"Sword Boomerang","floor":2},{"not_picked":["Sword Boomerang","Rampage"],"picked":"Inflame","floor":3},{"not_picked":["Thunderclap","Evolve"],"picked":"Shockwave","floor":4},{"not_picked":["True Grit","Inflame"],"picked":"Anger","floor":5},{"not_picked":["Flex","Perfected Strike","Cleave"],"picked":"SKIP","floor":6},{"not_picked":["Clash","Second Wind"],"picked":"Havoc","floor":7},{"not_picked":["Inflame","Rage"],"picked":"Flame Barrier","floor":8},{"not_picked":["Shrug It Off","Rupture"],"picked":"Reaper","floor":10},{"not_picked":["Sever Soul","Cleave","Warcry"],"picked":"SKIP","floor":11},{"not_picked":["Iron Wave","Spot Weakness","Thunderclap"],"picked":"SKIP","floor":14},{"not_picked":["Bludgeon","Brutality"],"picked":"Exhume","floor":16},{"not_picked":["Havoc","Pommel Strike"],"picked":"Headbutt","floor":18},{"not_picked":["Sentinel","Sword Boomerang"],"picked":"Whirlwind","floor":21},{"not_picked":["Feel No Pain","Heavy Blade"],"picked":"Shrug It Off","floor":22}],"player_experience":1174272,"relics_obtained":[{"floor":6,"key":"Dream Catcher"},{"floor":9,"key":"Letter Opener"},{"floor":10,"key":"Ancient Tea Set"},{"floor":14,"key":"Torii"}],"event_choices":[{"damage_healed":0,"gold_gain":0,"player_choice":"Ignored","damage_taken":0,"max_hp_gain":0,"max_hp_loss":0,"event_name":"Golden Idol","floor":13,"gold_loss":0},{"damage_healed":0,"gold_gain":0,"player_choice":"Got Potions","damage_taken":0,"max_hp_gain":0,"max_hp_loss":0,"event_name":"Lab","floor":20,"gold_loss":0}],"is_beta":false,"boss_relics":[{"not_picked":["Runic Dome","Tiny House"],"picked":"Mark of Pain"}],"items_purged_floors":[],"is_endless":false,"potions_floor_spawned":[2,3,7,10,18,22],"killed_by":"Book of Stabbing","ascension_level":20}