{"gold_per_floor":[118,118,131,144,144,144,170,69,69,69,69,89,103,123,123,123],"floor_reached":16,"playtime":655,"items_purged":["Strike_G"],"score":199,"play_id":"ea1e36f2-3bd8-4655-bf16-0d99cd0e2d8b","local_time":"20190626171241","is_ascension_mode":true,"campfire_choices":[{"data":"Dagger Throw","floor":6,"key":"SMITH"},{"data":"Deadly Poison","floor":15,"key":"SMITH"}],"neow_cost":"NONE","seed_source_timestamp":69273422852991,"circlet_count":0,"master_deck":["AscendersBane","Defend_G","Defend_G","Defend_G","Defend_G+1","Defend_G","Strike_G","Strike_G","Strike_G+1","Strike_G","Survivor","Neutralize+1","Bane","Dagger Throw+1","Unload+1","PiercingWail","PiercingWail","Deadly Poison+1"],"relics":["White Beast Statue","Singing Bowl","Regal Pillow"],"potions_floor_usage":[4,7,7,13,14,16,16],"damage_taken":[{"damage":1,"enemies":"Cultist","floor":1,"turns":5},{"damage":3,"enemies":"2 Louse","floor":3,"turns":4},{"damage":0,"enemies":"Jaw Worm","floor":4,"turns":3},{"damage":21,"enemies":"3 Sentries","floor":7,"turns":8},{"damage":0,"enemies":"3 Louse","floor":12,"turns":4},{"damage":0,"enemies":"Lots of Slimes","floor":13,"turns":2},{"damage":0,"enemies":"2 Fungi Beasts","floor":14,"turns":3},{"damage":19,"enemies":"Hexaghost","floor":16,"turns":9}],"seed_played":"7110530726151730232","potions_obtained":[{"floor":1,"key":"SneckoOil"},{"floor":3,"key":"Dexterity Potion"},{"floor":4,"key":"LiquidBronze"},{"floor":7,"key":"Explosive Potion"},{"floor":12,"key":"Ancient Potion"},{"floor":13,"key":"Dexterity Potion"},{"floor":14,"key":"Poison Potion"}],"is_trial":false,"path_per_floor":["M","?","M","M","?","R","E","$","T","$","?","M","M","M","R","B"],"character_chosen":"THE_SILENT","items_purchased":["PiercingWail"],"campfire_rested":0,"item_purchase_floors":[8],"current_hp_per_floor":[58,38,35,35,35,35,16,16,16,16,16,18,18,18,18,0],"gold":123,"neow_bonus":"BOSS_RELIC","is_prod":false,"is_daily":false,"chose_seed":false,"campfire_upgraded":2,"win_rate":0,"timestamp":1561583561,"path_taken":["M","?","M","M","?","R","E","$","T","?","?","M","?","M","R","BOSS"],"build_version":"2019-01-23","purchased_purges":1,"victory":false,"max_hp_per_floor":[66,66,66,66,66,66,68,68,68,68,68,70,70,70,70,70],"card_choices":[{"not_picked":["Poisoned Stab","Calculated Gamble"],"picked":"Bane","floor":1},{"not_picked":["Cloak And Dagger","Endless Agony"],"picked":"Dagger Throw","floor":3},{"not_picked":["Dagger Throw","Cloak And Dagger"],"picked":"Unload","floor":4},{"not_picked":["Escape Plan","Dagger Throw","Sucker Punch"],"picked":"Singing Bowl","floor":7},{"not_picked":["Blade Dance","Dodge and Roll","Acrobatics"],"picked":"Singing Bowl","floor":12},{"not_picked":["Infinite Blades","Underhanded Strike"],"picked":"PiercingWail","floor":13},{"not_picked":["Footwork","Flying Knee"],"picked":"Deadly Poison","floor":14}],"player_experience":728634,"relics_obtained":[{"floor":7,"key":"Singing Bowl"},{"floor":9,"key":"Regal Pillow"}],"event_choices":[{"damage_healed":0,"gold_gain":0,"player_choice":"Entered Light","damage_taken":20,"max_hp_gain":0,"max_hp_loss":0,"event_name":"Shining Light","floor":2,"gold_loss":0,"cards_upgraded":["Defend_G","Strike_G"]},{"damage_healed":0,"gold_gain":0,"player_choice":"Grow","damage_taken":0,"max_hp_gain":0,"max_hp_loss":0,"event_name":"Living Wall","floor":5,"gold_loss":0,"cards_upgraded":["Unload"]},{"damage_healed":0,"gold_gain":0,"player_choice":"Forge","damage_taken":0,"max_hp_gain":0,"max_hp_loss":0,"event_name":"Accursed Blacksmith","floor":11,"gold_loss":0,"cards_upgraded":["Neutralize"]}],"is_beta":false,"boss_relics":[],"items_purged_floors":[8],"is_endless":false,"potions_floor_spawned":[1,3,4,7,12,13,14],"killed_by":"Hexaghost","ascension_level":19}