{"gold_per_floor":[119,134,149,74,74,99,119,119,170,170,170,170,183,183],"floor_reached":14,"playtime":393,"items_purged":["Strike_G"],"score":176,"play_id":"e57f4806-c62a-486a-8f55-403221061d6a","local_time":"20190626115740","is_ascension_mode":true,"campfire_choices":[{"floor":8,"key":"REST"},{"data":"Dash","floor":10,"key":"SMITH"},{"data":"Neutralize","floor":12,"key":"SMITH"}],"neow_cost":"NONE","seed_source_timestamp":95443011321600,"circlet_count":0,"master_deck":["AscendersBane","Defend_G+1","Defend_G+1","Defend_G","Defend_G","Defend_G","Strike_G+1","Strike_G","Strike_G","Strike_G+1","Survivor","Neutralize+1","Riddle With Holes","Dash+1","Backflip","Escape Plan","Bullet Time"],"relics":["Ring of the Snake","NeowsBlessing","Singing Bowl","Whetstone"],"potions_floor_usage":[6,6],"damage_taken":[{"damage":0,"enemies":"Cultist","floor":1,"turns":1},{"damage":0,"enemies":"2 Louse","floor":2,"turns":1},{"damage":0,"enemies":"Small Slimes","floor":3,"turns":1},{"damage":32,"enemies":"Lagavulin","floor":6,"turns":7},{"damage":17,"enemies":"Exordium Wildlife","floor":7,"turns":6},{"damage":1,"enemies":"Red Slaver","floor":13,"turns":4},{"damage":15,"enemies":"Exordium Thugs","floor":14,"turns":6}],"seed_played":"867309440671226189","potions_obtained":[{"floor":2,"key":"GhostInAJar"},{"floor":3,"key":"Strength Potion"},{"floor":6,"key":"FairyPotion"}],"is_trial":false,"path_per_floor":["M","M","M","$","?","E","M","R","T","R","?","R","M","M"],"character_chosen":"THE_SILENT","items_purchased":[],"campfire_rested":1,"item_purchase_floors":[],"current_hp_per_floor":[59,59,59,59,39,7,6,25,25,25,16,16,15,0],"gold":183,"neow_bonus":"THREE_ENEMY_KILL","is_prod":false,"is_daily":false,"chose_seed":false,"campfire_upgraded":2,"win_rate":0,"timestamp":1561564660,"path_taken":["M","M","?","$","?","E","M","R","T","R","?","R","M","M"],"build_version":"2019-01-23","purchased_purges":1,"victory":false,"max_hp_per_floor":[66,66,66,66,66,66,66,66,66,66,66,66,66,66],"card_choices":[{"not_picked":["Flying Knee","Deflect"],"picked":"Riddle With Holes","floor":1},{"not_picked":["PiercingWail","Acrobatics"],"picked":"Dash","floor":2},{"not_picked":["Quick Slash","Flying Knee","Deflect"],"picked":"SKIP","floor":3},{"not_picked":["Acrobatics","Accuracy"],"picked":"Backflip","floor":6},{"not_picked":["Bane","Underhanded Strike"],"picked":"Escape Plan","floor":7},{"not_picked":["Blade Dance","Bane"],"picked":"Bullet Time","floor":13}],"player_experience":1423904,"relics_obtained":[{"floor":6,"key":"Singing Bowl"},{"floor":9,"key":"Whetstone"}],"event_choices":[{"damage_healed":0,"gold_gain":0,"player_choice":"Entered Light","damage_taken":20,"max_hp_gain":0,"max_hp_loss":0,"event_name":"Shining Light","floor":5,"gold_loss":0,"cards_upgraded":["Defend_G","Defend_G"]},{"damage_healed":0,"gold_gain":0,"player_choice":"Damaged","damage_taken":9,"max_hp_gain":0,"max_hp_loss":0,"event_name":"Wheel of Change","floor":11,"gold_loss":0}],"is_beta":false,"boss_relics":[],"items_purged_floors":[4],"is_endless":false,"potions_floor_spawned":[2,3,6],"killed_by":"Exordium Thugs","ascension_level":19}