{"gold_per_floor":[114,128,128,128,138,138,165,184,184,184,214,229,34,46,46,146,146,146,146,68,8,8,8,8,8,8,8,8,8,8,8,8,8,8,8,8,8,8,8,8],"floor_reached":40,"playtime":2137,"items_purged":["Strike_G"],"score":537,"play_id":"c979ceb4-5c63-4d75-a3f4-645ddaa7a881","local_time":"20190627025600","is_ascension_mode":true,"campfire_choices":[{"data":"Neutralize","floor":6,"key":"SMITH"},{"floor":10,"key":"REST"},{"data":"Noxious Fumes","floor":15,"key":"SMITH"},{"data":"Well Laid Plans","floor":23,"key":"SMITH"},{"data":"Footwork","floor":25,"key":"SMITH"},{"floor":29,"key":"REST"},{"data":"Footwork","floor":32,"key":"SMITH"}],"neow_cost":"NONE","seed_source_timestamp":263265718792848,"circlet_count":0,"master_deck":["Defend_G","Defend_G","Defend_G","Defend_G","Defend_G","Strike_G","Strike_G","Strike_G","Survivor","Neutralize+1","Deadly Poison","Flying Knee","Crippling Poison","Infinite Blades","PiercingWail","Dagger Spray","Noxious Fumes+1","Poisoned Stab","Footwork+1","Storm of Steel","Noxious Fumes","Well Laid Plans+1","Backstab","Backflip","Skewer+1","Footwork+1","A Thousand Cuts","Calculated Gamble"],"relics":["Ring of the Snake","NeowsBlessing","Vajra","Centennial Puzzle","Shuriken","Ectoplasm","NlothsMask","Busted Crown"],"potions_floor_usage":[33,40,40],"damage_taken":[{"damage":0,"enemies":"2 Louse","floor":1,"turns":1},{"damage":0,"enemies":"Small Slimes","floor":2,"turns":1},{"damage":0,"enemies":"Cultist","floor":5,"turns":1},{"damage":39,"enemies":"3 Sentries","floor":7,"turns":13},{"damage":0,"enemies":"Exordium Thugs","floor":8,"turns":4},{"damage":8,"enemies":"Lagavulin","floor":11,"turns":8},{"damage":6,"enemies":"2 Fungi Beasts","floor":12,"turns":3},{"damage":1,"enemies":"Blue Slaver","floor":14,"turns":6},{"damage":2,"enemies":"Hexaghost","floor":16,"turns":8},{"damage":4,"enemies":"3 Byrds","floor":18,"turns":3},{"damage":13,"enemies":"2 Thieves","floor":21,"turns":4},{"damage":12,"enemies":"Snecko","floor":22,"turns":6},{"damage":5,"enemies":"Shelled Parasite and Fungi","floor":30,"turns":5},{"damage":9,"enemies":"Sentry and Sphere","floor":31,"turns":6},{"damage":28,"enemies":"Champ","floor":33,"turns":11},{"damage":6,"enemies":"Orb Walker","floor":35,"turns":3},{"damage":11,"enemies":"3 Darklings","floor":36,"turns":5},{"damage":6,"enemies":"Maw","floor":38,"turns":7},{"damage":59,"enemies":"Giant Head","floor":40,"turns":8}],"seed_played":"7225646156592514661","potions_obtained":[{"floor":2,"key":"Ancient Potion"},{"floor":7,"key":"AttackPotion"},{"floor":12,"key":"GhostInAJar"},{"floor":33,"key":"Regen Potion"}],"is_trial":false,"path_per_floor":["M","M","?","?","M","R","E","M","T","R","E","M","$","M","R","B",null,"M","?","$","M","M","R","?","R","T","$","$","R","M","M","R","B",null,"M","M","$","M","$","E"],"character_chosen":"THE_SILENT","items_purchased":["Noxious Fumes","Poisoned Stab","Well Laid Plans"],"campfire_rested":2,"item_purchase_floors":[13,13,20],"current_hp_per_floor":[63,63,63,63,63,63,24,24,24,45,37,31,31,30,30,28,60,56,56,56,43,31,31,31,31,31,31,31,52,47,38,38,10,55,49,38,38,32,32,0],"gold":8,"neow_bonus":"THREE_ENEMY_KILL","is_prod":false,"is_daily":false,"chose_seed":false,"campfire_upgraded":5,"win_rate":0,"timestamp":1561618560,"path_taken":["M","M","?","?","M","R","E","?","T","R","E","M","$","M","R","BOSS","M","?","?","M","M","R","?","R","T","?","$","R","M","M","R","BOSS","M","M","?","M","?","E"],"build_version":"2019-01-23","purchased_purges":1,"victory":false,"max_hp_per_floor":[70,70,70,70,70,70,70,70,70,70,70,70,70,70,70,70,70,70,70,70,70,70,70,70,70,70,70,70,70,70,70,70,70,70,70,70,70,70,70,70],"card_choices":[{"not_picked":["PiercingWail","Quick Slash"],"picked":"Deadly Poison","floor":1},{"not_picked":["Blade Dance","Deflect"],"picked":"Flying Knee","floor":2},{"not_picked":["Reflex","Sucker Punch","Prepared"],"picked":"SKIP","floor":5},{"not_picked":["PiercingWail","Bane"],"picked":"Crippling Poison","floor":7},{"not_picked":["Expertise","Dagger Throw"],"picked":"Infinite Blades","floor":8},{"not_picked":["Acrobatics","Escape Plan"],"picked":"PiercingWail","floor":11},{"not_picked":["Caltrops","Deflect"],"picked":"Dagger Spray","floor":12},{"not_picked":["Accuracy","Burst"],"picked":"Footwork","floor":14},{"not_picked":["Night Terror","A Thousand Cuts"],"picked":"Storm of Steel","floor":16},{"not_picked":["Eviscerate","All Out Attack"],"picked":"Noxious Fumes","floor":18},{"not_picked":["Sucker Punch","Underhanded Strike"],"picked":"Backstab","floor":21},{"not_picked":["Expertise+1","Deadly Poison"],"picked":"Backflip","floor":22},{"not_picked":["Dagger Throw","Poisoned Stab"],"picked":"Skewer+1","floor":30},{"not_picked":["Deadly Poison","Cloak And Dagger"],"picked":"Footwork","floor":31},{"not_picked":["Phantasmal Killer","Bullet Time"],"picked":"A Thousand Cuts","floor":33},{"not_picked":[],"picked":"Calculated Gamble","floor":35},{"not_picked":["Underhanded Strike"],"picked":"SKIP","floor":36},{"not_picked":["Blur"],"picked":"SKIP","floor":38}],"player_experience":180005,"relics_obtained":[{"floor":7,"key":"Vajra"},{"floor":9,"key":"Centennial Puzzle"},{"floor":11,"key":"Shuriken"}],"event_choices":[{"damage_healed":0,"gold_gain":0,"player_choice":"Ignored","damage_taken":0,"max_hp_gain":0,"max_hp_loss":0,"event_name":"Liars Game","floor":3,"gold_loss":0},{"cards_removed":["Strike_G"],"damage_healed":0,"gold_gain":0,"player_choice":"Purged","damage_taken":0,"max_hp_gain":0,"max_hp_loss":0,"event_name":"Purifier","floor":4,"gold_loss":0},{"damage_healed":0,"gold_gain":0,"player_choice":"Trade","damage_taken":0,"relics_obtained":["NlothsMask"],"max_hp_gain":0,"max_hp_loss":0,"event_name":"FaceTrader","floor":19,"gold_loss":0},{"damage_healed":0,"gold_gain":0,"player_choice":"Ignored","damage_taken":0,"max_hp_gain":0,"max_hp_loss":0,"event_name":"Vampires","floor":24,"gold_loss":0}],"is_beta":false,"boss_relics":[{"not_picked":["Empty Cage","Eternal Feather"],"picked":"Ectoplasm"},{"not_picked":["Black Star","Runic Dome"],"picked":"Busted Crown"}],"items_purged_floors":[13],"is_endless":false,"potions_floor_spawned":[2,7,12,18,21,33,38],"killed_by":"Giant Head","ascension_level":7}