{"gold_per_floor":[118,81,81,92,43,72,86,86,86,115,115,40,40,40,40,139,139,156,156,156,156,156,156,81,81,81,104,4,38,38,56,56,154,154,172,172,192,209,136,136,162,162,188,188,198,231,249,59,59,59],"floor_reached":51,"playtime":1760,"items_purged":["Strike_B","Bite"],"score":966,"play_id":"8d24cf0e-c1d7-4a04-a476-48691240e75c","local_time":"20190501014436","is_ascension_mode":true,"campfire_choices":[{"data":"Doom and Gloom","floor":11,"key":"SMITH"},{"floor":13,"key":"DIG"},{"data":"Loop","floor":15,"key":"SMITH"},{"floor":23,"key":"DIG"},{"floor":30,"key":"DIG"},{"floor":32,"key":"DIG"},{"floor":40,"key":"REST"},{"data":"Defragment","floor":42,"key":"SMITH"},{"data":"Defragment","floor":44,"key":"SMITH"},{"floor":49,"key":"DIG"}],"neow_cost":"NONE","seed_source_timestamp":888241585563514,"circlet_count":0,"master_deck":["Defend_B+1","Defend_B","Defend_B","Zap+1","Dualcast","Chaos","Conserve Battery","Coolheaded","Reinforced Body+1","Loop+1","Doom and Gloom+1","Biased Cognition","Cold Snap+1","Buffer","Sweeping Beam+1","Bite","Bite","Bite","Bite+1","Echo Form","Undo+1","Defragment+1","Defragment+1","Hologram","Double Energy","Parasite"],"relics":["FrozenCore","NeowsBlessing","Question Card","Pen Nib","Shovel","DataDisk","Velvet Choker","StoneCalendar","Enchiridion","Letter Opener","Shuriken","Regal Pillow","Whetstone","Vajra","Du-Vu Doll","Meat on the Bone","Potion Belt","Art of War","Toolbox","Lantern"],"potions_floor_usage":[16,33,33,45,46,46,50,50],"damage_taken":[{"damage":0,"enemies":"Small Slimes","floor":1,"turns":1},{"damage":0,"enemies":"Cultist","floor":4,"turns":1},{"damage":0,"enemies":"Gremlin Nob","floor":6,"turns":1},{"damage":7,"enemies":"Jaw Worm","floor":7,"turns":3},{"damage":23,"enemies":"3 Sentries","floor":10,"turns":9},{"damage":3,"enemies":"Slime Boss","floor":16,"turns":12},{"damage":0,"enemies":"Chosen","floor":18,"turns":4},{"damage":0,"enemies":"Book of Stabbing","floor":29,"turns":6},{"damage":12,"enemies":"3 Byrds","floor":31,"turns":3},{"damage":38,"enemies":"Champ","floor":33,"turns":8},{"damage":25,"enemies":"3 Darklings","floor":35,"turns":4},{"damage":0,"enemies":"Orb Walker","floor":37,"turns":4},{"damage":20,"enemies":"3 Darklings","floor":38,"turns":3},{"damage":1,"enemies":"Giant Head","floor":41,"turns":11},{"damage":40,"enemies":"Transient","floor":45,"turns":5},{"damage":0,"enemies":"Nemesis","floor":46,"turns":5},{"damage":22,"enemies":"Writhing Mass","floor":47,"turns":5},{"damage":67,"enemies":"Awakened One","floor":50,"turns":16}],"seed_played":"1844782002305600943","potions_obtained":[{"floor":1,"key":"Dexterity Potion"},{"floor":4,"key":"Regen Potion"},{"floor":7,"key":"AttackPotion"},{"floor":16,"key":"Swift Potion"},{"floor":33,"key":"Poison Potion"},{"floor":37,"key":"AttackPotion"},{"floor":45,"key":"EssenceOfSteel"},{"floor":47,"key":"PowerPotion"}],"is_trial":false,"path_per_floor":["M","$","?","M","$","E","M","?","T","E","R","$","R","?","R","B",null,"M","?","?","?","?","R","?","$","T","T","$","E","R","M","R","B",null,"M","$","M","M","$","R","E","R","T","R","M","E","M","$","R","B",null],"character_chosen":"DEFECT","items_purchased":["Force Field","Coolheaded","Defragment","Toolbox"],"campfire_rested":1,"item_purchase_floors":[2,5,39,48],"current_hp_per_floor":[75,75,75,75,75,75,68,68,68,45,45,45,45,30,30,27,75,75,75,75,52,36,36,36,36,36,36,36,40,40,37,37,13,52,29,29,32,16,16,46,52,52,52,52,31,40,34,34,34,21],"gold":59,"neow_bonus":"THREE_ENEMY_KILL","is_prod":false,"is_daily":false,"chose_seed":false,"campfire_upgraded":4,"win_rate":0,"timestamp":1556689476,"path_taken":["M","$","?","?","$","E","M","?","T","E","R","$","R","?","R","BOSS","M","?","?","?","?","R","?","?","T","?","$","E","R","?","R","BOSS","M","$","M","M","$","R","E","R","T","R","M","E","M","?","R","BOSS"],"build_version":"2019-01-23","purchased_purges":2,"victory":true,"max_hp_per_floor":[75,75,75,75,75,75,75,75,75,75,75,75,75,75,75,75,75,75,75,75,52,52,52,52,52,52,52,52,52,52,52,52,52,52,52,52,52,52,52,52,52,52,52,52,52,52,52,52,52,52],"card_choices":[{"not_picked":["Sunder","Rebound"],"picked":"Chaos","floor":1},{"not_picked":["Skim","Streamline"],"picked":"Conserve Battery","floor":4},{"not_picked":["Steam Power","Conserve Battery"],"picked":"Reinforced Body","floor":6},{"not_picked":["Chaos","Force Field","Stack"],"picked":"Loop","floor":7},{"not_picked":["Gash","Blizzard","Coolheaded"],"picked":"Doom and Gloom","floor":10},{"not_picked":["Multi-Cast","Amplify","Machine Learning"],"picked":"Biased Cognition","floor":16},{"not_picked":["Stack","Storm","Barrage+1"],"picked":"Cold Snap+1","floor":18},{"not_picked":["Go for the Eyes","Sweeping Beam","Barrage","Machine Learning"],"picked":"SKIP","floor":29},{"not_picked":["Sweeping Beam","Conserve Battery","Beam Cell","Turbo"],"picked":"SKIP","floor":31},{"not_picked":["Multi-Cast","Buffer","All For One"],"picked":"Echo Form","floor":33},{"not_picked":["Aggregate","Beam Cell","Streamline"],"picked":"Undo+1","floor":35},{"not_picked":["Beam Cell+1","Fission","Sweeping Beam","Coolheaded+1"],"picked":"SKIP","floor":37},{"not_picked":["Leap+1","Chill+1","White Noise+1","Melter+1"],"picked":"SKIP","floor":38},{"not_picked":["Stack+1","Rebound","Consume"],"picked":"Defragment","floor":41},{"not_picked":["Reprogram+1","Go for the Eyes+1","Gash+1"],"picked":"Hologram","floor":45},{"not_picked":["Steam+1","Genetic Algorithm","Go for the Eyes+1"],"picked":"Double Energy","floor":46},{"not_picked":["Stack","Melter","Auto Shields+1","Doom and Gloom"],"picked":"SKIP","floor":47}],"player_experience":115018,"relics_obtained":[{"floor":6,"key":"Question Card"},{"floor":9,"key":"Pen Nib"},{"floor":10,"key":"Shovel"},{"floor":13,"key":"DataDisk"},{"floor":22,"key":"Enchiridion"},{"floor":23,"key":"Letter Opener"},{"floor":26,"key":"Shuriken"},{"floor":27,"key":"Regal Pillow"},{"floor":29,"key":"Whetstone"},{"floor":30,"key":"Vajra"},{"floor":32,"key":"Du-Vu Doll"},{"floor":41,"key":"Meat on the Bone"},{"floor":43,"key":"Potion Belt"},{"floor":46,"key":"Art of War"},{"floor":49,"key":"Lantern"}],"event_choices":[{"damage_healed":0,"gold_gain":0,"player_choice":"Forge","damage_taken":0,"max_hp_gain":0,"max_hp_loss":0,"event_name":"Accursed Blacksmith","floor":3,"gold_loss":0,"cards_upgraded":["Zap"]},{"cards_removed":["Strike_B"],"damage_healed":0,"gold_gain":0,"player_choice":"Forget","damage_taken":0,"max_hp_gain":0,"max_hp_loss":0,"event_name":"Living Wall","floor":8,"gold_loss":0},{"damage_healed":0,"gold_gain":0,"player_choice":"Entered Light","damage_taken":15,"max_hp_gain":0,"max_hp_loss":0,"event_name":"Shining Light","floor":14,"gold_loss":0,"cards_upgraded":["Reinforced Body","Defend_B"]},{"damage_healed":0,"gold_gain":0,"cards_transformed":["Defend_B","Force Field"],"player_choice":"Became Test Subject","damage_taken":0,"max_hp_gain":0,"max_hp_loss":0,"event_name":"Drug Dealer","floor":19,"gold_loss":0,"cards_obtained":["Buffer","Sweeping Beam"]},{"damage_healed":0,"gold_gain":0,"player_choice":"Opened","damage_taken":0,"relics_obtained":["StoneCalendar"],"max_hp_gain":0,"max_hp_loss":0,"event_name":"The Mausoleum","floor":20,"gold_loss":0,"cards_obtained":["Writhe"]},{"damage_healed":0,"gold_gain":0,"player_choice":"Became a vampire","damage_taken":0,"max_hp_gain":0,"max_hp_loss":23,"event_name":"Vampires","floor":21,"gold_loss":0,"cards_obtained":["Bite","Bite","Bite","Bite","Bite"]},{"damage_healed":0,"gold_gain":0,"player_choice":"Obtained Book","damage_taken":16,"max_hp_gain":0,"max_hp_loss":0,"event_name":"Cursed Tome","floor":22,"gold_loss":0},{"cards_removed":["Writhe"],"damage_healed":0,"gold_gain":0,"player_choice":"Gave Gold","damage_taken":0,"max_hp_gain":0,"max_hp_loss":0,"event_name":"Beggar","floor":24,"gold_loss":75}],"is_beta":false,"boss_relics":[{"not_picked":["Fusion Hammer","Ectoplasm"],"picked":"Velvet Choker"},{"not_picked":["Orrery","Nuclear Battery"],"picked":"FrozenCore"}],"items_purged_floors":[12,28],"is_endless":false,"potions_floor_spawned":[1,4,7,16,31,33,37,45,47],"ascension_level":3}