{"gold_per_floor":[369,383,400,413,433,433,444,444,444,29,44,44,75,75,75,153,153,173,144,244,260,278,278,278,278],"floor_reached":25,"playtime":1338,"items_purged":["Strike_G"],"score":464,"play_id":"e672ec3f-a9dc-4a35-8aa6-51e3ad4b1fb1","local_time":"20190626134850","is_ascension_mode":true,"campfire_choices":[{"data":"Deadly Poison","floor":6,"key":"SMITH"},{"data":"Deadly Poison","floor":8,"key":"SMITH"},{"floor":12,"key":"REST"},{"data":"Burst","floor":15,"key":"SMITH"},{"floor":23,"key":"REST"}],"neow_cost":"PERCENT_DAMAGE","seed_source_timestamp":101168781560400,"circlet_count":0,"master_deck":["AscendersBane","Defend_G","Defend_G","Defend_G","Defend_G","Defend_G","Strike_G","Survivor","Neutralize","Leg Sweep","Quick Slash","PiercingWail","Deadly Poison+1","Dagger Throw","Deadly Poison+1","Backstab","Caltrops","Dagger Throw","Burst+1","After Image","Heel Hook","Dagger Spray","Footwork","Prepared","Calculated Gamble","Tools of the Trade"],"relics":["Ring of the Snake","Vajra","OrangePellets","Dodecahedron","Fusion Hammer","Du-Vu Doll","Bottled Tornado"],"potions_floor_usage":[7,13,16,18,19,25],"damage_taken":[{"damage":5,"enemies":"2 Louse","floor":1,"turns":5},{"damage":2,"enemies":"Cultist","floor":2,"turns":5},{"damage":2,"enemies":"Small Slimes","floor":3,"turns":4},{"damage":5,"enemies":"Blue Slaver","floor":4,"turns":6},{"damage":8,"enemies":"3 Louse","floor":5,"turns":6},{"damage":0,"enemies":"Large Slime","floor":7,"turns":6},{"damage":3,"enemies":"Exordium Thugs","floor":11,"turns":3},{"damage":0,"enemies":"Gremlin Nob","floor":13,"turns":3},{"damage":14,"enemies":"The Guardian","floor":16,"turns":9},{"damage":10,"enemies":"3 Byrds","floor":18,"turns":2},{"damage":1,"enemies":"2 Thieves","floor":19,"turns":4},{"damage":6,"enemies":"Colosseum Slavers","floor":20,"turns":4},{"damage":44,"enemies":"Colosseum Nobs","floor":20,"turns":6},{"damage":2,"enemies":"Centurion and Healer","floor":21,"turns":7},{"damage":3,"enemies":"Snake Plant","floor":22,"turns":4},{"damage":31,"enemies":"Gremlin Leader","floor":25,"turns":5}],"seed_played":"2012057914786071","potions_obtained":[{"floor":3,"key":"SteroidPotion"},{"floor":5,"key":"Block Potion"},{"floor":7,"key":"Explosive Potion"},{"floor":13,"key":"Poison Potion"},{"floor":16,"key":"EssenceOfSteel"},{"floor":19,"key":"FairyPotion"},{"floor":22,"key":"Swift Potion"}],"is_trial":false,"path_per_floor":["M","M","M","M","M","R","M","R","T","$","M","R","E","?","R","B",null,"M","M","?","M","M","R","?","E"],"character_chosen":"THE_SILENT","items_purchased":["Backstab","OrangePellets","Caltrops"],"campfire_rested":2,"item_purchase_floors":[10,10,10],"current_hp_per_floor":[39,37,35,30,22,22,22,22,22,22,19,38,38,38,38,24,56,46,45,6,4,1,20,20,0],"gold":278,"neow_bonus":"TWO_FIFTY_GOLD","is_prod":false,"is_daily":false,"chose_seed":false,"campfire_upgraded":3,"win_rate":0,"timestamp":1561571330,"path_taken":["M","M","M","M","M","R","M","R","T","$","M","R","E","?","R","BOSS","M","M","?","M","M","R","?","E"],"build_version":"2019-01-23","purchased_purges":1,"victory":false,"max_hp_per_floor":[66,66,66,66,66,66,66,66,66,66,66,66,66,66,66,66,66,66,66,66,66,66,66,66,66],"card_choices":[{"not_picked":["Cloak And Dagger","Finisher"],"picked":"Leg Sweep","floor":1},{"not_picked":["Riddle With Holes","Backflip"],"picked":"Quick Slash","floor":2},{"not_picked":["Deadly Poison","Dagger Spray"],"picked":"PiercingWail","floor":3},{"not_picked":["Slice","Cloak And Dagger"],"picked":"Deadly Poison","floor":4},{"not_picked":["Acrobatics","Expertise"],"picked":"Dagger Throw","floor":5},{"not_picked":["Envenom","Cloak And Dagger"],"picked":"Deadly Poison","floor":7},{"not_picked":["All Out Attack","Finisher"],"picked":"Dagger Throw","floor":11},{"not_picked":["Sucker Punch","Finisher"],"picked":"Burst","floor":13},{"not_picked":["Glass Knife","Bullet Time"],"picked":"After Image","floor":16},{"not_picked":["Masterful Stab","Bane"],"picked":"Heel Hook","floor":18},{"not_picked":["Poisoned Stab","Acrobatics"],"picked":"Dagger Spray","floor":19},{"not_picked":["Outmaneuver","Sucker Punch"],"picked":"Footwork","floor":21},{"not_picked":["Tools of the Trade","Acrobatics"],"picked":"Prepared","floor":22}],"player_experience":1429453,"relics_obtained":[{"floor":9,"key":"Vajra"},{"floor":13,"key":"Dodecahedron"},{"floor":20,"key":"Du-Vu Doll"},{"floor":20,"key":"Bottled Tornado"}],"event_choices":[{"cards_removed":["Strike_G"],"damage_healed":0,"gold_gain":0,"player_choice":"Purged","damage_taken":0,"max_hp_gain":0,"max_hp_loss":0,"event_name":"Purifier","floor":14,"gold_loss":0},{"damage_healed":0,"gold_gain":0,"player_choice":"Fight","damage_taken":0,"max_hp_gain":0,"max_hp_loss":0,"event_name":"Colosseum","floor":20,"gold_loss":0},{"damage_healed":0,"gold_gain":0,"player_choice":"Fought Nobs","damage_taken":0,"max_hp_gain":0,"max_hp_loss":0,"event_name":"Colosseum","floor":20,"gold_loss":0},{"damage_healed":0,"gold_gain":0,"cards_transformed":["Strike_G","Strike_G"],"player_choice":"Became Test Subject","damage_taken":0,"max_hp_gain":0,"max_hp_loss":0,"event_name":"Drug Dealer","floor":24,"gold_loss":0,"cards_obtained":["Calculated Gamble","Tools of the Trade"]}],"is_beta":false,"boss_relics":[{"not_picked":["Philosopher\u0027s Stone","Velvet Choker"],"picked":"Fusion Hammer"}],"items_purged_floors":[10],"is_endless":false,"potions_floor_spawned":[3,5,7,13,16,19,20,22],"killed_by":"Gremlin Leader","ascension_level":20}