{"gold_per_floor":[15,15,15,31,47,80,80,115,191,191,204,235,235,89,89,186,186,201,201,221,221],"floor_reached":21,"playtime":918,"items_purged":["Strike_R"],"score":261,"play_id":"2f7e85bf-e5ba-485f-a963-6873d308835a","local_time":"20190617200051","is_ascension_mode":true,"campfire_choices":[{"data":"Bash","floor":7,"key":"SMITH"},{"data":"Rampage","floor":10,"key":"SMITH"},{"data":"Clothesline","floor":15,"key":"SMITH"}],"neow_cost":"NO_GOLD","seed_source_timestamp":17909497110701,"circlet_count":0,"master_deck":["Strike_R","Strike_R","Strike_R","Defend_R","Defend_R","Defend_R","Defend_R","Bash+1","Power Through","Rampage+1","Pommel Strike","Shrug It Off","Evolve","Clothesline+1","Uppercut","Metallicize","Impervious","Warcry","Ghostly","Ghostly","Ghostly","Ghostly","Ghostly","Feel No Pain"],"relics":["Burning Blood","Magic Flower","Turnip","FaceOfCleric","Art of War","Bottled Lightning","Self Forming Clay","Matryoshka","Snecko Eye"],"potions_floor_usage":[6,8,16],"damage_taken":[{"damage":7,"enemies":"Jaw Worm","floor":1,"turns":3},{"damage":1,"enemies":"Cultist","floor":4,"turns":3},{"damage":0,"enemies":"Small Slimes","floor":5,"turns":3},{"damage":19,"enemies":"Gremlin Nob","floor":6,"turns":4},{"damage":15,"enemies":"Lagavulin","floor":8,"turns":6},{"damage":3,"enemies":"Exordium Thugs","floor":11,"turns":5},{"damage":16,"enemies":"Gremlin Nob","floor":12,"turns":5},{"damage":32,"enemies":"The Guardian","floor":16,"turns":13},{"damage":9,"enemies":"3 Byrds","floor":18,"turns":7},{"damage":1,"enemies":"Spheric Guardian","floor":20,"turns":5},{"damage":48,"enemies":"3 Cultists","floor":21,"turns":7}],"seed_played":"6697205859952883636","potions_obtained":[{"floor":1,"key":"SpeedPotion"},{"floor":4,"key":"Explosive Potion"},{"floor":5,"key":"Energy Potion"},{"floor":11,"key":"SpeedPotion"}],"is_trial":false,"path_per_floor":["M","?","?","M","M","E","R","E","T","R","M","E","?","$","R","B",null,"M","?","M","M"],"character_chosen":"IRONCLAD","items_purchased":["Metallicize"],"campfire_rested":0,"item_purchase_floors":[14],"current_hp_per_floor":[80,68,68,78,82,74,74,70,70,70,78,73,66,66,66,45,87,88,44,45,0],"gold":221,"neow_bonus":"ONE_RARE_RELIC","is_prod":false,"is_daily":false,"chose_seed":false,"campfire_upgraded":3,"win_rate":0,"timestamp":1560816051,"path_taken":["M","?","?","M","?","E","R","E","T","R","M","E","?","?","R","BOSS","M","?","M","M"],"build_version":"2019-01-23","purchased_purges":1,"victory":false,"max_hp_per_floor":[80,80,80,81,82,83,83,84,84,84,85,86,86,86,86,87,87,88,44,45,45],"card_choices":[{"not_picked":["Intimidate","Iron Wave"],"picked":"Power Through","floor":1},{"not_picked":["Flex","Heavy Blade"],"picked":"Rampage","floor":4},{"not_picked":["Clothesline","Wild Strike"],"picked":"Pommel Strike","floor":5},{"not_picked":["Brutality","Spot Weakness"],"picked":"Shrug It Off","floor":6},{"not_picked":["Carnage","Iron Wave"],"picked":"Evolve","floor":8},{"not_picked":["Thunderclap","Sword Boomerang"],"picked":"Clothesline","floor":11},{"not_picked":["Pummel","Armaments"],"picked":"Uppercut","floor":12},{"not_picked":["Exhume","Berserk"],"picked":"Impervious","floor":16},{"not_picked":["Sever Soul","Uppercut+1"],"picked":"Warcry","floor":18},{"not_picked":["Wild Strike","Bloodletting+1"],"picked":"Feel No Pain","floor":20}],"player_experience":131648,"relics_obtained":[{"floor":6,"key":"Art of War"},{"floor":8,"key":"Bottled Lightning"},{"floor":9,"key":"Self Forming Clay"},{"floor":12,"key":"Matryoshka"}],"event_choices":[{"damage_healed":0,"gold_gain":0,"player_choice":"Success","damage_taken":12,"relics_obtained":["Turnip"],"max_hp_gain":0,"max_hp_loss":0,"event_name":"Scrap Ooze","floor":2,"gold_loss":0},{"damage_healed":0,"gold_gain":0,"player_choice":"Trade","damage_taken":0,"relics_obtained":["FaceOfCleric"],"max_hp_gain":0,"max_hp_loss":0,"event_name":"FaceTrader","floor":3,"gold_loss":0},{"cards_removed":["Strike_R"],"damage_healed":0,"gold_gain":0,"player_choice":"Card Removal","damage_taken":7,"max_hp_gain":0,"max_hp_loss":0,"event_name":"Golden Wing","floor":13,"gold_loss":0},{"damage_healed":0,"gold_gain":0,"player_choice":"Became a Ghost","damage_taken":0,"max_hp_gain":0,"max_hp_loss":44,"event_name":"Ghosts","floor":19,"gold_loss":0,"cards_obtained":["Ghostly","Ghostly","Ghostly","Ghostly","Ghostly"]}],"is_beta":false,"boss_relics":[{"not_picked":["Orrery","Black Blood"],"picked":"Snecko Eye"}],"items_purged_floors":[14],"is_endless":false,"potions_floor_spawned":[1,4,5,11],"killed_by":"3 Cultists","ascension_level":4}