{"gold_per_floor":[113,42,42,62,62,96,112,112,112,146,146,146],"floor_reached":12,"playtime":711,"items_purged":[],"score":108,"play_id":"5cd31a89-dcec-4ae2-9949-a44defc81c00","local_time":"20190613064620","is_ascension_mode":true,"campfire_choices":[{"floor":8.0,"key":"REST"},{"floor":11,"key":"REST"}],"neow_cost":"NONE","seed_source_timestamp":0,"circlet_count":0,"master_deck":["Strike_B","Strike_B","Strike_B","Strike_B","Defend_B","Defend_B","Defend_B","Defend_B","Zap","Dualcast","Hologram+1","Consume+1","Capacitor","Reboot","Defragment"],"special_seed":0,"relics":["Cracked Core","Du-Vu Doll","Lantern","Pocketwatch","War Paint"],"potions_floor_usage":[],"damage_taken":[{"damage":2.0,"enemies":"Jaw Worm","floor":1.0,"turns":4.0},{"damage":0.0,"enemies":"2 Louse","floor":4.0,"turns":2.0},{"damage":54.0,"enemies":"Gremlin Nob","floor":6.0,"turns":5.0},{"damage":1.0,"enemies":"Cultist","floor":7.0,"turns":4.0},{"damage":35.0,"enemies":"Lagavulin","floor":10.0,"turns":6.0},{"damage":6,"enemies":"Lots of Slimes","floor":12,"turns":2}],"seed_played":"7426713993548415615","potions_obtained":[{"floor":1.0,"key":"Energy Potion"},{"floor":10.0,"key":"Fire Potion"}],"is_trial":false,"path_per_floor":["M","$","?","M","?","E","M","R","T","E","R","M"],"character_chosen":"DEFECT","items_purchased":["Capacitor"],"campfire_rested":2,"item_purchase_floors":[2],"current_hp_per_floor":[73,73,70,70,70,16,15,37,37,2,24,18],"gold":146,"neow_bonus":"THREE_CARDS","is_prod":false,"is_daily":false,"chose_seed":false,"campfire_upgraded":0,"win_rate":0,"timestamp":1560426380,"path_taken":["M","$","?","M","?","E","?","R","T","E","R","M"],"build_version":"2019-01-23","purchased_purges":0,"victory":false,"max_hp_per_floor":[75,75,75,75,75,75,75,75,75,75,75,75],"card_choices":[{"not_picked":["Go for the Eyes","Self Repair"],"picked":"Hologram","floor":0.0},{"not_picked":["Stack","Rebound"],"picked":"Consume","floor":1.0},{"not_picked":["Ball Lightning","Streamline","Leap"],"picked":"SKIP","floor":4.0},{"not_picked":["Skim","Rebound","Core Surge"],"picked":"SKIP","floor":6.0},{"not_picked":["Steam","Hologram"],"picked":"Defragment","floor":7.0},{"not_picked":["Gash","Lockon","Hologram"],"picked":"SKIP","floor":10.0}],"player_experience":243890,"relics_obtained":[{"floor":6.0,"key":"Lantern"},{"floor":9.0,"key":"Pocketwatch"},{"floor":10.0,"key":"War Paint"}],"event_choices":[{"damage_healed":0.0,"max_hp_gain":0.0,"max_hp_loss":0.0,"gold_gain":0.0,"event_name":"Scrap Ooze","player_choice":"Success","floor":3.0,"gold_loss":0.0,"damage_taken":3.0,"relics_obtained":["Du-Vu Doll"]},{"damage_healed":0.0,"max_hp_gain":0.0,"max_hp_loss":0.0,"gold_gain":0.0,"event_name":"Match and Keep!","player_choice":"1 cards matched","floor":5.0,"gold_loss":0.0,"damage_taken":0.0,"cards_obtained":["Reboot"]}],"is_beta":false,"boss_relics":[],"items_purged_floors":[],"is_endless":false,"potions_floor_spawned":[1,10],"killed_by":"Lots of Slimes","ascension_level":5}