{"gold_per_floor":[115,115,131,143,143,177,177,78,101,101,101,116,32,46,46,147,147,158,107,127,127,127,159,159,187,187,187,207,220,253,253,253,350,350,366,74,74,74,0,0,34,34,34,53,53,72,125,125,125,125],"floor_reached":50,"playtime":2442,"items_purged":["Strike_B"],"score":626,"play_id":"1c60c68d-48a4-4a56-9085-59c5b868bea9","local_time":"20190603072831","is_ascension_mode":true,"campfire_choices":[{"data":"Zap","floor":7,"key":"SMITH"},{"floor":15,"key":"REST"},{"floor":24,"key":"REST"},{"floor":27,"key":"RECALL"},{"floor":32,"key":"REST"},{"data":"Static Discharge","floor":40,"key":"SMITH"},{"floor":49,"key":"REST"}],"neow_cost":"NONE","seed_source_timestamp":196694904668198,"circlet_count":0,"master_deck":["Strike_B","Defend_B","Defend_B","Zap+1","Dualcast","Static Discharge","White Noise","Glacier","Coolheaded","Hologram","Go for the Eyes","Static Discharge+1","Cold Snap","Force Field","Creative AI","Steam","Turbo","Redo","Conserve Battery+1","Loop+1","Madness","Madness","Chill+1"],"relics":["Cracked Core","NeowsBlessing","Juzu Bracelet","Mercury Hourglass","Art of War","Sozu","CultistMask","Torii","Letter Opener","Bronze Scales","Empty Cage","Pantograph","Red Mask","Bottled Flame","Pear","Potion Belt"],"potions_floor_usage":[6,16,23],"damage_taken":[{"damage":0,"enemies":"Small Slimes","floor":1,"turns":1},{"damage":0,"enemies":"Cultist","floor":3,"turns":1},{"damage":0,"enemies":"Jaw Worm","floor":4,"turns":1},{"damage":26,"enemies":"3 Sentries","floor":6,"turns":6},{"damage":2,"enemies":"Blue Slaver","floor":12,"turns":4},{"damage":7,"enemies":"Large Slime","floor":14,"turns":6},{"damage":24,"enemies":"The Guardian","floor":16,"turns":16},{"damage":0,"enemies":"Chosen","floor":18,"turns":6},{"damage":9,"enemies":"Spheric Guardian","floor":20,"turns":4},{"damage":20,"enemies":"Slavers","floor":23,"turns":5},{"damage":6,"enemies":"Book of Stabbing","floor":25,"turns":8},{"damage":11,"enemies":"Snecko","floor":28,"turns":7},{"damage":12,"enemies":"3 Cultists","floor":29,"turns":5},{"damage":25,"enemies":"Slavers","floor":30,"turns":4},{"damage":18,"enemies":"Automaton","floor":33,"turns":11},{"damage":7,"enemies":"3 Darklings","floor":35,"turns":4},{"damage":18,"enemies":"Nemesis","floor":41,"turns":5},{"damage":1,"enemies":"3 Shapes","floor":44,"turns":4},{"damage":8,"enemies":"Sphere and 2 Shapes","floor":46,"turns":5},{"damage":97,"enemies":"Awakened One","floor":50,"turns":10}],"seed_played":"-7241722161412672016","potions_obtained":[{"floor":1,"key":"Weak Potion"},{"floor":4,"key":"Strength Potion"},{"floor":16,"key":"Weak Potion"}],"is_trial":false,"path_per_floor":["M","?","M","M","?","E","R","$","T","?","?","M","$","M","R","B",null,"M","$","M","?","?","E","R","E","T","R","M","M","E","?","R","B",null,"M","$","?","?","?","R","E","?","T","M","?","M","T","?","R","B"],"character_chosen":"DEFECT","items_purchased":["Hologram","Static Discharge","Cold Snap","Steam","Loop","Pantograph"],"campfire_rested":4,"item_purchase_floors":[8,13,13,19,36,36],"current_hp_per_floor":[75,75,75,75,72,46,46,46,46,39,32,30,30,23,45,21,75,75,75,66,66,52,32,56,50,50,50,39,27,2,2,26,8,80,73,73,73,73,73,73,55,45,55,54,54,46,46,46,73,0],"gold":125,"neow_bonus":"THREE_ENEMY_KILL","is_prod":false,"is_daily":false,"chose_seed":false,"campfire_upgraded":2,"win_rate":0,"timestamp":1559564911,"path_taken":["M","?","?","M","?","E","R","$","T","?","?","M","$","M","R","BOSS","M","$","M","?","?","E","R","E","T","R","M","M","E","?","R","BOSS","M","$","?","?","?","R","E","?","T","M","?","M","?","?","R","BOSS"],"build_version":"2019-01-23","purchased_purges":1,"victory":false,"max_hp_per_floor":[75,75,75,75,75,75,75,75,75,75,75,75,75,75,75,75,75,75,75,75,75,80,80,80,80,80,80,80,80,80,80,80,80,80,80,80,80,80,80,80,80,80,90,90,90,90,90,90,90,90],"card_choices":[{"not_picked":["Fusion","Rip and Tear"],"picked":"Static Discharge","floor":1},{"not_picked":["Cold Snap","Gash"],"picked":"White Noise","floor":3},{"not_picked":["Conserve Battery","Tempest"],"picked":"Glacier","floor":4},{"not_picked":["Darkness","BootSequence"],"picked":"Coolheaded","floor":6},{"not_picked":["Compile Driver","Reboot"],"picked":"Go for the Eyes","floor":12},{"not_picked":["BootSequence","Cold Snap"],"picked":"Force Field","floor":14},{"not_picked":["Amplify","Machine Learning"],"picked":"Creative AI","floor":16},{"not_picked":["Cold Snap","Scrape+1","Go for the Eyes"],"picked":"SKIP","floor":18},{"not_picked":["Compile Driver","Sunder"],"picked":"Turbo","floor":20},{"not_picked":["Fission","Glacier"],"picked":"Redo","floor":23},{"not_picked":["Redo+1","Streamline+1"],"picked":"Conserve Battery+1","floor":25},{"not_picked":["Redo","Ball Lightning","Leap"],"picked":"SKIP","floor":28},{"not_picked":["Hologram+1","Turbo","Compile Driver"],"picked":"SKIP","floor":29},{"not_picked":["Sunder","Leap","Compile Driver"],"picked":"SKIP","floor":30},{"not_picked":["Rebound+1","Stack+1","Sweeping Beam+1"],"picked":"SKIP","floor":35},{"not_picked":["Stack+1","Hologram","Gash"],"picked":"SKIP","floor":41},{"not_picked":["Stack+1","Hologram","Gash"],"picked":"SKIP","floor":41},{"not_picked":["Conserve Battery","Turbo","Rebound"],"picked":"SKIP","floor":44},{"not_picked":["Creative AI","Gash+1"],"picked":"Chill+1","floor":46}],"player_experience":61509,"relics_obtained":[{"floor":6,"key":"Mercury Hourglass"},{"floor":9,"key":"Art of War"},{"floor":23,"key":"Torii"},{"floor":25,"key":"Letter Opener"},{"floor":30,"key":"Bronze Scales"},{"floor":41,"key":"Bottled Flame"},{"floor":43,"key":"Pear"},{"floor":47,"key":"Potion Belt"}],"event_choices":[{"cards_removed":["Strike_B"],"damage_healed":0,"gold_gain":0,"player_choice":"Purged","damage_taken":0,"max_hp_gain":0,"max_hp_loss":0,"event_name":"Purifier","floor":2,"gold_loss":0},{"damage_healed":0,"gold_gain":0,"player_choice":"Success","damage_taken":3,"relics_obtained":["Juzu Bracelet"],"max_hp_gain":0,"max_hp_loss":0,"event_name":"Scrap Ooze","floor":5,"gold_loss":0},{"cards_removed":["Defend_B"],"damage_healed":0,"gold_gain":0,"player_choice":"Card Removal","damage_taken":7,"max_hp_gain":0,"max_hp_loss":0,"event_name":"Golden Wing","floor":10,"gold_loss":0},{"damage_healed":0,"gold_gain":0,"player_choice":"Damaged","damage_taken":7,"max_hp_gain":0,"max_hp_loss":0,"event_name":"Wheel of Change","floor":11,"gold_loss":0},{"damage_healed":0,"gold_gain":0,"player_choice":"Trade","damage_taken":0,"relics_obtained":["CultistMask"],"max_hp_gain":0,"max_hp_loss":0,"event_name":"FaceTrader","floor":21,"gold_loss":0},{"damage_healed":0,"gold_gain":0,"player_choice":"Shed Blood","damage_taken":19,"max_hp_gain":5,"max_hp_loss":0,"event_name":"Forgotten Altar","floor":22,"gold_loss":0},{"damage_healed":0,"gold_gain":0,"player_choice":"Ignored","damage_taken":0,"max_hp_gain":0,"max_hp_loss":0,"event_name":"Cursed Tome","floor":31,"gold_loss":0},{"damage_healed":0,"gold_gain":0,"player_choice":"Ignored","damage_taken":0,"max_hp_gain":0,"max_hp_loss":0,"event_name":"Mysterious Sphere","floor":37,"gold_loss":0},{"damage_healed":0,"gold_gain":0,"player_choice":"Forge","damage_taken":0,"max_hp_gain":0,"max_hp_loss":0,"event_name":"Accursed Blacksmith","floor":38,"gold_loss":0,"cards_upgraded":["Loop"]},{"damage_healed":0,"gold_gain":0,"player_choice":"Paid","damage_taken":0,"relics_obtained":["Red Mask"],"max_hp_gain":0,"max_hp_loss":0,"event_name":"Tomb of Lord Red Mask","floor":39,"gold_loss":74},{"damage_healed":0,"gold_gain":0,"player_choice":"Embrace Madness","damage_taken":10,"max_hp_gain":0,"max_hp_loss":0,"event_name":"Winding Halls","floor":42,"gold_loss":0,"cards_obtained":["Madness","Madness"]},{"damage_healed":0,"gold_gain":0,"player_choice":"Memory 1","damage_taken":0,"max_hp_gain":0,"max_hp_loss":0,"event_name":"SensoryStone","floor":45,"gold_loss":0},{"damage_healed":0,"gold_gain":0,"player_choice":"Ignored","damage_taken":0,"max_hp_gain":0,"max_hp_loss":0,"event_name":"WeMeetAgain","floor":48,"gold_loss":0}],"is_beta":false,"boss_relics":[{"not_picked":["Runic Dome","Astrolabe"],"picked":"Sozu"},{"not_picked":["Velvet Choker","Philosopher\u0027s Stone"],"picked":"Empty Cage"}],"items_purged_floors":[8],"is_endless":false,"potions_floor_spawned":[1,4,16,20,23,25,33,46],"killed_by":"Awakened One","ascension_level":2}