{"gold_per_floor":[119,119,194,204,204,235,3,3,79,79,93,93,128,147,147,278,278,292,310,328,153,177,177,190,190,244,269,269,65,65,65],"floor_reached":31,"playtime":1033,"items_purged":["Strike_R","Normality","Strike_R"],"score":294,"play_id":"9f5e740b-506f-47d5-b4f0-0c595b120343","local_time":"20190621153345","is_ascension_mode":true,"campfire_choices":[{"data":"Whirlwind","floor":8,"key":"SMITH"},{"data":"Shrug It Off","floor":10,"key":"SMITH"},{"data":"Heavy Blade","floor":15,"key":"SMITH"},{"data":"Inflame","floor":23,"key":"SMITH"},{"data":"Limit Break","floor":25,"key":"SMITH"},{"data":"Disarm","floor":28,"key":"SMITH"},{"data":"Corruption","floor":30,"key":"SMITH"}],"neow_cost":"NONE","seed_source_timestamp":4587416733371,"circlet_count":0,"master_deck":["Strike_R","Strike_R+1","Strike_R","Defend_R","Defend_R","Defend_R","Defend_R","Bash+1","Iron Wave+1","Whirlwind+1","Shrug It Off+1","True Grit+1","Evolve","Heavy Blade+1","Limit Break+1","Shame","Injury","Shrug It Off","Armaments+1","Battle Trance+1","Inflame+1","Metallicize","Disarm+1","Pommel Strike","Corruption+1"],"relics":["Burning Blood","Golden Idol","Red Skull","Anchor","Pear","Turnip","Calling Bell","Orichalcum","Ornamental Fan","StoneCalendar","Lantern"],"potions_floor_usage":[6,16,22,31],"damage_taken":[{"damage":0,"enemies":"Small Slimes","floor":1,"turns":3},{"damage":0,"enemies":"2 Louse","floor":4,"turns":2},{"damage":25,"enemies":"Gremlin Nob","floor":6,"turns":4},{"damage":0,"enemies":"Jaw Worm","floor":11,"turns":3},{"damage":22,"enemies":"Lagavulin","floor":13,"turns":8},{"damage":1,"enemies":"Looter","floor":14,"turns":2},{"damage":22,"enemies":"The Guardian","floor":16,"turns":12},{"damage":22,"enemies":"Chosen","floor":18,"turns":7},{"damage":30,"enemies":"Shell Parasite","floor":19,"turns":7},{"damage":19,"enemies":"Snake Plant","floor":20,"turns":4},{"damage":2,"enemies":"3 Cultists","floor":22,"turns":4},{"damage":14,"enemies":"Sentry and Sphere","floor":24,"turns":5},{"damage":3,"enemies":"Snake Plant","floor":27,"turns":4},{"damage":32,"enemies":"Gremlin Leader","floor":31,"turns":2}],"seed_played":"-3984420333372882383","potions_obtained":[{"floor":1,"key":"Poison Potion"},{"floor":6,"key":"Strength Potion"},{"floor":16,"key":"Dexterity Potion"},{"floor":19,"key":"Explosive Potion"},{"floor":22,"key":"PowerPotion"}],"is_trial":false,"path_per_floor":["M","?","?","M","?","E","$","R","T","R","M","?","E","M","R","B",null,"M","M","M","$","M","R","M","R","T","M","R","$","R","E"],"character_chosen":"IRONCLAD","items_purchased":["Anchor","Inflame","Corruption"],"campfire_rested":0,"item_purchase_floors":[7,21,29],"current_hp_per_floor":[80,64,53,59,59,40,40,40,50,50,56,56,40,45,45,29,84,68,44,31,31,35,35,27,27,27,30,30,30,30,0],"gold":65,"neow_bonus":"UPGRADE_CARD","is_prod":false,"is_daily":false,"chose_seed":false,"campfire_upgraded":7,"win_rate":0,"timestamp":1561145625,"path_taken":["M","?","?","M","?","E","$","R","T","R","M","?","E","?","R","BOSS","M","M","M","$","M","R","M","R","T","M","R","$","R","E"],"build_version":"2019-01-23","purchased_purges":3,"victory":false,"max_hp_per_floor":[80,80,80,80,74,74,74,74,84,84,84,84,84,84,84,84,84,84,84,84,84,84,84,84,84,84,84,84,84,84,84],"card_choices":[{"not_picked":["Rupture","Reckless Charge"],"picked":"Iron Wave","floor":1},{"not_picked":["Shrug It Off","Anger"],"picked":"Whirlwind","floor":4},{"not_picked":["True Grit","Entrench"],"picked":"Shrug It Off","floor":6},{"not_picked":["Flex","Pummel"],"picked":"True Grit","floor":11},{"not_picked":["Thunderclap","Sever Soul"],"picked":"Evolve","floor":13},{"not_picked":["Headbutt","Anger"],"picked":"Heavy Blade","floor":14},{"not_picked":["Dark Embrace","Offering"],"picked":"Limit Break","floor":16},{"not_picked":["Iron Wave","Sentinel"],"picked":"Shrug It Off","floor":18},{"not_picked":["Anger","Heavy Blade"],"picked":"Armaments+1","floor":19},{"not_picked":["Sword Boomerang+1","Shrug It Off+1"],"picked":"Battle Trance+1","floor":20},{"not_picked":["Exhume","Seeing Red+1"],"picked":"Metallicize","floor":22},{"not_picked":["Iron Wave","Armaments+1"],"picked":"Disarm","floor":24},{"not_picked":["Combust","Clash"],"picked":"Pommel Strike","floor":27}],"player_experience":149873,"relics_obtained":[{"floor":6,"key":"Red Skull"},{"floor":9,"key":"Pear"},{"floor":13,"key":"Turnip"},{"floor":17,"key":"Orichalcum"},{"floor":17,"key":"Ornamental Fan"},{"floor":17,"key":"StoneCalendar"},{"floor":26,"key":"Lantern"}],"event_choices":[{"damage_healed":0,"gold_gain":0,"player_choice":"Entered Light","damage_taken":16,"max_hp_gain":0,"max_hp_loss":0,"event_name":"Shining Light","floor":2,"gold_loss":0,"cards_upgraded":["Strike_R","Iron Wave"]},{"damage_healed":0,"gold_gain":75,"player_choice":"Gather Gold","damage_taken":11,"max_hp_gain":0,"max_hp_loss":0,"event_name":"World of Goop","floor":3,"gold_loss":0},{"damage_healed":0,"gold_gain":0,"player_choice":"Lose Max HP","damage_taken":0,"relics_obtained":["Golden Idol"],"max_hp_gain":0,"max_hp_loss":6,"event_name":"Golden Idol","floor":5,"gold_loss":0},{"damage_healed":0,"gold_gain":0,"player_choice":"Grow","damage_taken":0,"max_hp_gain":0,"max_hp_loss":0,"event_name":"Living Wall","floor":12,"gold_loss":0,"cards_upgraded":["True Grit"]}],"is_beta":false,"boss_relics":[{"not_picked":["Empty Cage","Lizard Tail"],"picked":"Calling Bell"}],"items_purged_floors":[7,21,29],"is_endless":false,"potions_floor_spawned":[1,6,16,19,22],"killed_by":"Gremlin Leader","ascension_level":4}