{"gold_per_floor":[112,126,201,201,220,220,248,248,295,323,5,16,29,44,44,123,123,136,61,75,98,121,121,135,135,158,158],"floor_reached":27,"playtime":1468,"items_purged":[],"score":446,"play_id":"b44009f2-6155-4d0f-ba90-c42c2b4ea7c9","local_time":"20190624114823","is_ascension_mode":true,"campfire_choices":[{"data":"Armaments","floor":6.0,"key":"SMITH"},{"data":"Immolate","floor":8.0,"key":"SMITH"},{"data":"Shockwave","floor":15.0,"key":"SMITH"},{"floor":23.0,"key":"REST"},{"floor":25,"key":"REST"}],"neow_cost":"NONE","seed_source_timestamp":0,"circlet_count":0,"master_deck":["AscendersBane","Strike_R","Strike_R","Strike_R+1","Strike_R","Defend_R","Defend_R","Defend_R","Defend_R","Bash+1","Immolate+1","Armaments+1","Inflame","Sword Boomerang","Shockwave+1","Disarm","Burning Pact","Limit Break","Feel No Pain","Body Slam+1","Anger"],"special_seed":0,"relics":["Burning Blood","Bag of Marbles","Orichalcum","Unceasing Top","FossilizedHelix","White Beast Statue","Whetstone","Omamori","Happy Flower"],"potions_floor_usage":[],"damage_taken":[{"damage":0.0,"enemies":"Small Slimes","floor":1.0,"turns":3.0},{"damage":2.0,"enemies":"Cultist","floor":2.0,"turns":4.0},{"damage":7.0,"enemies":"Jaw Worm","floor":5.0,"turns":4.0},{"damage":17.0,"enemies":"Lagavulin","floor":7.0,"turns":7.0},{"damage":20.0,"enemies":"Gremlin Nob","floor":10.0,"turns":4.0},{"damage":0.0,"enemies":"Blue Slaver","floor":12.0,"turns":2.0},{"damage":0.0,"enemies":"Red Slaver","floor":13.0,"turns":4.0},{"damage":8.0,"enemies":"2 Fungi Beasts","floor":14.0,"turns":4.0},{"damage":37.0,"enemies":"Hexaghost","floor":16.0,"turns":11.0},{"damage":13.0,"enemies":"3 Byrds","floor":18.0,"turns":5.0},{"damage":19.0,"enemies":"2 Thieves","floor":20.0,"turns":5.0},{"damage":35.0,"enemies":"Cultist and Chosen","floor":24.0,"turns":8.0},{"damage":65,"enemies":"Gremlin Leader","floor":27,"turns":7}],"seed_played":"6236488219167943205","potions_obtained":[{"floor":2.0,"key":"FearPotion"},{"floor":4.0,"key":"Dexterity Potion"},{"floor":4.0,"key":"SkillPotion"},{"floor":12.0,"key":"Fire Potion"},{"floor":16.0,"key":"SpeedPotion"},{"floor":18.0,"key":"Block Potion"},{"floor":20.0,"key":"Fire Potion"},{"floor":24.0,"key":"Fruit Juice"}],"is_trial":false,"path_per_floor":["M","M","?","?","M","R","E","R","T","E","$","M","M","M","R","B",null,"M","?","M","T","T","R","M","R","T","E"],"character_chosen":"IRONCLAD","items_purchased":["FossilizedHelix"],"campfire_rested":2,"item_purchase_floors":[11],"current_hp_per_floor":[74,75,64,64,63,63,52,52,52,38,38,44,50,48,48,17,61,54,54,41,41,41,63,39,63,63,0],"gold":158,"neow_bonus":"ONE_RANDOM_RARE_CARD","is_prod":false,"is_daily":false,"chose_seed":false,"campfire_upgraded":3,"win_rate":0,"timestamp":1561387703,"path_taken":["M","M","?","?","M","R","E","R","T","E","$","M","M","?","R","BOSS","M","?","M","?","?","R","?","R","T","E"],"build_version":"2019-01-23","purchased_purges":0,"victory":false,"max_hp_per_floor":[75,75,75,75,75,75,75,75,75,75,75,75,75,75,75,75,75,75,75,75,75,75,75,80,80,80,80],"card_choices":[{"not_picked":["Flex","Clothesline"],"picked":"Armaments","floor":1.0},{"not_picked":["Sword Boomerang","Shockwave"],"picked":"Inflame","floor":2.0},{"not_picked":["Searing Blow","Entrench","Spot Weakness"],"picked":"SKIP","floor":5.0},{"not_picked":["Headbutt","Fire Breathing"],"picked":"Sword Boomerang","floor":7.0},{"not_picked":["Berserk","Dropkick"],"picked":"Shockwave","floor":10.0},{"not_picked":["Fire Breathing","Sever Soul"],"picked":"Disarm","floor":12.0},{"not_picked":["Carnage","Anger"],"picked":"Burning Pact","floor":13.0},{"not_picked":["Hemokinesis","Spot Weakness","Sever Soul"],"picked":"SKIP","floor":14.0},{"not_picked":["Juggernaut","Fiend Fire"],"picked":"Limit Break","floor":16.0},{"not_picked":["Corruption","Wild Strike"],"picked":"Feel No Pain","floor":18.0},{"not_picked":["Pummel","Shrug It Off"],"picked":"Body Slam+1","floor":20.0},{"not_picked":["Entrench","Perfected Strike"],"picked":"Anger","floor":24.0}],"player_experience":1168948,"relics_obtained":[{"floor":7.0,"key":"Bag of Marbles"},{"floor":9.0,"key":"Orichalcum"},{"floor":10.0,"key":"Unceasing Top"},{"floor":21.0,"key":"Whetstone"},{"floor":22.0,"key":"Omamori"},{"floor":26,"key":"Happy Flower"}],"event_choices":[{"damage_healed":0.0,"max_hp_gain":0.0,"max_hp_loss":0.0,"gold_gain":75.0,"event_name":"World of Goop","player_choice":"Gather Gold","floor":3.0,"gold_loss":0.0,"damage_taken":11.0},{"damage_healed":0.0,"max_hp_gain":0.0,"max_hp_loss":0.0,"gold_gain":0.0,"event_name":"Lab","player_choice":"Got Potions","floor":4.0,"gold_loss":0.0,"damage_taken":0.0},{"cards_removed":["Strike_R"],"damage_healed":0.0,"max_hp_gain":0.0,"max_hp_loss":0.0,"gold_gain":0.0,"event_name":"Beggar","player_choice":"Gave Gold","floor":19.0,"gold_loss":75.0,"damage_taken":0.0}],"is_beta":false,"boss_relics":[{"not_picked":["Velvet Choker","Lizard Tail"],"picked":"White Beast Statue"}],"items_purged_floors":[],"is_endless":false,"potions_floor_spawned":[2,12,13,16,18,20,24],"killed_by":"Gremlin Leader","ascension_level":20}