{"gold_per_floor":[118,137,147,166,176,176,204,115,115,134,167,186,186,211,211,211],"floor_reached":16,"playtime":787,"items_purged":[],"score":232,"play_id":"b9e77aab-e993-4d92-9185-326165589644","local_time":"20190623145538","is_ascension_mode":true,"campfire_choices":[{"data":"Armaments","floor":6,"key":"SMITH"},{"floor":15,"key":"REST"}],"neow_cost":"PERCENT_DAMAGE","seed_source_timestamp":518048047396432,"circlet_count":0,"master_deck":["AscendersBane","Strike_R","Strike_R","Strike_R","Strike_R","Defend_R","Defend_R","Defend_R","Defend_R","Bash","Good Instincts","Transmutation","Armaments+1","Searing Blow","Clothesline","Immolate","Inflame","Battle Trance+1","Shrug It Off+1","Intimidate+1","Flame Barrier+1"],"relics":["Burning Blood","Bottled Lightning","Toxic Egg 2","Mercury Hourglass"],"potions_floor_usage":[5,14,14],"damage_taken":[{"damage":1,"enemies":"2 Louse","floor":1,"turns":4},{"damage":5,"enemies":"Cultist","floor":2,"turns":5},{"damage":7,"enemies":"Jaw Worm","floor":3,"turns":5},{"damage":7,"enemies":"2 Fungi Beasts","floor":4,"turns":3},{"damage":2,"enemies":"Exordium Wildlife","floor":5,"turns":5},{"damage":29,"enemies":"Lagavulin","floor":7,"turns":8},{"damage":7,"enemies":"3 Louse","floor":10,"turns":3},{"damage":5,"enemies":"2 Fungi Beasts","floor":11,"turns":3},{"damage":0,"enemies":"Lots of Slimes","floor":12,"turns":1},{"damage":25,"enemies":"Gremlin Nob","floor":14,"turns":4},{"damage":49,"enemies":"Slime Boss","floor":16,"turns":10}],"seed_played":"5940257397616131666","potions_obtained":[{"floor":1,"key":"SpeedPotion"},{"floor":3,"key":"Block Potion"},{"floor":11,"key":"Explosive Potion"},{"floor":12,"key":"Dexterity Potion"}],"is_trial":false,"path_per_floor":["M","M","M","M","M","R","E","$","T","M","M","M","?","E","R","B"],"character_chosen":"IRONCLAD","items_purchased":["Inflame"],"campfire_rested":1,"item_purchase_floors":[8],"current_hp_per_floor":[55,56,55,54,58,58,35,35,35,34,35,41,41,22,44,0],"gold":211,"neow_bonus":"RANDOM_COLORLESS_2","is_prod":false,"is_daily":false,"chose_seed":false,"campfire_upgraded":1,"win_rate":0,"timestamp":1561312538,"path_taken":["M","M","M","M","M","R","E","$","T","M","M","M","?","E","R","BOSS"],"build_version":"2019-01-23","purchased_purges":0,"victory":false,"max_hp_per_floor":[75,75,75,75,75,75,75,75,75,75,75,75,75,75,75,75],"card_choices":[{"not_picked":["Sever Soul","Clash"],"picked":"Armaments","floor":1},{"not_picked":["Heavy Blade","Shockwave"],"picked":"Searing Blow","floor":2},{"not_picked":["Sentinel","Bloodletting"],"picked":"Clothesline","floor":3},{"not_picked":["Wild Strike","Searing Blow"],"picked":"Immolate","floor":4},{"not_picked":["Burning Pact","Clash","Iron Wave"],"picked":"SKIP","floor":5},{"not_picked":["Warcry","Perfected Strike","Seeing Red"],"picked":"SKIP","floor":7},{"not_picked":["Shrug It Off+1","Infernal Blade+1"],"picked":"Battle Trance+1","floor":10},{"not_picked":["Feel No Pain","Heavy Blade"],"picked":"Shrug It Off+1","floor":11},{"not_picked":["Clash","Heavy Blade"],"picked":"Intimidate+1","floor":12},{"not_picked":["Impervious+1","Metallicize"],"picked":"Flame Barrier+1","floor":14}],"player_experience":1160141,"relics_obtained":[{"floor":7,"key":"Bottled Lightning"},{"floor":9,"key":"Toxic Egg 2"},{"floor":14,"key":"Mercury Hourglass"}],"event_choices":[{"cards_removed":["Strike_R"],"damage_healed":0,"gold_gain":0,"player_choice":"Purged","damage_taken":0,"max_hp_gain":0,"max_hp_loss":0,"event_name":"Purifier","floor":13,"gold_loss":0}],"is_beta":false,"boss_relics":[],"items_purged_floors":[],"is_endless":false,"potions_floor_spawned":[1,3,4,11,12],"killed_by":"Slime Boss","ascension_level":20}