{"gold_per_floor":[110,110,15,25,38,38,72,72,72,20,31,61,77,94,94,94],"floor_reached":16,"playtime":560,"items_purged":[],"score":123,"play_id":"a9916869-2f93-433b-80fd-0d86ed58b8b4","local_time":"20190418034122","is_ascension_mode":true,"campfire_choices":[{"data":"Armaments","floor":6,"key":"SMITH"},{"data":"Demon Form","floor":8,"key":"SMITH"},{"floor":15,"key":"REST"}],"neow_cost":"NONE","seed_source_timestamp":372812014737517,"circlet_count":0,"master_deck":["Strike_R","Strike_R","Strike_R","Defend_R","Defend_R","Defend_R","Bash","Entrench+1","Juggernaut+1","Evolve+1","Pain","Twin Strike","Armaments+1","Iron Wave","Feel No Pain","Demon Form+1","Headbutt+1","Dual Wield","Inflame","Sword Boomerang+1","Shrug It Off"],"relics":["Astrolabe","WarpedTongs","Blood Vial","Molten Egg 2","Question Card"],"potions_floor_usage":[12,14],"damage_taken":[{"damage":20,"enemies":"2 Louse","floor":1,"turns":3},{"damage":6,"enemies":"Cultist","floor":4,"turns":4},{"damage":13,"enemies":"Jaw Worm","floor":5,"turns":4},{"damage":12,"enemies":"Lagavulin","floor":7,"turns":8},{"damage":19,"enemies":"Exordium Thugs","floor":11,"turns":3},{"damage":6,"enemies":"Gremlin Nob","floor":12,"turns":3},{"damage":6,"enemies":"3 Louse","floor":13,"turns":5},{"damage":1,"enemies":"2 Fungi Beasts","floor":14,"turns":2},{"damage":34,"enemies":"The Guardian","floor":16,"turns":2}],"seed_played":"7471287418724755956","potions_obtained":[{"floor":1,"key":"FearPotion"},{"floor":12,"key":"Strength Potion"},{"floor":14,"key":"Regen Potion"}],"is_trial":false,"path_per_floor":["M","?","$","M","M","R","E","R","T","$","M","E","M","M","R","B"],"character_chosen":"IRONCLAD","items_purchased":["Twin Strike","Armaments","Headbutt+1"],"campfire_rested":1,"item_purchase_floors":[3,3,10],"current_hp_per_floor":[60,60,60,54,41,41,29,29,29,29,12,8,4,5,29,0],"gold":94,"neow_bonus":"BOSS_RELIC","is_prod":false,"is_daily":false,"chose_seed":false,"campfire_upgraded":2,"win_rate":0,"timestamp":1555573282,"path_taken":["M","?","$","M","?","R","E","R","T","$","M","E","M","M","R","BOSS"],"build_version":"2019-01-23","purchased_purges":0,"victory":false,"max_hp_per_floor":[80,80,80,80,80,80,80,80,80,80,80,80,80,80,80,80],"card_choices":[{"not_picked":["Fire Breathing","Clash","Warcry"],"picked":"SKIP","floor":1},{"not_picked":["Havoc","Perfected Strike"],"picked":"Iron Wave","floor":4},{"not_picked":["Twin Strike","Havoc"],"picked":"Feel No Pain","floor":5},{"not_picked":["Spot Weakness","Cleave"],"picked":"Demon Form","floor":7},{"not_picked":["Battle Trance","Headbutt+1"],"picked":"Dual Wield","floor":11},{"not_picked":["Combust","Metallicize"],"picked":"Inflame","floor":12},{"not_picked":["Clash+1","True Grit","Iron Wave+1"],"picked":"Sword Boomerang+1","floor":13},{"not_picked":["Twin Strike+1","Clash+1","Immolate+1"],"picked":"Shrug It Off","floor":14}],"player_experience":87088,"relics_obtained":[{"floor":7,"key":"Blood Vial"},{"floor":9,"key":"Molten Egg 2"},{"floor":12,"key":"Question Card"}],"event_choices":[{"damage_healed":0,"gold_gain":0,"player_choice":"Rummage","damage_taken":0,"relics_obtained":["WarpedTongs"],"max_hp_gain":0,"max_hp_loss":0,"event_name":"Accursed Blacksmith","floor":2,"gold_loss":0,"cards_obtained":["Pain"]}],"is_beta":false,"boss_relics":[],"items_purged_floors":[],"is_endless":false,"potions_floor_spawned":[1,12,14],"killed_by":"The Guardian","ascension_level":2}