{"gold_per_floor":[116,126,138,188,200,200,229,243,290,290,290,38,38,38,38,134,134,147,165,0,100,17,17,17],"floor_reached":24,"playtime":1542,"items_purged":["Strike_R"],"score":301,"play_id":"d4a4fa9b-6314-420a-9458-efb35f74ec30","local_time":"20190618230105","is_ascension_mode":true,"campfire_choices":[{"data":"Iron Wave","floor":6,"key":"SMITH"},{"data":"Fire Breathing","floor":11,"key":"SMITH"},{"data":"Feel No Pain","floor":13,"key":"SMITH"},{"floor":15,"key":"REST"},{"data":"Feed","floor":23,"key":"SMITH"}],"neow_cost":"NONE","seed_source_timestamp":284866297335013,"circlet_count":0,"master_deck":["AscendersBane","Strike_R","Strike_R","Strike_R","Strike_R","Defend_R","Defend_R","Defend_R","Defend_R","Bash","Cleave","Clothesline","Iron Wave+1","Thunderclap","Iron Wave","Fire Breathing+1","Shrug It Off","Feel No Pain+1","Intimidate","Feed+1","Headbutt+1","Cleave+1","Armaments+1","Enlightenment+1"],"relics":["Burning Blood","PreservedInsect","Bag of Marbles","Potion Belt","Pantograph","Coffee Dripper","Turnip","Toxic Egg 2"],"potions_floor_usage":[16,21],"damage_taken":[{"damage":12,"enemies":"2 Louse","floor":1,"turns":3},{"damage":13,"enemies":"Small Slimes","floor":2,"turns":3},{"damage":7,"enemies":"Jaw Worm","floor":3,"turns":3},{"damage":15,"enemies":"Exordium Wildlife","floor":5,"turns":4},{"damage":20,"enemies":"Gremlin Nob","floor":7,"turns":4},{"damage":2,"enemies":"2 Fungi Beasts","floor":8,"turns":3},{"damage":55,"enemies":"The Guardian","floor":16,"turns":15},{"damage":2,"enemies":"3 Byrds","floor":18,"turns":5},{"damage":33,"enemies":"Chosen","floor":19,"turns":8},{"damage":25,"enemies":"Colosseum Slavers","floor":21,"turns":5},{"damage":15,"enemies":"Colosseum Nobs","floor":21,"turns":4},{"damage":34,"enemies":"Snecko","floor":24,"turns":4}],"seed_played":"-3512138398279213682","potions_obtained":[{"floor":2,"key":"Poison Potion"},{"floor":5,"key":"Strength Potion"},{"floor":8,"key":"LiquidBronze"},{"floor":19,"key":"Weak Potion"}],"is_trial":false,"path_per_floor":["M","M","M","?","M","R","E","M","T","?","R","$","R","$","R","B",null,"M","M","?","?","$","R","M"],"character_chosen":"IRONCLAD","items_purchased":["Shrug It Off","Feel No Pain","Intimidate","Enlightenment+1"],"campfire_rested":1,"item_purchase_floors":[12,12,12,22],"current_hp_per_floor":[66,59,58,58,49,49,35,39,39,27,27,27,27,27,51,27,67,71,47,47,25,25,25,0],"gold":17,"neow_bonus":"RANDOM_COMMON_RELIC","is_prod":false,"is_daily":false,"chose_seed":false,"campfire_upgraded":4,"win_rate":0,"timestamp":1560913265,"path_taken":["M","M","M","?","M","R","E","M","T","?","R","?","R","$","R","BOSS","M","M","?","?","?","R","M"],"build_version":"2019-01-23","purchased_purges":1,"victory":false,"max_hp_per_floor":[80,80,80,80,80,80,80,80,80,80,80,80,80,80,80,80,80,80,83,83,89,89,89,89],"card_choices":[{"not_picked":["Infernal Blade","Wild Strike"],"picked":"Cleave","floor":1},{"not_picked":["Heavy Blade","Rupture"],"picked":"Clothesline","floor":2},{"not_picked":["Evolve","Rage"],"picked":"Iron Wave","floor":3},{"not_picked":["Bloodletting","Combust"],"picked":"Thunderclap","floor":5},{"not_picked":["Berserk","Warcry"],"picked":"Iron Wave","floor":7},{"not_picked":["Cleave","Twin Strike"],"picked":"Fire Breathing","floor":8},{"not_picked":["Juggernaut","Limit Break"],"picked":"Feed","floor":16},{"not_picked":["Thunderclap+1","Shrug It Off"],"picked":"Headbutt+1","floor":18},{"not_picked":["Sword Boomerang","Body Slam"],"picked":"Cleave+1","floor":19},{"not_picked":["True Grit","Infernal Blade"],"picked":"Armaments","floor":21}],"player_experience":287979,"relics_obtained":[{"floor":7,"key":"Bag of Marbles"},{"floor":9,"key":"Potion Belt"},{"floor":21,"key":"Turnip"},{"floor":21,"key":"Toxic Egg 2"}],"event_choices":[{"damage_healed":0,"gold_gain":50,"player_choice":"Gained Gold","damage_taken":0,"max_hp_gain":0,"max_hp_loss":0,"event_name":"Golden Wing","floor":4,"gold_loss":0},{"damage_healed":0,"gold_gain":0,"player_choice":"Success","damage_taken":12,"relics_obtained":["Pantograph"],"max_hp_gain":0,"max_hp_loss":0,"event_name":"Scrap Ooze","floor":10,"gold_loss":0},{"damage_healed":0,"gold_gain":0,"player_choice":"Paid Fearfully","damage_taken":0,"max_hp_gain":0,"max_hp_loss":0,"event_name":"Masked Bandits","floor":20,"gold_loss":165},{"damage_healed":0,"gold_gain":0,"player_choice":"Fight","damage_taken":0,"max_hp_gain":0,"max_hp_loss":0,"event_name":"Colosseum","floor":21,"gold_loss":0},{"damage_healed":0,"gold_gain":0,"player_choice":"Fought Nobs","damage_taken":0,"max_hp_gain":0,"max_hp_loss":0,"event_name":"Colosseum","floor":21,"gold_loss":0}],"is_beta":false,"boss_relics":[{"not_picked":["Busted Crown","Black Blood"],"picked":"Coffee Dripper"}],"items_purged_floors":[12],"is_endless":false,"potions_floor_spawned":[2,5,8,19],"killed_by":"Snecko","ascension_level":11}