{"gold_per_floor":[112,262,272,347,360,360,161,161,161,189,189,200,45,45,45,45],"floor_reached":16,"playtime":392,"items_purged":["Doubt","Strike_G"],"score":196,"play_id":"dc78b461-4662-4fdf-bcd6-8b40bf2c498e","local_time":"20190626162537","is_ascension_mode":true,"campfire_choices":[{"data":"Eviscerate","floor":6,"key":"SMITH"},{"data":"Prepared","floor":8,"key":"SMITH"},{"data":"Strike_G","floor":11,"key":"PURGE"},{"data":"Strike_G","floor":15,"key":"PURGE"}],"neow_cost":"NONE","seed_source_timestamp":111521160542800,"circlet_count":0,"master_deck":["AscendersBane","Defend_G","Defend_G","Defend_G","Defend_G","Defend_G","Strike_G","Strike_G","Survivor","Neutralize","Dagger Throw","Eviscerate+1","Prepared+1","Enlightenment","Dagger Throw","Acrobatics","Dash"],"relics":["Ring of the Snake","NeowsBlessing","Peace Pipe","Mango"],"potions_floor_usage":[10,16],"damage_taken":[{"damage":0,"enemies":"Small Slimes","floor":1,"turns":1},{"damage":0,"enemies":"2 Louse","floor":3,"turns":1},{"damage":0,"enemies":"Jaw Worm","floor":5,"turns":1},{"damage":37,"enemies":"Lagavulin","floor":10,"turns":6},{"damage":6,"enemies":"Looter","floor":12,"turns":3},{"damage":22,"enemies":"Hexaghost","floor":16,"turns":7}],"seed_played":"6458293933163307369","potions_obtained":[{"floor":3,"key":"LiquidBronze"}],"is_trial":false,"path_per_floor":["M","?","M","?","M","R","$","R","T","E","R","M","$","?","R","B"],"character_chosen":"THE_SILENT","items_purchased":["Enlightenment","Dagger Throw","Strength Potion"],"campfire_rested":0,"item_purchase_floors":[7,7,13],"current_hp_per_floor":[59,59,59,48,48,48,48,48,48,25,25,19,19,19,19,0],"gold":45,"neow_bonus":"THREE_ENEMY_KILL","is_prod":false,"is_daily":false,"chose_seed":false,"campfire_upgraded":2,"win_rate":0,"timestamp":1561580737,"path_taken":["M","?","M","?","M","R","$","R","T","E","R","M","$","?","R","BOSS"],"build_version":"2019-01-23","purchased_purges":2,"victory":false,"max_hp_per_floor":[66,66,66,66,66,66,66,66,66,80,80,80,80,80,80,80],"card_choices":[{"not_picked":["Outmaneuver","Quick Slash"],"picked":"Dagger Throw","floor":1},{"not_picked":["Underhanded Strike","Sucker Punch"],"picked":"Eviscerate","floor":3},{"not_picked":["Cloak And Dagger","Blade Dance"],"picked":"Prepared","floor":5},{"not_picked":["Malaise","Slice"],"picked":"Acrobatics","floor":10},{"not_picked":["Caltrops","Bane"],"picked":"Dash","floor":12}],"player_experience":1438738,"relics_obtained":[{"floor":9,"key":"Peace Pipe"},{"floor":10,"key":"Mango"}],"event_choices":[{"damage_healed":0,"gold_gain":150,"player_choice":"AGREE","damage_taken":0,"max_hp_gain":0,"max_hp_loss":0,"event_name":"Liars Game","floor":2,"gold_loss":0,"cards_obtained":["Doubt"]},{"damage_healed":0,"gold_gain":75,"player_choice":"Gather Gold","damage_taken":11,"max_hp_gain":0,"max_hp_loss":0,"event_name":"World of Goop","floor":4,"gold_loss":0},{"damage_healed":0,"gold_gain":0,"player_choice":"Ignored","damage_taken":0,"max_hp_gain":0,"max_hp_loss":0,"event_name":"Shining Light","floor":14,"gold_loss":0}],"is_beta":false,"boss_relics":[],"items_purged_floors":[7,13],"is_endless":false,"potions_floor_spawned":[3],"killed_by":"Hexaghost","ascension_level":20}