{"gold_per_floor":[116,191,191,206,223,223,250,250,305,331,256,256,256,271,271,396,396,421,268,268,268,281,281,321,321,321,446,470,493,418,442,442,565,565,578,911,911,1910,1925,1925,1957,1974,1974,811,822,855,867,0,12,24],"floor_reached":51,"playtime":1704,"items_purged":["Strike_R","Strike_R","Strike_R"],"score":844,"play_id":"3f610aa2-069b-4f33-a737-d457aa12af00","local_time":"20190625160350","is_ascension_mode":false,"campfire_choices":[{"data":"Uppercut","floor":6.0,"key":"SMITH"},{"data":"Feed","floor":8.0,"key":"SMITH"},{"data":"Bash","floor":12.0,"key":"SMITH"},{"data":"Defend_R","floor":15.0,"key":"SMITH"},{"data":"Feed","floor":23.0,"key":"SMITH"},{"data":"Heavy Blade","floor":25.0,"key":"SMITH"},{"floor":32.0,"key":"REST"},{"floor":49,"key":"REST"}],"neow_cost":"TEN_PERCENT_HP_LOSS","seed_source_timestamp":35391442144346,"circlet_count":0,"master_deck":["Strike_R+1","Defend_R","Defend_R+1","Defend_R+1","Defend_R+1","Bash+1","Uppercut+1","Shockwave+1","Feed+1","Injury","Feed+1","Anger+1","Heavy Blade+1","Heavy Blade","Flex","Anger+1","Thunderclap","Reaper","Battle Trance","Immolate","Spot Weakness","Shame","Inflame","Normality","Normality","Magnetism","Chrysalis","Forethought","Impatience+1","Violence+1"],"special_seed":0,"relics":["Burning Blood","Du-Vu Doll","Juzu Bracelet","Vajra","War Paint","Eternal Feather","MutagenicStrength","Letter Opener","Bag of Marbles","Nunchaku","Darkstone Periapt","PreservedInsect","Busted Crown","Smiling Mask","Pear","Prayer Wheel","Toxic Egg 2","TheAbacus","MawBank","Red Mask"],"potions_floor_usage":[50,50,50],"damage_taken":[{"damage":2.0,"enemies":"Small Slimes","floor":1.0,"turns":3.0},{"damage":0.0,"enemies":"2 Louse","floor":4.0,"turns":3.0},{"damage":0.0,"enemies":"Jaw Worm","floor":5.0,"turns":4.0},{"damage":8.0,"enemies":"Lagavulin","floor":7.0,"turns":6.0},{"damage":9.0,"enemies":"Exordium Thugs","floor":14.0,"turns":5.0},{"damage":34.0,"enemies":"The Guardian","floor":16.0,"turns":12.0},{"damage":8.0,"enemies":"Spheric Guardian","floor":18.0,"turns":4.0},{"damage":21.0,"enemies":"2 Thieves","floor":22.0,"turns":4.0},{"damage":41.0,"enemies":"Slavers","floor":24.0,"turns":5.0},{"damage":29.0,"enemies":"Colosseum Slavers","floor":27.0,"turns":5.0},{"damage":7.0,"enemies":"Colosseum Nobs","floor":27.0,"turns":3.0},{"damage":27.0,"enemies":"Sentry and Sphere","floor":28.0,"turns":4.0},{"damage":15.0,"enemies":"Snecko","floor":29.0,"turns":3.0},{"damage":100.0,"enemies":"Automaton","floor":33.0,"turns":10.0},{"damage":16.0,"enemies":"3 Darklings","floor":35.0,"turns":6.0},{"damage":3,"enemies":"Orb Walker","floor":39,"turns":2},{"damage":63,"enemies":"Reptomancer","floor":41,"turns":5},{"damage":43,"enemies":"Maw","floor":42,"turns":7},{"damage":26,"enemies":"3 Darklings","floor":45,"turns":4},{"damage":29,"enemies":"Giant Head","floor":46,"turns":7},{"damage":89,"enemies":"Donu and Deca","floor":50,"turns":9}],"seed_played":"6759267037055080526","potions_obtained":[{"floor":1.0,"key":"SkillPotion"},{"floor":5.0,"key":"PowerPotion"},{"floor":14.0,"key":"Fire Potion"},{"floor":16.0,"key":"Poison Potion"},{"floor":22.0,"key":"Explosive Potion"},{"floor":24.0,"key":"GamblersBrew"},{"floor":33.0,"key":"LiquidBronze"},{"floor":42,"key":"Weak Potion"}],"is_trial":false,"path_per_floor":["M","?","?","M","M","R","E","R","T","T","$","R","?","M","R","B",null,"M","$","?","?","M","R","E","R","T","?","M","M","?","T","R","B",null,"M","?","?","?","M","?","E","M","T","$","M","E","?","?","R","B",null],"character_chosen":"IRONCLAD","items_purchased":["Heavy Blade","Prayer Wheel","Toxic Egg 2","TheAbacus","Impatience+1","Violence+1","EssenceOfSteel"],"campfire_rested":2,"item_purchase_floors":[19,44,44,44,44,44,44],"current_hp_per_floor":[72,61,47,53,59,59,57,57,57,57,57,57,57,58,58,34,80,82,82,82,82,74,83,52,61,61,53,36,37,37,37,84,15,123,127,127,133,145,149,139,96,76,86,86,70,65,65,65,135,82],"gold":36,"neow_bonus":"ONE_RARE_RELIC","is_prod":false,"is_daily":false,"chose_seed":false,"campfire_upgraded":6,"win_rate":0,"timestamp":1561500230,"path_taken":["M","?","?","M","?","R","E","R","T","?","$","R","?","M","R","BOSS","M","$","?","?","M","R","E","R","T","?","M","M","?","?","R","BOSS","M","?","?","?","M","?","E","M","T","$","M","E","?","?","R","BOSS"],"build_version":"2019-01-23","purchased_purges":3,"victory":true,"max_hp_per_floor":[72,72,72,72,72,72,72,72,72,72,72,72,72,76,76,80,80,84,84,84,84,91,91,95,95,95,111,115,119,119,119,119,123,123,127,127,133,145,149,149,153,157,167,167,171,175,175,175,175,175],"card_choices":[{"not_picked":["Shrug It Off","Clothesline"],"picked":"Uppercut","floor":1.0},{"not_picked":["Warcry","Bloodletting"],"picked":"Shockwave","floor":4.0},{"not_picked":["Rupture","Corruption","Havoc"],"picked":"SKIP","floor":5.0},{"not_picked":["Body Slam","Shrug It Off"],"picked":"Feed","floor":7.0},{"not_picked":["Armaments","Iron Wave","Body Slam"],"picked":"SKIP","floor":14.0},{"not_picked":["Exhume","Brutality"],"picked":"Feed","floor":16.0},{"not_picked":["True Grit","Clothesline"],"picked":"Anger+1","floor":18.0},{"not_picked":["Second Wind","Seeing Red"],"picked":"Flex","floor":22.0},{"not_picked":["Flex","Wild Strike"],"picked":"Anger+1","floor":24.0},{"not_picked":["Blood for Blood+1","Cleave"],"picked":"Thunderclap","floor":27.0},{"not_picked":["Warcry","Power Through"],"picked":"Reaper","floor":28.0},{"not_picked":["Entrench","Armaments"],"picked":"Battle Trance","floor":29.0},{"not_picked":["Brutality","Bludgeon"],"picked":"Immolate","floor":33.0},{"not_picked":[],"picked":"Spot Weakness","floor":35.0},{"not_picked":["Clash+1"],"picked":"SKIP","floor":39},{"not_picked":[],"picked":"Magnetism","floor":40},{"not_picked":[],"picked":"Chrysalis","floor":40},{"not_picked":[],"picked":"Forethought","floor":40},{"not_picked":["Dual Wield+1"],"picked":"SKIP","floor":41},{"not_picked":["Warcry"],"picked":"SKIP","floor":42},{"not_picked":["Anger+1"],"picked":"SKIP","floor":45},{"not_picked":["Flex+1"],"picked":"SKIP","floor":45},{"not_picked":["Clash"],"picked":"SKIP","floor":46}],"player_experience":1510749,"relics_obtained":[{"floor":7.0,"key":"Juzu Bracelet"},{"floor":9.0,"key":"Vajra"},{"floor":10.0,"key":"War Paint"},{"floor":24.0,"key":"Letter Opener"},{"floor":26.0,"key":"Bag of Marbles"},{"floor":27.0,"key":"Nunchaku"},{"floor":27.0,"key":"Darkstone Periapt"},{"floor":31.0,"key":"PreservedInsect"},{"floor":41,"key":"Smiling Mask"},{"floor":43,"key":"Pear"},{"floor":46,"key":"MawBank"}],"event_choices":[{"damage_healed":0.0,"max_hp_gain":0.0,"max_hp_loss":0.0,"gold_gain":75.0,"event_name":"World of Goop","player_choice":"Gather Gold","floor":2.0,"gold_loss":0.0,"damage_taken":11.0},{"damage_healed":0.0,"max_hp_gain":0.0,"max_hp_loss":0.0,"gold_gain":0.0,"event_name":"Shining Light","player_choice":"Entered Light","floor":3.0,"gold_loss":0.0,"damage_taken":14.0,"cards_upgraded":["Defend_R","Strike_R"]},{"damage_healed":0.0,"max_hp_gain":0.0,"max_hp_loss":0.0,"gold_gain":0.0,"event_name":"Golden Idol","player_choice":"Take Wound","floor":13.0,"gold_loss":0.0,"damage_taken":0.0,"relics_obtained":["Golden Idol"],"cards_obtained":["Injury"]},{"damage_healed":0.0,"max_hp_gain":0.0,"max_hp_loss":0.0,"gold_gain":0.0,"event_name":"The Library","player_choice":"Read","floor":20.0,"gold_loss":0.0,"damage_taken":0.0,"cards_obtained":["Heavy Blade"]},{"damage_healed":0.0,"max_hp_gain":0.0,"max_hp_loss":0.0,"gold_gain":0.0,"event_name":"Drug Dealer","player_choice":"Inject Mutagens","floor":21.0,"gold_loss":0.0,"damage_taken":0.0,"relics_obtained":["MutagenicStrength"]},{"damage_healed":0.0,"max_hp_gain":0.0,"max_hp_loss":0.0,"gold_gain":0.0,"event_name":"Colosseum","player_choice":"Fight","floor":27.0,"gold_loss":0.0,"damage_taken":0.0},{"damage_healed":0.0,"max_hp_gain":0.0,"max_hp_loss":0.0,"gold_gain":0.0,"event_name":"Colosseum","player_choice":"Fought Nobs","floor":27.0,"gold_loss":0.0,"damage_taken":0.0},{"cards_removed":["Strike_R"],"damage_healed":0.0,"max_hp_gain":0.0,"max_hp_loss":0.0,"gold_gain":0.0,"event_name":"Beggar","player_choice":"Gave Gold","floor":30.0,"gold_loss":75.0,"damage_taken":0.0},{"damage_healed":0.0,"max_hp_gain":0.0,"max_hp_loss":0.0,"gold_gain":333.0,"event_name":"The Moai Head","player_choice":"Gave Idol","floor":36.0,"relics_lost":["Golden Idol"],"gold_loss":0.0,"damage_taken":0.0},{"damage_healed":0,"gold_gain":0,"player_choice":"2 cards matched","damage_taken":0,"max_hp_gain":0,"max_hp_loss":0,"event_name":"Match and Keep!","floor":37,"gold_loss":0,"cards_obtained":["Shame","Inflame"]},{"damage_healed":0,"gold_gain":999,"player_choice":"Gold","damage_taken":0,"max_hp_gain":0,"max_hp_loss":0,"event_name":"MindBloom","floor":38,"gold_loss":0,"cards_obtained":["Normality","Normality"]},{"damage_healed":0,"gold_gain":0,"player_choice":"Memory 3","damage_taken":10,"max_hp_gain":0,"max_hp_loss":0,"event_name":"SensoryStone","floor":40,"gold_loss":0},{"damage_healed":0,"gold_gain":0,"player_choice":"Ignored","damage_taken":0,"max_hp_gain":0,"max_hp_loss":0,"event_name":"Mysterious Sphere","floor":47,"gold_loss":0},{"damage_healed":0,"gold_gain":0,"player_choice":"Paid","damage_taken":0,"relics_obtained":["Red Mask"],"max_hp_gain":0,"max_hp_loss":0,"event_name":"Tomb of Lord Red Mask","floor":48,"gold_loss":879}],"is_beta":false,"boss_relics":[{"not_picked":["Lizard Tail","Black Blood"],"picked":"Eternal Feather"},{"not_picked":["Mark of Pain","Black Star"],"picked":"Busted Crown"}],"items_purged_floors":[11,19,44],"is_endless":false,"potions_floor_spawned":[1,5,14,16,22,24,33,42,46],"ascension_level":0}