{"gold_per_floor":[110,122,140,65,15,15,43,43,43,76,89,103,119,151,151,229,229,245,31,31,47,63,63],"floor_reached":23,"playtime":2901,"items_purged":["Strike_B"],"score":351,"play_id":"ca61fa57-ee18-44ea-9162-78e6ffd60081","local_time":"20190626114928","is_ascension_mode":true,"campfire_choices":[{"data":"Zap","floor":6,"key":"SMITH"},{"data":"Thunder Strike","floor":8,"key":"SMITH"},{"data":"Hologram","floor":15,"key":"SMITH"}],"neow_cost":"NONE","seed_source_timestamp":233069814574574,"circlet_count":0,"master_deck":["AscendersBane","Strike_B","Strike_B","Strike_B","Defend_B","Defend_B","Zap+1","Dualcast","Thunder Strike+1","Self Repair","Ball Lightning","Conserve Battery","Rebound","Loop","Hologram+1","Reinforced Body","Cold Snap","Machine Learning","Self Repair","Ball Lightning","Rip and Tear"],"relics":["Cracked Core","Kunai","Bottled Tornado","Torii","Dodecahedron","Velvet Choker","Membership Card"],"potions_floor_usage":[7,10,13,14,23],"damage_taken":[{"damage":1,"enemies":"2 Louse","floor":1,"turns":2},{"damage":1,"enemies":"Cultist","floor":2,"turns":4},{"damage":7,"enemies":"Jaw Worm","floor":3,"turns":3},{"damage":24,"enemies":"Gremlin Nob","floor":7,"turns":4},{"damage":14,"enemies":"Lagavulin","floor":10,"turns":5},{"damage":0,"enemies":"3 Louse","floor":11,"turns":2},{"damage":2,"enemies":"Exordium Wildlife","floor":12,"turns":4},{"damage":1,"enemies":"2 Fungi Beasts","floor":13,"turns":3},{"damage":1,"enemies":"Gremlin Nob","floor":14,"turns":3},{"damage":20,"enemies":"Hexaghost","floor":16,"turns":9},{"damage":29,"enemies":"3 Byrds","floor":18,"turns":5},{"damage":7,"enemies":"Spheric Guardian","floor":21,"turns":4},{"damage":25,"enemies":"Shelled Parasite and Fungi","floor":22,"turns":5},{"damage":42,"enemies":"Slavers","floor":23,"turns":2}],"seed_played":"-2906446825256642117","potions_obtained":[{"floor":2,"key":"FearPotion"},{"floor":7,"key":"Dexterity Potion"},{"floor":12,"key":"Energy Potion"},{"floor":13,"key":"PowerPotion"},{"floor":21,"key":"PowerPotion"}],"is_trial":false,"path_per_floor":["M","M","M","$","?","R","E","R","T","E","M","M","M","E","R","B",null,"M","$","?","M","M","E"],"character_chosen":"DEFECT","items_purchased":["Membership Card","Self Repair"],"campfire_rested":0,"item_purchase_floors":[19,19],"current_hp_per_floor":[67,73,73,73,73,73,56,56,56,49,49,47,53,59,59,46,68,46,46,46,53,42,0],"gold":63,"neow_bonus":"ONE_RANDOM_RARE_CARD","is_prod":false,"is_daily":false,"chose_seed":false,"campfire_upgraded":3,"win_rate":0,"timestamp":1561560568,"path_taken":["M","M","M","$","?","R","E","R","T","E","M","M","M","E","R","BOSS","M","$","?","?","M","E"],"build_version":"2019-01-23","purchased_purges":1,"victory":false,"max_hp_per_floor":[75,75,75,75,75,75,75,75,75,75,75,75,75,75,75,75,75,75,75,75,75,75,75],"card_choices":[{"not_picked":["Conserve Battery","Steam"],"picked":"Self Repair","floor":1},{"not_picked":["Melter","Go for the Eyes"],"picked":"Ball Lightning","floor":2},{"not_picked":["Melter","Sweeping Beam"],"picked":"Conserve Battery","floor":3},{"not_picked":["Steam","Double Energy"],"picked":"Rebound","floor":7},{"not_picked":["Chill","Hello World"],"picked":"Loop","floor":10},{"not_picked":["Aggregate","Barrage"],"picked":"Hologram","floor":11},{"not_picked":["Barrage","Chill","Seek"],"picked":"SKIP","floor":12},{"not_picked":["Barrage","Stack"],"picked":"Reinforced Body","floor":13},{"not_picked":["Rebound","Creative AI"],"picked":"Cold Snap","floor":14},{"not_picked":["All For One","Multi-Cast"],"picked":"Machine Learning","floor":16},{"not_picked":["Conserve Battery","Rebound","Streamline"],"picked":"SKIP","floor":18},{"not_picked":["Gash+1","Conserve Battery"],"picked":"Ball Lightning","floor":21},{"not_picked":["Lockon","Turbo"],"picked":"Rip and Tear","floor":22}],"player_experience":1189476,"relics_obtained":[{"floor":7,"key":"Kunai"},{"floor":9,"key":"Bottled Tornado"},{"floor":10,"key":"Torii"},{"floor":14,"key":"Dodecahedron"}],"event_choices":[{"cards_removed":["Defend_B"],"damage_healed":0,"gold_gain":0,"player_choice":"Card Removal","damage_taken":0,"max_hp_gain":0,"max_hp_loss":0,"event_name":"The Cleric","floor":5,"gold_loss":50},{"cards_removed":["Defend_B"],"damage_healed":0,"gold_gain":0,"player_choice":"Purged","damage_taken":0,"max_hp_gain":0,"max_hp_loss":0,"event_name":"Purifier","floor":20,"gold_loss":0}],"is_beta":false,"boss_relics":[{"not_picked":["Calling Bell","FrozenCore"],"picked":"Velvet Choker"}],"items_purged_floors":[4],"is_endless":false,"potions_floor_spawned":[2,7,12,13,21],"killed_by":"Slavers","ascension_level":13}