{"gold_per_floor":[109,125,125,145,40,69,85,85,138,50,67,98,98,112,112,207,207,217,142,142,160,172,206,219,219,244,244,244,275,301,318,318,414,414,433,533,533,533,548,548,560,571,571,586,586,586,612,637,649,661],"floor_reached":51,"playtime":2228,"items_purged":["Strike_G"],"score":1074,"play_id":"92b546ce-6b9c-42a4-bae1-ccfce8a0d81c","local_time":"20190506210837","is_ascension_mode":true,"campfire_choices":[{"data":"Noxious Fumes","floor":8,"key":"SMITH"},{"floor":13,"key":"REST"},{"data":"Catalyst","floor":15,"key":"SMITH"},{"floor":25,"key":"REST"},{"data":"Ghostly","floor":28,"key":"SMITH"},{"data":"Catalyst","floor":32,"key":"SMITH"},{"floor":40,"key":"REST"},{"data":"Noxious Fumes","floor":46,"key":"SMITH"},{"data":"Ghostly","floor":49,"key":"SMITH"}],"neow_cost":"NONE","seed_source_timestamp":421136857445744,"circlet_count":0,"master_deck":["Defend_G","Defend_G","Defend_G","Defend_G","Defend_G","Strike_G","Strike_G","Strike_G","Survivor","Neutralize","Well Laid Plans","Deflect","Noxious Fumes+1","Crippling Poison","Poisoned Stab","Catalyst+1","Poisoned Stab","Corpse Explosion","After Image","PiercingWail","Burst","Backflip","Corpse Explosion","Blur","PiercingWail","PiercingWail","Noxious Fumes+1","Leg Sweep","Ghostly+1","Ghostly","Ghostly","Ghostly+1","Ghostly","Catalyst+1","Malaise","Dark Shackles","Regret"],"relics":["Ring of the Snake","NeowsBlessing","Singing Bowl","Art of War","Potion Belt","Orrery","Nilry\u0027s Codex","Molten Egg 2","Dream Catcher","Red Mask","Pear","Cursed Key","Ginger","Incense Burner","MawBank"],"potions_floor_usage":[12,23,35,36,36,48,48],"damage_taken":[{"damage":0,"enemies":"Cultist","floor":1,"turns":1},{"damage":0,"enemies":"Jaw Worm","floor":2,"turns":1},{"damage":0,"enemies":"Small Slimes","floor":4,"turns":1},{"damage":33,"enemies":"Lagavulin","floor":6,"turns":11},{"damage":4,"enemies":"2 Fungi Beasts","floor":7,"turns":3},{"damage":4,"enemies":"3 Louse","floor":11,"turns":2},{"damage":28,"enemies":"Gremlin Nob","floor":12,"turns":4},{"damage":0,"enemies":"Exordium Wildlife","floor":14,"turns":3},{"damage":21,"enemies":"The Guardian","floor":16,"turns":8},{"damage":15,"enemies":"Shell Parasite","floor":18,"turns":5},{"damage":0,"enemies":"3 Byrds","floor":21,"turns":2},{"damage":5,"enemies":"Centurion and Healer","floor":22,"turns":7},{"damage":6,"enemies":"Book of Stabbing","floor":23,"turns":5},{"damage":19,"enemies":"Snake Plant","floor":24,"turns":6},{"damage":11,"enemies":"Masked Bandits","floor":29,"turns":4},{"damage":5,"enemies":"Gremlin Leader","floor":30,"turns":7},{"damage":2,"enemies":"Cultist and Chosen","floor":31,"turns":4},{"damage":11,"enemies":"Automaton","floor":33,"turns":4},{"damage":3,"enemies":"Orb Walker","floor":35,"turns":5},{"damage":46,"enemies":"Mind Bloom Boss Battle","floor":36,"turns":9},{"damage":3,"enemies":"3 Shapes","floor":39,"turns":5},{"damage":17,"enemies":"Maw","floor":41,"turns":10},{"damage":14,"enemies":"Jaw Worm Horde","floor":42,"turns":3},{"damage":3,"enemies":"Transient","floor":44,"turns":5},{"damage":1,"enemies":"Giant Head","floor":47,"turns":4},{"damage":9,"enemies":"Sphere and 2 Shapes","floor":48,"turns":4},{"damage":2,"enemies":"Time Eater","floor":50,"turns":7}],"seed_played":"-1105464291429540087","potions_obtained":[{"floor":1,"key":"Energy Potion"},{"floor":6,"key":"Swift Potion"},{"floor":7,"key":"FearPotion"},{"floor":18,"key":"Regen Potion"},{"floor":23,"key":"AttackPotion"},{"floor":24,"key":"Ancient Potion"},{"floor":33,"key":"Fruit Juice"},{"floor":35,"key":"Regen Potion"},{"floor":41,"key":"LiquidBronze"},{"floor":44,"key":"Swift Potion"}],"is_trial":false,"path_per_floor":["M","M","?","M","$","E","M","R","T","$","M","E","R","M","R","B",null,"M","$","?","M","M","E","M","R","T","?","R","?","E","M","R","B",null,"M","?","?","?","M","R","M","M","T","M","?","R","E","M","R","B",null],"character_chosen":"THE_SILENT","items_purchased":["Noxious Fumes","Crippling Poison","Catalyst","Poisoned Stab"],"campfire_rested":3,"item_purchase_floors":[5,5,10,10],"current_hp_per_floor":[70,70,70,70,70,37,33,33,33,33,29,1,22,22,22,1,57,42,42,26,26,21,24,7,29,29,29,29,20,27,25,25,14,43,47,12,12,12,11,31,16,4,4,3,62,62,63,56,56,54],"gold":673,"neow_bonus":"THREE_ENEMY_KILL","is_prod":false,"is_daily":false,"chose_seed":false,"campfire_upgraded":6,"win_rate":0,"timestamp":1557191317,"path_taken":["M","?","?","?","$","E","M","R","T","?","?","E","R","M","R","BOSS","M","$","?","M","M","E","M","R","T","?","R","?","E","M","R","BOSS","M","?","?","?","?","R","M","M","T","M","?","R","E","M","R","BOSS"],"build_version":"2019-01-23","purchased_purges":1,"victory":true,"max_hp_per_floor":[70,70,70,70,70,70,70,70,70,70,70,70,70,70,70,70,74,74,74,74,74,74,74,76,76,76,38,38,40,52,52,52,52,52,59,61,61,61,63,65,67,69,69,71,62,62,64,66,66,66],"card_choices":[{"not_picked":["Heel Hook","Dagger Spray"],"picked":"Well Laid Plans","floor":1},{"not_picked":["Acrobatics","Blade Dance","Endless Agony"],"picked":"SKIP","floor":2},{"not_picked":["Calculated Gamble","Prepared"],"picked":"Deflect","floor":4},{"not_picked":["Slice","Dodge and Roll"],"picked":"Dagger Throw","floor":6},{"not_picked":["Acrobatics","Dodge and Roll"],"picked":"Poisoned Stab","floor":7},{"not_picked":["Backflip","Cloak And Dagger"],"picked":"Corpse Explosion","floor":11},{"not_picked":["Dodge and Roll","Slice"],"picked":"After Image","floor":12},{"not_picked":["Dagger Throw","Backflip"],"picked":"PiercingWail","floor":14},{"not_picked":["Doppelganger","Venomology"],"picked":"Burst","floor":16},{"not_picked":["Heel Hook","Bane"],"picked":"Backflip","floor":17},{"not_picked":["Bane","Prepared"],"picked":"Corpse Explosion","floor":17},{"not_picked":["Deflect","Heel Hook"],"picked":"Blur","floor":17},{"not_picked":["Cloak And Dagger","Outmaneuver","Dodge and Roll"],"picked":"Singing Bowl","floor":17},{"not_picked":["Endless Agony","Crippling Poison","Flechettes"],"picked":"Singing Bowl","floor":17},{"not_picked":["Accuracy+1","Crippling Poison"],"picked":"PiercingWail","floor":18},{"not_picked":["Flying Knee","Reflex"],"picked":"PiercingWail","floor":21},{"not_picked":["Riddle With Holes+1","Choke"],"picked":"Noxious Fumes","floor":22},{"not_picked":["Deadly Poison+1","Endless Agony"],"picked":"Leg Sweep","floor":23},{"not_picked":["Bane+1","Die Die Die+1","Tactician"],"picked":"Singing Bowl","floor":24},{"not_picked":["Sucker Punch+1","Quick Slash+1","Deadly Poison+1"],"picked":"Singing Bowl","floor":29},{"not_picked":["Setup","Tactician","Poisoned Stab+1"],"picked":"Singing Bowl","floor":30},{"not_picked":["Sucker Punch+1","Blade Dance"],"picked":"Catalyst","floor":31},{"not_picked":["A Thousand Cuts","Tools of the Trade"],"picked":"Malaise","floor":33},{"not_picked":["Prepared","Dagger Throw+1","Poisoned Stab+1"],"picked":"Singing Bowl","floor":35},{"not_picked":["Terror","Slice+1","Outmaneuver+1"],"picked":"Singing Bowl","floor":36},{"not_picked":["Metamorphosis","Jack Of All Trades"],"picked":"Dark Shackles","floor":38},{"not_picked":["Backflip+1","Dagger Throw+1","Flying Knee+1"],"picked":"Singing Bowl","floor":39},{"not_picked":["Deadly Poison","Acrobatics","Slice+1"],"picked":"Singing Bowl","floor":40},{"not_picked":["Poisoned Stab+1","Infinite Blades+1","Heel Hook+1"],"picked":"Singing Bowl","floor":41},{"not_picked":["Deflect","Bane+1","Concentrate+1"],"picked":"Singing Bowl","floor":42},{"not_picked":["PiercingWail+1","Underhanded Strike+1","Dodge and Roll"],"picked":"Singing Bowl","floor":44},{"not_picked":["Distraction","Eviscerate+1","Sucker Punch+1"],"picked":"Singing Bowl","floor":47},{"not_picked":["Riddle With Holes+1","Blade Dance+1","Masterful Stab+1"],"picked":"Singing Bowl","floor":48}],"player_experience":117292,"relics_obtained":[{"floor":6,"key":"Singing Bowl"},{"floor":9,"key":"Art of War"},{"floor":12,"key":"Potion Belt"},{"floor":20,"key":"Nilry\u0027s Codex"},{"floor":23,"key":"Molten Egg 2"},{"floor":26,"key":"Dream Catcher"},{"floor":29,"key":"Red Mask"},{"floor":30,"key":"Pear"},{"floor":36,"key":"Ginger"},{"floor":43,"key":"Incense Burner"},{"floor":47,"key":"MawBank"}],"event_choices":[{"cards_removed":["Strike_G"],"damage_healed":0,"gold_gain":0,"player_choice":"Purged","damage_taken":0,"max_hp_gain":0,"max_hp_loss":0,"event_name":"Purifier","floor":3,"gold_loss":0},{"damage_healed":0,"gold_gain":0,"player_choice":"Obtained Book","damage_taken":16,"max_hp_gain":0,"max_hp_loss":0,"event_name":"Cursed Tome","floor":20,"gold_loss":0},{"damage_healed":0,"gold_gain":0,"player_choice":"Became a Ghost","damage_taken":0,"max_hp_gain":0,"max_hp_loss":38,"event_name":"Ghosts","floor":27,"gold_loss":0,"cards_obtained":["Ghostly","Ghostly","Ghostly","Ghostly","Ghostly"]},{"damage_healed":0,"gold_gain":0,"player_choice":"Fought Bandits","damage_taken":0,"max_hp_gain":0,"max_hp_loss":0,"event_name":"Masked Bandits","floor":29,"gold_loss":0},{"damage_healed":0,"gold_gain":0,"player_choice":"Fight","damage_taken":0,"max_hp_gain":0,"max_hp_loss":0,"event_name":"MindBloom","floor":36,"gold_loss":0},{"cards_removed":["Dagger Throw"],"damage_healed":0,"gold_gain":0,"player_choice":"Removed Attack","damage_taken":0,"max_hp_gain":0,"max_hp_loss":0,"event_name":"Falling","floor":37,"gold_loss":0},{"damage_healed":0,"gold_gain":0,"player_choice":"Memory 1","damage_taken":0,"max_hp_gain":0,"max_hp_loss":0,"event_name":"SensoryStone","floor":38,"gold_loss":0},{"damage_healed":62,"gold_gain":0,"player_choice":"Heal","damage_taken":0,"max_hp_gain":0,"max_hp_loss":9,"event_name":"The Moai Head","floor":45,"gold_loss":0}],"is_beta":false,"boss_relics":[{"not_picked":["Lizard Tail","HoveringKite"],"picked":"Orrery"},{"not_picked":["Astrolabe","Tiny House"],"picked":"Cursed Key"}],"items_purged_floors":[19],"is_endless":false,"potions_floor_spawned":[1,6,7,11,18,23,24,33,35,41,44],"ascension_level":5}