{"gold_per_floor":[113,288,298,66,66,66,94,94,174,205,225,225,258,125,125,250,250,273,273,299,323,323,323,337,122,173,173,217,235,249,158,158,282,282,301,227,227,243,262,296,296,296],"floor_reached":42,"playtime":2548,"items_purged":["Shame"],"score":511,"play_id":"7adcaf5c-031a-41f7-b85d-95b600583b73","local_time":"20190323162842","is_ascension_mode":true,"campfire_choices":[{"data":"Zap","floor":6,"key":"SMITH"},{"data":"Dualcast","floor":8,"key":"SMITH"},{"floor":15,"key":"REST"},{"floor":23,"key":"RECALL"},{"floor":32,"key":"REST"},{"floor":41,"key":"REST"}],"neow_cost":"NONE","seed_source_timestamp":512642452732869,"circlet_count":0,"master_deck":["Strike_B","Strike_B","Strike_B","Strike_B","Defend_B","Defend_B","Defend_B","Defend_B","Zap+1","Dualcast+1","Darkness","Consume","Self Repair","Leap","Doom and Gloom","Seek","Coolheaded","Ball Lightning","Hologram+1","Self Repair","Echo Form","Conserve Battery+1","BootSequence+1","Cold Snap","Echo Form","Skim+1","Machine Learning","Discovery+1","Fission+1","Storm","Capacitor","Defragment+1","Compile Driver+1"],"relics":["Cracked Core","NeowsBlessing","Happy Flower","Strawberry","Bottled Lightning","Blood Vial","Golden Idol","Toxic Egg 2","Fusion Hammer","Question Card","Ancient Tea Set","Omamori","Centennial Puzzle","Sozu","Juzu Bracelet"],"potions_floor_usage":[28,40],"damage_taken":[{"damage":0,"enemies":"Small Slimes","floor":1,"turns":1},{"damage":0,"enemies":"Jaw Worm","floor":3,"turns":1},{"damage":0,"enemies":"Gremlin Nob","floor":7,"turns":1},{"damage":22,"enemies":"Lagavulin","floor":10,"turns":7},{"damage":0,"enemies":"2 Louse","floor":11,"turns":2},{"damage":48,"enemies":"Gremlin Nob","floor":13,"turns":5},{"damage":15,"enemies":"The Guardian","floor":16,"turns":9},{"damage":19,"enemies":"Shell Parasite","floor":18,"turns":6},{"damage":2,"enemies":"Spheric Guardian","floor":21,"turns":4},{"damage":15,"enemies":"Snecko","floor":24,"turns":5},{"damage":22,"enemies":"Gremlin Leader","floor":28,"turns":8},{"damage":21,"enemies":"Cultist and Chosen","floor":29,"turns":6},{"damage":11,"enemies":"Shelled Parasite and Fungi","floor":30,"turns":5},{"damage":20,"enemies":"Champ","floor":33,"turns":13},{"damage":5,"enemies":"3 Shapes","floor":35,"turns":7},{"damage":13,"enemies":"Orb Walker","floor":38,"turns":4},{"damage":28,"enemies":"Spire Growth","floor":39,"turns":6},{"damage":55,"enemies":"Reptomancer","floor":40,"turns":6},{"damage":64,"enemies":"Nemesis","floor":42,"turns":5}],"seed_played":"928775631743629700","potions_obtained":[{"floor":7,"key":"SteroidPotion"},{"floor":10,"key":"LiquidBronze"},{"floor":11,"key":"SkillPotion"},{"floor":18,"key":"EssenceOfSteel"},{"floor":29,"key":"SteroidPotion"}],"is_trial":false,"path_per_floor":["M","?","M","$","?","R","E","R","T","E","M","?","E","$","R","B",null,"M","?","T","M","?","R","M","$","T","?","E","M","M","$","R","B",null,"M","$","?","M","M","E","R","E"],"character_chosen":"DEFECT","items_purchased":["Happy Flower","Self Repair","Leap","Hologram+1","Self Repair","Echo Form","Discovery+1","Capacitor"],"campfire_rested":3,"item_purchase_floors":[4,4,4,14,14,25,31,36],"current_hp_per_floor":[75,75,75,75,68,68,75,75,75,60,62,62,23,23,45,39,76,76,76,76,76,76,76,76,76,76,76,75,76,76,76,76,76,76,76,76,72,72,58,19,40,0],"gold":296,"neow_bonus":"THREE_ENEMY_KILL","is_prod":false,"is_daily":false,"chose_seed":false,"campfire_upgraded":2,"win_rate":0,"timestamp":1553372922,"path_taken":["M","?","M","$","?","R","E","R","T","E","M","?","E","$","R","BOSS","M","?","?","M","?","R","M","$","T","?","E","M","M","$","R","BOSS","M","$","?","M","M","E","R","E"],"build_version":"2019-01-23","purchased_purges":1,"victory":false,"max_hp_per_floor":[75,75,75,75,75,75,82,82,82,82,82,76,76,76,76,76,76,76,76,76,76,76,76,76,76,76,76,76,76,76,76,76,76,76,76,76,72,72,72,72,72,72],"card_choices":[{"not_picked":["Go for the Eyes","Scrape"],"picked":"Darkness","floor":1},{"not_picked":["Lockon","Scrape"],"picked":"Consume","floor":3},{"not_picked":["Aggregate","Compile Driver"],"picked":"Doom and Gloom","floor":7},{"not_picked":["Rebound","Conserve Battery"],"picked":"Seek","floor":10},{"not_picked":["Beam Cell","Go for the Eyes"],"picked":"Coolheaded","floor":11},{"not_picked":["Leap","Aggregate"],"picked":"Ball Lightning","floor":13},{"not_picked":["Machine Learning","Buffer"],"picked":"Echo Form","floor":16},{"not_picked":["Stack+1","Sweeping Beam"],"picked":"Conserve Battery+1","floor":18},{"not_picked":["Lockon+1","Force Field+1","Rip and Tear"],"picked":"BootSequence+1","floor":21},{"not_picked":["Beam Cell+1","Doom and Gloom","Blizzard"],"picked":"Cold Snap","floor":24},{"not_picked":["Multi-Cast+1","Leap+1","Hologram+1"],"picked":"Skim+1","floor":28},{"not_picked":["Stack+1","Beam Cell","Sweeping Beam+1"],"picked":"Machine Learning","floor":29},{"not_picked":["Darkness+1","Stack+1","Redo+1","Sweeping Beam"],"picked":"SKIP","floor":30},{"not_picked":["Electrodynamics","Machine Learning","Thunder Strike"],"picked":"Fission+1","floor":33},{"not_picked":["Reprogram+1","Genetic Algorithm+1","Lockon"],"picked":"Storm","floor":35},{"not_picked":["Redo+1","Conserve Battery+1","Streamline+1"],"picked":"Defragment+1","floor":38},{"not_picked":["Conserve Battery+1","Beam Cell","Sweeping Beam+1","Scrape+1"],"picked":"SKIP","floor":39},{"not_picked":["Beam Cell","Cold Snap+1","Core Surge"],"picked":"Compile Driver+1","floor":40}],"player_experience":65224,"relics_obtained":[{"floor":7,"key":"Strawberry"},{"floor":9,"key":"Bottled Lightning"},{"floor":10,"key":"Blood Vial"},{"floor":13,"key":"Toxic Egg 2"},{"floor":26,"key":"Omamori"},{"floor":28,"key":"Centennial Puzzle"},{"floor":40,"key":"Juzu Bracelet"}],"event_choices":[{"damage_healed":0,"gold_gain":175,"player_choice":"AGREE","damage_taken":0,"max_hp_gain":0,"max_hp_loss":0,"event_name":"Liars Game","floor":2,"gold_loss":0,"cards_obtained":["Doubt"]},{"cards_removed":["Doubt"],"damage_healed":0,"gold_gain":0,"player_choice":"Card Removal","damage_taken":7,"max_hp_gain":0,"max_hp_loss":0,"event_name":"Golden Wing","floor":5,"gold_loss":0},{"damage_healed":0,"gold_gain":0,"player_choice":"Lose Max HP","damage_taken":0,"relics_obtained":["Golden Idol"],"max_hp_gain":0,"max_hp_loss":6,"event_name":"Golden Idol","floor":12,"gold_loss":0},{"damage_healed":0,"gold_gain":0,"player_choice":"Stole Relic","damage_taken":0,"relics_obtained":["Question Card"],"max_hp_gain":0,"max_hp_loss":0,"event_name":"Addict","floor":19,"gold_loss":0,"cards_obtained":["Shame"]},{"damage_healed":0,"gold_gain":0,"player_choice":"Opened","damage_taken":0,"relics_obtained":["Ancient Tea Set"],"max_hp_gain":0,"max_hp_loss":0,"event_name":"The Mausoleum","floor":22,"gold_loss":0},{"damage_healed":0,"gold_gain":0,"player_choice":"Ignored","damage_taken":0,"max_hp_gain":0,"max_hp_loss":0,"event_name":"Beggar","floor":27,"gold_loss":0},{"damage_healed":0,"gold_gain":0,"player_choice":"Max HP","damage_taken":0,"max_hp_gain":0,"max_hp_loss":4,"event_name":"Winding Halls","floor":37,"gold_loss":0}],"is_beta":false,"boss_relics":[{"not_picked":["Tiny House","Velvet Choker"],"picked":"Fusion Hammer"},{"not_picked":["Lizard Tail","Empty Cage"],"picked":"Sozu"}],"items_purged_floors":[25],"is_endless":false,"potions_floor_spawned":[7,10,11,13,18,29,35],"killed_by":"Nemesis","ascension_level":1}