{"gold_per_floor":[363,363,363,377,395,395,168,202,253,253,270,270],"floor_reached":12,"playtime":816,"items_purged":["Strike_R"],"score":90,"play_id":"f371b665-a644-41bb-8a3a-5733c28a64b8","local_time":"20190421061817","is_ascension_mode":true,"campfire_choices":[{"data":"Pommel Strike","floor":6,"key":"SMITH"},{"data":"Bash","floor":10,"key":"SMITH"}],"neow_cost":"PERCENT_DAMAGE","seed_source_timestamp":41589298566730,"circlet_count":0,"master_deck":["Strike_R+1","Strike_R","Strike_R","Defend_R+1","Defend_R","Defend_R","Defend_R","Bash+1","Pommel Strike+1","Twin Strike","Inflame","Spot Weakness","Intimidate","True Grit"],"relics":["Burning Blood","Centennial Puzzle","Oddly Smooth Stone"],"potions_floor_usage":[12],"damage_taken":[{"damage":10,"enemies":"Small Slimes","floor":1,"turns":4},{"damage":6,"enemies":"Cultist","floor":4,"turns":3},{"damage":4,"enemies":"Jaw Worm","floor":5,"turns":3},{"damage":22,"enemies":"3 Sentries","floor":8,"turns":7},{"damage":11,"enemies":"Looter","floor":11,"turns":3},{"damage":25,"enemies":"Exordium Wildlife","floor":12,"turns":3}],"seed_played":"8009700740141868661","potions_obtained":[{"floor":5,"key":"Swift Potion"}],"is_trial":false,"path_per_floor":["M","?","?","M","M","R","$","E","T","R","M","M"],"character_chosen":"IRONCLAD","items_purchased":["Spot Weakness","Intimidate","AttackPotion"],"campfire_rested":0,"item_purchase_floors":[7,7,7],"current_hp_per_floor":[52,36,36,36,38,38,38,22,22,22,17,0],"gold":270,"neow_bonus":"TWO_FIFTY_GOLD","is_prod":false,"is_daily":false,"chose_seed":false,"campfire_upgraded":2,"win_rate":0,"timestamp":1555841897,"path_taken":["M","?","?","?","M","R","$","E","T","R","M","M"],"build_version":"2019-01-23","purchased_purges":1,"victory":false,"max_hp_per_floor":[80,80,80,80,80,80,80,80,80,80,80,80],"card_choices":[{"not_picked":["Twin Strike","Sword Boomerang"],"picked":"Pommel Strike","floor":1},{"not_picked":["Body Slam","Sword Boomerang"],"picked":"Twin Strike","floor":4},{"not_picked":["Sword Boomerang","Thunderclap"],"picked":"Inflame","floor":5},{"not_picked":["Sentinel","Searing Blow","Flex"],"picked":"SKIP","floor":8},{"not_picked":["Metallicize","Wild Strike"],"picked":"True Grit","floor":11}],"player_experience":99085,"relics_obtained":[{"floor":8,"key":"Centennial Puzzle"},{"floor":9,"key":"Oddly Smooth Stone"}],"event_choices":[{"damage_healed":0,"gold_gain":0,"player_choice":"Entered Light","damage_taken":16,"max_hp_gain":0,"max_hp_loss":0,"event_name":"Shining Light","floor":2,"gold_loss":0,"cards_upgraded":["Defend_R","Strike_R"]},{"cards_removed":["Strike_R"],"damage_healed":0,"gold_gain":0,"player_choice":"Offered Basic","damage_taken":0,"max_hp_gain":0,"max_hp_loss":0,"event_name":"Bonfire Elementals","floor":3,"gold_loss":0}],"is_beta":false,"boss_relics":[],"items_purged_floors":[7],"is_endless":false,"potions_floor_spawned":[5],"killed_by":"Exordium Wildlife","ascension_level":3}