{"gold_per_floor":[114,114,22,22,38,38,55,55,80,99,126,145,145,164,164,267,267,281,281,50,50,66,66,66,76,76,76,106,106,26,43,43,43],"floor_reached":33,"playtime":2140,"items_purged":["Normality"],"score":315,"play_id":"fab5aa04-b926-4c4c-8961-4dbd65a88760","local_time":"20190519011106","is_ascension_mode":false,"campfire_choices":[{"data":"Cloak And Dagger","floor":6,"key":"SMITH"},{"data":"Flechettes","floor":15,"key":"SMITH"},{"data":"Accuracy","floor":23,"key":"SMITH"},{"floor":29,"key":"REST"},{"floor":32,"key":"REST"}],"neow_cost":"NONE","seed_source_timestamp":9325094998375,"circlet_count":0,"master_deck":["Defend_G","Defend_G","Defend_G","Defend_G","Defend_G","Strike_G","Strike_G","Strike_G","Strike_G","Survivor","Neutralize+1","Cloak And Dagger+1","Flechettes+1","Backflip","Quick Slash","Well Laid Plans","All Out Attack","Distraction","Backflip","Expertise","Corpse Explosion","Storm of Steel","Accuracy+1","Quick Slash+1","Flying Knee","Acrobatics","Footwork","Blade Dance"],"relics":["Ring of the Snake","Matryoshka","Strawberry","Lantern","Unceasing Top","Calling Bell","Bronze Scales","Ninja Scroll","Mango","Dodecahedron","Juzu Bracelet","Sundial","Ornamental Fan","Du-Vu Doll"],"potions_floor_usage":[11,14,16,28,31],"damage_taken":[{"damage":0,"enemies":"2 Louse","floor":1,"turns":3},{"damage":0,"enemies":"Cultist","floor":5,"turns":4},{"damage":0,"enemies":"Small Slimes","floor":7,"turns":3},{"damage":5,"enemies":"Looter","floor":10,"turns":3},{"damage":15,"enemies":"Lagavulin","floor":11,"turns":7},{"damage":8,"enemies":"Blue Slaver","floor":12,"turns":3},{"damage":0,"enemies":"Exordium Thugs","floor":14,"turns":5},{"damage":16,"enemies":"The Guardian","floor":16,"turns":11},{"damage":4,"enemies":"Chosen","floor":18,"turns":4},{"damage":18,"enemies":"Shell Parasite","floor":22,"turns":8},{"damage":25,"enemies":"Snake Plant","floor":25,"turns":5},{"damage":29,"enemies":"Gremlin Leader","floor":28,"turns":7},{"damage":15,"enemies":"Shelled Parasite and Fungi","floor":31,"turns":6},{"damage":58,"enemies":"Champ","floor":33,"turns":13}],"seed_played":"8498998496137640284","potions_obtained":[{"floor":7,"key":"Regen Potion"},{"floor":12,"key":"Energy Potion"},{"floor":14,"key":"Weak Potion"},{"floor":16,"key":"Poison Potion"},{"floor":25,"key":"Poison Potion"},{"floor":28,"key":"Poison Potion"}],"is_trial":false,"path_per_floor":["M","?","$","?","M","R","M","?","T","M","E","M","?","M","R","B",null,"M","?","$","?","M","R","?","M","T","?","E","R","$","M","R","B"],"character_chosen":"THE_SILENT","items_purchased":["Backflip","Quick Slash","Juzu Bracelet","Footwork"],"campfire_rested":2,"item_purchase_floors":[3,3,20,30],"current_hp_per_floor":[77,77,77,77,77,77,77,52,59,54,54,46,46,46,46,30,98,94,94,94,94,76,76,76,51,51,32,3,33,33,18,48,0],"gold":43,"neow_bonus":"TEN_PERCENT_HP_BONUS","is_prod":false,"is_daily":false,"chose_seed":false,"campfire_upgraded":3,"win_rate":0,"timestamp":1558249866,"path_taken":["M","?","?","?","?","R","M","?","T","M","E","M","?","M","R","BOSS","M","?","?","?","M","R","?","M","T","?","E","R","$","M","R","BOSS"],"build_version":"2019-01-23","purchased_purges":1,"victory":false,"max_hp_per_floor":[77,77,77,77,77,77,77,77,84,84,84,84,84,84,84,84,98,98,98,98,98,98,98,95,95,95,100,100,100,100,100,100,100],"card_choices":[{"not_picked":["Flying Knee","All Out Attack"],"picked":"Cloak And Dagger","floor":1},{"not_picked":["Finisher","Outmaneuver"],"picked":"Well Laid Plans","floor":5},{"not_picked":["Sucker Punch","Catalyst"],"picked":"All Out Attack","floor":7},{"not_picked":["Dash","Catalyst"],"picked":"Distraction","floor":10},{"not_picked":["Quick Slash","Flechettes"],"picked":"Backflip","floor":11},{"not_picked":["Quick Slash","Slice"],"picked":"Expertise","floor":12},{"not_picked":["Eviscerate","Underhanded Strike"],"picked":"Corpse Explosion","floor":14},{"not_picked":["After Image","Die Die Die"],"picked":"Storm of Steel","floor":16},{"not_picked":["Noxious Fumes","Cloak And Dagger"],"picked":"Accuracy","floor":18},{"not_picked":["Slice","Riddle With Holes"],"picked":"Quick Slash+1","floor":22},{"not_picked":["Skewer","Sucker Punch"],"picked":"Flying Knee","floor":25},{"not_picked":["Distraction","Catalyst"],"picked":"Acrobatics","floor":28},{"not_picked":["Tools of the Trade","Backflip"],"picked":"Blade Dance","floor":31}],"player_experience":1444526,"relics_obtained":[{"floor":9,"key":"Strawberry"},{"floor":9,"key":"Lantern"},{"floor":11,"key":"Unceasing Top"},{"floor":17,"key":"Bronze Scales"},{"floor":17,"key":"Ninja Scroll"},{"floor":17,"key":"Mango"},{"floor":26,"key":"Sundial"},{"floor":26,"key":"Ornamental Fan"},{"floor":28,"key":"Du-Vu Doll"}],"event_choices":[{"damage_healed":0,"gold_gain":0,"cards_transformed":["Strike_G"],"player_choice":"Transformed","damage_taken":0,"max_hp_gain":0,"max_hp_loss":0,"event_name":"Transmorgrifier","floor":2,"gold_loss":0,"cards_obtained":["Flechettes"]},{"damage_healed":0,"gold_gain":0,"player_choice":"Cursed","damage_taken":0,"max_hp_gain":0,"max_hp_loss":0,"event_name":"Wheel of Change","floor":4,"gold_loss":0,"cards_obtained":["Decay"]},{"damage_healed":0,"gold_gain":0,"player_choice":"Success","damage_taken":25,"relics_obtained":["Matryoshka"],"max_hp_gain":0,"max_hp_loss":0,"event_name":"Scrap Ooze","floor":8,"gold_loss":0},{"damage_healed":0,"gold_gain":0,"player_choice":"Grow","damage_taken":0,"max_hp_gain":0,"max_hp_loss":0,"event_name":"Living Wall","floor":13,"gold_loss":0,"cards_upgraded":["Neutralize"]},{"damage_healed":0,"gold_gain":0,"player_choice":"Gave Potion","damage_taken":0,"relics_obtained":["Dodecahedron"],"max_hp_gain":0,"max_hp_loss":0,"event_name":"WeMeetAgain","floor":19,"gold_loss":0},{"damage_healed":0,"gold_gain":0,"player_choice":"Ignored","damage_taken":0,"max_hp_gain":0,"max_hp_loss":0,"event_name":"Beggar","floor":21,"gold_loss":0},{"cards_removed":["Shame","Parasite","Decay"],"damage_healed":0,"gold_gain":0,"player_choice":"Removed Curses","damage_taken":0,"max_hp_gain":0,"max_hp_loss":0,"event_name":"Fountain of Cleansing","floor":24,"gold_loss":0},{"damage_healed":0,"gold_gain":0,"player_choice":"Shed Blood","damage_taken":24,"max_hp_gain":5,"max_hp_loss":0,"event_name":"Forgotten Altar","floor":27,"gold_loss":0}],"is_beta":false,"boss_relics":[{"not_picked":["Tiny House","Velvet Choker"],"picked":"Calling Bell"}],"items_purged_floors":[20],"is_endless":false,"potions_floor_spawned":[7,12,14,16,25,28],"killed_by":"Champ","ascension_level":0}