{"gold_per_floor":[111,1,1,21,21,21,46,46,46,77,92,102,112,126,126,230,230,250,262,41,41,51,79,79,106,106,140,156,226,226,236,236,335,335,347,358,210,225,225,253,36,68,159,184,196,208,248,278,290,302],"floor_reached":51,"playtime":2204,"items_purged":["Strike_R","Strike_R","Pain","Strike_R"],"score":988,"play_id":"756b905a-f02d-4201-8dbd-a9bb524a298f","local_time":"20190624130618","is_ascension_mode":true,"campfire_choices":[{"data":"Rampage","floor":6,"key":"SMITH"},{"data":"Bash","floor":8,"key":"SMITH"},{"data":"Shockwave","floor":15,"key":"SMITH"},{"floor":24,"key":"REST"},{"data":"Spot Weakness","floor":32,"key":"SMITH"},{"data":"Demon Form","floor":45,"key":"SMITH"},{"floor":49,"key":"REST"}],"neow_cost":"NONE","seed_source_timestamp":40601878217498,"circlet_count":0,"master_deck":["Strike_R","Strike_R","Defend_R","Defend_R","Defend_R","Defend_R","Bash+1","Rampage+1","Ghostly Armor","Infernal Blade","Anger","Thunderclap+1","Warcry","Clothesline+1","Iron Wave+1","Shockwave+1","Immolate+1","Flame Barrier","Pommel Strike+1","Feel No Pain","Twin Strike+1","Dramatic Entrance+1","Havoc","Pommel Strike+1","Offering","Spot Weakness+1","Demon Form+1","Blood for Blood+1","True Grit","Shrug It Off","Master of Strategy","Corruption","Combust+1"],"relics":["Burning Blood","Meat on the Bone","Molten Egg 2","Mummified Hand","Paper Frog","Ginger","Philosopher\u0027s Stone","Pocketwatch","Centennial Puzzle","Bag of Preparation","Sundial","Singing Bowl","WarpedTongs","Snecko Eye","Self Forming Clay","MawBank","Mercury Hourglass","Anchor"],"potions_floor_usage":[19,23,50,50],"damage_taken":[{"damage":5,"enemies":"Small Slimes","floor":1,"turns":3},{"damage":2,"enemies":"Jaw Worm","floor":4,"turns":2},{"damage":45,"enemies":"3 Sentries","floor":7,"turns":9},{"damage":16,"enemies":"Gremlin Nob","floor":10,"turns":3},{"damage":3,"enemies":"Cultist","floor":11,"turns":3},{"damage":5,"enemies":"Exordium Wildlife","floor":12,"turns":3},{"damage":10,"enemies":"Gremlin Gang","floor":13,"turns":4},{"damage":0,"enemies":"Exordium Thugs","floor":14,"turns":4},{"damage":36,"enemies":"The Guardian","floor":16,"turns":12},{"damage":4,"enemies":"Chosen","floor":18,"turns":3},{"damage":7,"enemies":"2 Thieves","floor":19,"turns":3},{"damage":22,"enemies":"Snecko","floor":22,"turns":4},{"damage":31,"enemies":"Book of Stabbing","floor":23,"turns":5},{"damage":12,"enemies":"Gremlin Leader","floor":25,"turns":4},{"damage":17,"enemies":"Slavers","floor":27,"turns":2},{"damage":12,"enemies":"Sentry and Sphere","floor":28,"turns":3},{"damage":11,"enemies":"Centurion and Healer","floor":31,"turns":2},{"damage":17,"enemies":"Collector","floor":33,"turns":5},{"damage":10,"enemies":"3 Darklings","floor":35,"turns":1},{"damage":13,"enemies":"3 Shapes","floor":36,"turns":2},{"damage":6,"enemies":"Sphere and 2 Shapes","floor":38,"turns":2},{"damage":6,"enemies":"Reptomancer","floor":40,"turns":3},{"damage":9,"enemies":"Giant Head","floor":42,"turns":4},{"damage":10,"enemies":"4 Shapes","floor":44,"turns":1},{"damage":26,"enemies":"Nemesis","floor":47,"turns":5},{"damage":18,"enemies":"Writhing Mass","floor":48,"turns":3},{"damage":28,"enemies":"Donu and Deca","floor":50,"turns":5}],"seed_played":"7441381458787626295","potions_obtained":[{"floor":1,"key":"Regen Potion"},{"floor":12,"key":"BloodPotion"},{"floor":13,"key":"Fire Potion"},{"floor":18,"key":"Strength Potion"},{"floor":22,"key":"SteroidPotion"},{"floor":25,"key":"LiquidBronze"},{"floor":36,"key":"EssenceOfSteel"},{"floor":40,"key":"GamblersBrew"}],"is_trial":false,"path_per_floor":["M","$","?","M","T","R","E","R","T","E","M","M","M","M","R","B",null,"M","M","$","?","M","E","R","E","T","E","M","T","?","M","R","B",null,"M","M","$","M","?","E","$","E","T","M","R","?","E","M","R","B",null],"character_chosen":"IRONCLAD","items_purchased":["Infernal Blade","Feel No Pain","Twin Strike+1","Shrug It Off","Corruption"],"campfire_rested":2,"item_purchase_floors":[2,20,20,37,41],"current_hp_per_floor":[80,80,77,80,80,80,53,53,53,55,58,59,55,61,61,43,80,80,79,79,63,47,34,58,52,52,53,47,47,47,54,54,55,80,76,69,69,71,65,67,67,66,66,64,64,64,56,58,86,64],"gold":314,"neow_bonus":"THREE_CARDS","is_prod":false,"is_daily":false,"chose_seed":false,"campfire_upgraded":5,"win_rate":0,"timestamp":1561395978,"path_taken":["M","$","?","M","?","R","E","R","T","E","M","M","M","?","R","BOSS","M","M","$","?","M","E","R","E","T","E","?","?","?","M","R","BOSS","M","M","?","?","?","E","$","E","T","M","R","?","E","M","R","BOSS"],"build_version":"2019-01-23","purchased_purges":4,"victory":true,"max_hp_per_floor":[80,80,80,80,80,80,80,80,80,80,80,80,80,80,80,80,80,80,80,80,80,80,80,80,80,80,80,80,80,80,80,80,80,80,80,80,80,82,86,88,88,90,90,92,92,92,92,94,94,94],"card_choices":[{"not_picked":["Rupture","Armaments"],"picked":"Rampage","floor":0},{"not_picked":["Perfected Strike","Warcry"],"picked":"Ghostly Armor","floor":1},{"not_picked":["Carnage","Rupture"],"picked":"Anger","floor":4},{"not_picked":["Exhume","Perfected Strike+1"],"picked":"Thunderclap+1","floor":7},{"not_picked":["Havoc","Combust"],"picked":"Warcry","floor":10},{"not_picked":["Ghostly Armor","Perfected Strike+1"],"picked":"Clothesline+1","floor":11},{"not_picked":["Twin Strike+1","Combust"],"picked":"Iron Wave+1","floor":12},{"not_picked":["Thunderclap+1","Armaments","Perfected Strike+1"],"picked":"SKIP","floor":13},{"not_picked":["Rage","Cleave+1"],"picked":"Shockwave","floor":14},{"not_picked":["Brutality","Bludgeon+1"],"picked":"Immolate+1","floor":16},{"not_picked":["Iron Wave+1","Clash+1"],"picked":"Flame Barrier","floor":18},{"not_picked":["Cleave+1","Fire Breathing+1"],"picked":"Pommel Strike+1","floor":19},{"not_picked":["Heavy Blade+1","Anger+1","Flex"],"picked":"SKIP","floor":22},{"not_picked":["Clothesline+1","Perfected Strike+1","Anger+1"],"picked":"SKIP","floor":23},{"not_picked":["Heavy Blade+1","Twin Strike+1"],"picked":"Havoc","floor":25},{"not_picked":["Sword Boomerang+1","Pummel+1","Pommel Strike+1"],"picked":"SKIP","floor":27},{"not_picked":["Sword Boomerang+1","Pummel+1"],"picked":"Pommel Strike+1","floor":27},{"not_picked":["Feel No Pain","Sword Boomerang+1"],"picked":"Offering","floor":28},{"not_picked":["Iron Wave+1","Body Slam+1"],"picked":"Spot Weakness","floor":31},{"not_picked":["Brutality","Immolate+1"],"picked":"Demon Form","floor":33},{"not_picked":["Havoc","Pommel Strike+1"],"picked":"Blood for Blood+1","floor":35},{"not_picked":["Pommel Strike+1","Clothesline+1"],"picked":"True Grit","floor":36},{"not_picked":["Battle Trance+1","Searing Blow+1","Wild Strike+1"],"picked":"Singing Bowl","floor":38},{"not_picked":["Blind","Jack Of All Trades"],"picked":"Master of Strategy","floor":39},{"not_picked":["Secret Weapon","Bandage Up","Enlightenment"],"picked":"Singing Bowl","floor":39},{"not_picked":["Enlightenment","Purity","Dramatic Entrance+1"],"picked":"Singing Bowl","floor":39},{"not_picked":["Evolve","True Grit","Seeing Red+1"],"picked":"Singing Bowl","floor":40},{"not_picked":["Corruption","Hemokinesis+1","Seeing Red+1"],"picked":"Singing Bowl","floor":42},{"not_picked":["Bloodletting","Flex+1","Whirlwind+1"],"picked":"Singing Bowl","floor":44},{"not_picked":["Blood for Blood+1","Cleave+1"],"picked":"Combust+1","floor":47},{"not_picked":["Intimidate","Sword Boomerang+1","Evolve+1"],"picked":"Singing Bowl","floor":48}],"player_experience":157644,"relics_obtained":[{"floor":5,"key":"Molten Egg 2"},{"floor":7,"key":"Mummified Hand"},{"floor":9,"key":"Paper Frog"},{"floor":10,"key":"Ginger"},{"floor":23,"key":"Pocketwatch"},{"floor":25,"key":"Centennial Puzzle"},{"floor":26,"key":"Bag of Preparation"},{"floor":27,"key":"Sundial"},{"floor":29,"key":"Singing Bowl"},{"floor":40,"key":"Self Forming Clay"},{"floor":42,"key":"MawBank"},{"floor":43,"key":"Mercury Hourglass"},{"floor":47,"key":"Anchor"}],"event_choices":[{"damage_healed":0,"gold_gain":0,"player_choice":"Success","damage_taken":3,"relics_obtained":["Meat on the Bone"],"max_hp_gain":0,"max_hp_loss":0,"event_name":"Scrap Ooze","floor":3,"gold_loss":0},{"damage_healed":0,"gold_gain":0,"player_choice":"CARD ","damage_taken":16,"max_hp_gain":0,"max_hp_loss":0,"event_name":"Knowing Skull","floor":21,"potions_obtained":[],"gold_loss":0,"cards_obtained":["Dramatic Entrance"]},{"damage_healed":0,"gold_gain":0,"player_choice":"Rummage","damage_taken":0,"relics_obtained":["WarpedTongs"],"max_hp_gain":0,"max_hp_loss":0,"event_name":"Accursed Blacksmith","floor":30,"gold_loss":0,"cards_obtained":["Pain"]},{"damage_healed":0,"gold_gain":0,"player_choice":"Memory 3","damage_taken":10,"max_hp_gain":0,"max_hp_loss":0,"event_name":"SensoryStone","floor":39,"gold_loss":0},{"damage_healed":0,"gold_gain":0,"player_choice":"Ignored","damage_taken":0,"max_hp_gain":0,"max_hp_loss":0,"event_name":"Tomb of Lord Red Mask","floor":46,"gold_loss":0}],"is_beta":false,"boss_relics":[{"not_picked":["Mark of Pain","Empty Cage"],"picked":"Philosopher\u0027s Stone"},{"not_picked":["Tiny House","Fusion Hammer"],"picked":"Snecko Eye"}],"items_purged_floors":[2,20,37,41],"is_endless":false,"potions_floor_spawned":[1,12,13,18,22,25,28,36,40,42,44,47],"ascension_level":4}