{"gold_per_floor":[112,112,37,47,58,77,77,102,152,177,197,6,6,18,18,95,95,110,110,110,125,83,83,83],"floor_reached":24,"playtime":2104,"items_purged":["Pain"],"score":402,"play_id":"fc4d670e-cf4b-4f71-85fa-7f7dc60d4035","local_time":"20190626144950","is_ascension_mode":true,"campfire_choices":[{"data":"Sucker Punch","floor":7,"key":"SMITH"},{"data":"Caltrops","floor":13,"key":"SMITH"},{"data":"Footwork","floor":15,"key":"SMITH"},{"data":"Burst","floor":23,"key":"SMITH"}],"neow_cost":"NONE","seed_source_timestamp":59251365640609,"circlet_count":0,"master_deck":["AscendersBane","Defend_G","Defend_G","Defend_G","Defend_G","Defend_G","Strike_G","Strike_G","Strike_G","Strike_G","Strike_G","Survivor","Neutralize","Well Laid Plans","Dagger Throw","Sucker Punch+1","Footwork+1","Terror","Caltrops+1","Blur","Dagger Spray","Burst+1","Leg Sweep","Necronomicurse","Eviscerate"],"relics":["Ring of the Snake","WarpedTongs","Pantograph","Anchor","Strawberry","Black Star","Necronomicon"],"potions_floor_usage":[8,10,24,24],"damage_taken":[{"damage":11,"enemies":"Small Slimes","floor":1,"turns":4},{"damage":0,"enemies":"Cultist","floor":4,"turns":4},{"damage":0,"enemies":"Jaw Worm","floor":5,"turns":4},{"damage":0,"enemies":"2 Fungi Beasts","floor":6,"turns":4},{"damage":10,"enemies":"3 Sentries","floor":8,"turns":7},{"damage":26,"enemies":"Gremlin Nob","floor":10,"turns":4},{"damage":2,"enemies":"Exordium Wildlife","floor":11,"turns":7},{"damage":0,"enemies":"Blue Slaver","floor":14,"turns":4},{"damage":4,"enemies":"Hexaghost","floor":16,"turns":11},{"damage":1,"enemies":"Chosen","floor":18,"turns":6},{"damage":12,"enemies":"Spheric Guardian","floor":21,"turns":11},{"damage":40,"enemies":"Gremlin Leader","floor":24,"turns":5}],"seed_played":"6531254484171615258","potions_obtained":[{"floor":4,"key":"SteroidPotion"},{"floor":6,"key":"Poison Potion"},{"floor":11,"key":"AttackPotion"},{"floor":14,"key":"Swift Potion"},{"floor":16,"key":"GhostInAJar"}],"is_trial":false,"path_per_floor":["M","?","$","M","M","M","R","E","T","E","M","$","R","M","R","B",null,"M","?","$","M","$","R","E"],"character_chosen":"THE_SILENT","items_purchased":["Caltrops","Blur","Dagger Spray","Eviscerate"],"campfire_rested":0,"item_purchase_floors":[12,12,12,22],"current_hp_per_floor":[54,54,54,54,54,54,54,44,44,25,23,23,23,23,23,44,70,69,48,48,36,36,36,0],"gold":83,"neow_bonus":"TEN_PERCENT_HP_BONUS","is_prod":false,"is_daily":false,"chose_seed":false,"campfire_upgraded":4,"win_rate":0,"timestamp":1561574990,"path_taken":["M","?","$","M","M","?","R","E","T","E","M","$","R","M","R","BOSS","M","?","$","M","$","R","E"],"build_version":"2019-01-23","purchased_purges":1,"victory":false,"max_hp_per_floor":[72,72,72,72,72,72,72,72,72,79,79,79,79,79,79,79,79,79,79,79,79,79,79,79],"card_choices":[{"not_picked":["Cloak And Dagger","Reflex"],"picked":"Well Laid Plans","floor":1},{"not_picked":["Blade Dance","Bane"],"picked":"Dagger Throw","floor":4},{"not_picked":["Acrobatics","Endless Agony"],"picked":"Sucker Punch","floor":5},{"not_picked":["Acrobatics","Well Laid Plans","Bane"],"picked":"SKIP","floor":6},{"not_picked":["Noxious Fumes","Endless Agony"],"picked":"Footwork","floor":8},{"not_picked":["Flying Knee","Envenom"],"picked":"Terror","floor":10},{"not_picked":["All Out Attack","Deflect","Sucker Punch"],"picked":"SKIP","floor":11},{"not_picked":["Endless Agony","Dagger Spray","Underhanded Strike"],"picked":"SKIP","floor":14},{"not_picked":["A Thousand Cuts","Storm of Steel"],"picked":"Burst","floor":16},{"not_picked":["Accuracy","Prepared"],"picked":"Leg Sweep","floor":18},{"not_picked":["Flechettes","Sucker Punch","Dodge and Roll"],"picked":"SKIP","floor":21}],"player_experience":718759,"relics_obtained":[{"floor":8,"key":"Pantograph"},{"floor":9,"key":"Anchor"},{"floor":10,"key":"Strawberry"},{"floor":19,"key":"Necronomicon"}],"event_choices":[{"damage_healed":0,"gold_gain":0,"player_choice":"Rummage","damage_taken":0,"relics_obtained":["WarpedTongs"],"max_hp_gain":0,"max_hp_loss":0,"event_name":"Accursed Blacksmith","floor":2,"gold_loss":0,"cards_obtained":["Pain"]},{"damage_healed":0,"gold_gain":0,"player_choice":"Obtained Book","damage_taken":21,"max_hp_gain":0,"max_hp_loss":0,"event_name":"Cursed Tome","floor":19,"gold_loss":0}],"is_beta":false,"boss_relics":[{"not_picked":["Philosopher\u0027s Stone","WristBlade"],"picked":"Black Star"}],"items_purged_floors":[3],"is_endless":false,"potions_floor_spawned":[4,6,11,14,16],"killed_by":"Gremlin Leader","ascension_level":19}