{"gold_per_floor":[117,117,130,146,146,171,171,197,245,245],"floor_reached":10,"playtime":324,"items_purged":[],"score":80,"play_id":"edc401d0-f309-49f6-a8b4-e928ea61def9","local_time":"20190605170636","is_ascension_mode":true,"campfire_choices":[{"floor":7,"key":"REST"}],"neow_cost":"NONE","seed_source_timestamp":406302911485095,"circlet_count":0,"master_deck":["Strike_R","Strike_R","Strike_R","Strike_R","Strike_R","Defend_R","Defend_R","Defend_R","Defend_R","Bash","Searing Blow"],"relics":["Burning Blood","NeowsBlessing","Pantograph","Centennial Puzzle","Bag of Marbles","Strawberry"],"potions_floor_usage":[6,6],"damage_taken":[{"damage":0,"enemies":"Cultist","floor":1,"turns":1},{"damage":0,"enemies":"2 Louse","floor":3,"turns":1},{"damage":0,"enemies":"Jaw Worm","floor":4,"turns":1},{"damage":38,"enemies":"3 Sentries","floor":6,"turns":11},{"damage":34,"enemies":"Gremlin Nob","floor":8,"turns":5},{"damage":53,"enemies":"Lagavulin","floor":10,"turns":6}],"seed_played":"1284267013704982852","potions_obtained":[{"floor":1,"key":"PowerPotion"},{"floor":3,"key":"SpeedPotion"}],"is_trial":false,"path_per_floor":["M","$","M","M","?","E","R","E","T","E"],"character_chosen":"IRONCLAD","items_purchased":[],"campfire_rested":1,"item_purchase_floors":[],"current_hp_per_floor":[80,80,80,80,68,36,60,32,39,0],"gold":245,"neow_bonus":"THREE_ENEMY_KILL","is_prod":false,"is_daily":false,"chose_seed":false,"campfire_upgraded":0,"win_rate":0,"timestamp":1559772396,"path_taken":["M","$","?","M","?","E","R","E","T","E"],"build_version":"2019-01-23","purchased_purges":0,"victory":false,"max_hp_per_floor":[80,80,80,80,80,80,80,80,87,87],"card_choices":[{"not_picked":["Intimidate","Uppercut"],"picked":"Searing Blow","floor":1},{"not_picked":["Spot Weakness","Twin Strike","Armaments"],"picked":"SKIP","floor":3},{"not_picked":["Hemokinesis","Anger","Perfected Strike"],"picked":"SKIP","floor":4},{"not_picked":["Perfected Strike","Thunderclap","Evolve"],"picked":"SKIP","floor":6},{"not_picked":["Flex","Sentinel","Clothesline"],"picked":"SKIP","floor":8}],"player_experience":95771,"relics_obtained":[{"floor":6,"key":"Centennial Puzzle"},{"floor":8,"key":"Bag of Marbles"},{"floor":9,"key":"Strawberry"}],"event_choices":[{"damage_healed":0,"gold_gain":0,"player_choice":"Success","damage_taken":12,"relics_obtained":["Pantograph"],"max_hp_gain":0,"max_hp_loss":0,"event_name":"Scrap Ooze","floor":5,"gold_loss":0}],"is_beta":false,"boss_relics":[],"items_purged_floors":[],"is_endless":false,"potions_floor_spawned":[1,3],"killed_by":"Lagavulin","ascension_level":1}