{"gold_per_floor":[129,279,279,318,408,408,426,473,473,523,523,523],"floor_reached":12,"playtime":389,"items_purged":[],"score":156,"play_id":"048d4730-66d9-46c2-bb6f-96c11910bdd1","local_time":"20190623150221","is_ascension_mode":true,"campfire_choices":[{"data":"Rampage","floor":6,"key":"SMITH"},{"data":"Whirlwind","floor":11,"key":"SMITH"}],"neow_cost":"PERCENT_DAMAGE","seed_source_timestamp":518848305869401,"circlet_count":0,"master_deck":["AscendersBane","Strike_R","Strike_R","Strike_R","Strike_R","Strike_R","Defend_R","Defend_R","Defend_R","Defend_R","Bash","Deep Breath+1","HandOfGreed","Doubt","Rampage+1","Whirlwind+1"],"relics":["Burning Blood","SsserpentHead","Bottled Lightning","Question Card"],"potions_floor_usage":[8],"damage_taken":[{"damage":4,"enemies":"Jaw Worm","floor":1,"turns":4},{"damage":0,"enemies":"2 Louse","floor":4,"turns":3},{"damage":1,"enemies":"Cultist","floor":5,"turns":3},{"damage":13,"enemies":"Large Slime","floor":7,"turns":5},{"damage":25,"enemies":"3 Sentries","floor":8,"turns":5},{"damage":45,"enemies":"Lagavulin","floor":12,"turns":7}],"seed_played":"-3878281777475612989","potions_obtained":[{"floor":1,"key":"Energy Potion"}],"is_trial":false,"path_per_floor":["M","?","?","M","M","R","M","E","T","?","R","E"],"character_chosen":"IRONCLAD","items_purchased":[],"campfire_rested":0,"item_purchase_floors":[],"current_hp_per_floor":[52,52,52,58,63,63,56,37,37,37,37,0],"gold":523,"neow_bonus":"RANDOM_COLORLESS_2","is_prod":false,"is_daily":false,"chose_seed":false,"campfire_upgraded":2,"win_rate":0,"timestamp":1561312941,"path_taken":["M","?","?","M","?","R","M","E","T","?","R","E"],"build_version":"2019-01-23","purchased_purges":0,"victory":false,"max_hp_per_floor":[75,75,75,75,75,75,75,75,75,75,75,75],"card_choices":[{"not_picked":["Wild Strike","Flex","Warcry"],"picked":"SKIP","floor":1},{"not_picked":["Pommel Strike","True Grit"],"picked":"Rampage","floor":4},{"not_picked":["Body Slam","Flex"],"picked":"Whirlwind","floor":5},{"not_picked":["Pommel Strike","Thunderclap","Dual Wield"],"picked":"SKIP","floor":7},{"not_picked":["Rampage","Dark Embrace","Wild Strike"],"picked":"SKIP","floor":8}],"player_experience":1160928,"relics_obtained":[{"floor":8,"key":"Bottled Lightning"},{"floor":9,"key":"Question Card"}],"event_choices":[{"damage_healed":0,"gold_gain":150,"player_choice":"AGREE","damage_taken":0,"max_hp_gain":0,"max_hp_loss":0,"event_name":"Liars Game","floor":2,"gold_loss":0,"cards_obtained":["Doubt"]},{"damage_healed":0,"gold_gain":0,"player_choice":"Trade","damage_taken":0,"relics_obtained":["SsserpentHead"],"max_hp_gain":0,"max_hp_loss":0,"event_name":"FaceTrader","floor":3,"gold_loss":0},{"damage_healed":0,"gold_gain":0,"player_choice":"Upgraded","damage_taken":0,"max_hp_gain":0,"max_hp_loss":0,"event_name":"Upgrade Shrine","floor":10,"gold_loss":0,"cards_upgraded":["Deep Breath"]}],"is_beta":false,"boss_relics":[],"items_purged_floors":[],"is_endless":false,"potions_floor_spawned":[1],"killed_by":"Lagavulin","ascension_level":20}