{"gold_per_floor":[112,112,112,127,44,44,56,56,56,86,102,102,133,149,149,149],"floor_reached":16,"playtime":668,"items_purged":[],"score":127,"play_id":"5c9a8d3f-290d-408f-9b29-2143aa6d2c95","local_time":"20190421035946","is_ascension_mode":true,"campfire_choices":[{"data":"Discovery","floor":6,"key":"SMITH"},{"data":"Armaments","floor":8,"key":"SMITH"},{"data":"Perfected Strike","floor":15,"key":"SMITH"}],"neow_cost":"NONE","seed_source_timestamp":33426509683679,"circlet_count":0,"master_deck":["Strike_R+1","Strike_R","Strike_R","Strike_R","Strike_R+1","Defend_R","Defend_R","Defend_R","Defend_R","Bash","Warcry","Perfected Strike+1","Discovery+1","Armaments+1","Twin Strike","Rage"],"relics":["Burning Blood","NeowsBlessing","Singing Bowl","Bottled Lightning","FaceOfCleric","Blood Vial"],"potions_floor_usage":[13,14],"damage_taken":[{"damage":0,"enemies":"Cultist","floor":1,"turns":1},{"damage":0,"enemies":"Small Slimes","floor":4,"turns":1},{"damage":0,"enemies":"2 Louse","floor":7,"turns":1},{"damage":30,"enemies":"3 Sentries","floor":10,"turns":7},{"damage":13,"enemies":"Red Slaver","floor":11,"turns":3},{"damage":20,"enemies":"Gremlin Nob","floor":13,"turns":3},{"damage":13,"enemies":"Exordium Thugs","floor":14,"turns":3},{"damage":39,"enemies":"The Guardian","floor":16,"turns":11}],"seed_played":"6834693125058709080","potions_obtained":[{"floor":4,"key":"SteroidPotion"},{"floor":13,"key":"Energy Potion"}],"is_trial":false,"path_per_floor":["M","$","?","M","$","R","M","R","T","E","M","?","E","M","R","B"],"character_chosen":"IRONCLAD","items_purchased":["Discovery"],"campfire_rested":0,"item_purchase_floors":[5],"current_hp_per_floor":[80,80,64,70,70,70,76,76,76,52,47,47,34,30,30,0],"gold":149,"neow_bonus":"THREE_ENEMY_KILL","is_prod":false,"is_daily":false,"chose_seed":false,"campfire_upgraded":3,"win_rate":0,"timestamp":1555833586,"path_taken":["M","?","?","M","$","R","M","R","T","E","M","?","E","?","R","BOSS"],"build_version":"2019-01-23","purchased_purges":0,"victory":false,"max_hp_per_floor":[80,80,80,80,80,80,80,80,80,80,82,82,83,84,84,84],"card_choices":[{"not_picked":["Flex","Heavy Blade"],"picked":"Warcry","floor":1},{"not_picked":["Body Slam","Sword Boomerang"],"picked":"Perfected Strike","floor":4},{"not_picked":["Rage","Sever Soul"],"picked":"Armaments","floor":7},{"not_picked":["Thunderclap","Fire Breathing","Brutality"],"picked":"SKIP","floor":10},{"not_picked":["Second Wind","Feel No Pain","Dual Wield"],"picked":"Singing Bowl","floor":11},{"not_picked":["Rupture","Sword Boomerang"],"picked":"Twin Strike","floor":13},{"not_picked":["Combust","Clash"],"picked":"Rage","floor":14}],"player_experience":91021,"relics_obtained":[{"floor":9,"key":"Singing Bowl"},{"floor":10,"key":"Bottled Lightning"},{"floor":13,"key":"Blood Vial"}],"event_choices":[{"damage_healed":0,"gold_gain":0,"player_choice":"Entered Light","damage_taken":16,"max_hp_gain":0,"max_hp_loss":0,"event_name":"Shining Light","floor":3,"gold_loss":0,"cards_upgraded":["Strike_R","Strike_R"]},{"damage_healed":0,"gold_gain":0,"player_choice":"Trade","damage_taken":0,"relics_obtained":["FaceOfCleric"],"max_hp_gain":0,"max_hp_loss":0,"event_name":"FaceTrader","floor":12,"gold_loss":0}],"is_beta":false,"boss_relics":[],"items_purged_floors":[],"is_endless":false,"potions_floor_spawned":[4,13],"killed_by":"The Guardian","ascension_level":3}