{"gold_per_floor":[112,187,167,187,203,203,231,245,268,268,295,25,25,39,39,144,144,156,170,170,189,189,189,209,209],"floor_reached":25,"playtime":955,"items_purged":[],"score":245,"play_id":"abb7b094-d0e0-4363-a786-cc04339c6883","local_time":"20190424001240","is_ascension_mode":true,"campfire_choices":[{"data":"Sweeping Beam","floor":6,"key":"SMITH"},{"floor":10,"key":"REST"},{"data":"White Noise","floor":15,"key":"SMITH"},{"floor":23,"key":"REST"}],"neow_cost":"NONE","seed_source_timestamp":278718766480161,"circlet_count":0,"master_deck":["Strike_B","Strike_B","Defend_B+1","Defend_B","Defend_B","Defend_B","Zap+1","Dualcast","Sweeping Beam+1","FTL","Coolheaded+1","Reboot","Steam","Glacier","Apotheosis+1","Doom and Gloom","White Noise+1","Biased Cognition","Genetic Algorithm","Hologram","Electrodynamics","Hologram","Leap","Defragment","Chaos","Reprogram","Defragment"],"relics":["Cracked Core","War Paint","Boot","Lantern","Orrery"],"potions_floor_usage":[11,21,25,25],"damage_taken":[{"damage":4,"enemies":"Jaw Worm","floor":1,"turns":4},{"damage":1,"enemies":"2 Louse","floor":4,"turns":2},{"damage":1,"enemies":"Cultist","floor":5,"turns":3},{"damage":28,"enemies":"Lagavulin","floor":7,"turns":8},{"damage":1,"enemies":"2 Fungi Beasts","floor":8,"turns":2},{"damage":32,"enemies":"Gremlin Nob","floor":11,"turns":4},{"damage":3,"enemies":"Blue Slaver","floor":14,"turns":3},{"damage":5,"enemies":"Hexaghost","floor":16,"turns":12},{"damage":1,"enemies":"Chosen","floor":18,"turns":5},{"damage":10,"enemies":"2 Thieves","floor":19,"turns":3},{"damage":32,"enemies":"Colosseum Slavers","floor":20,"turns":3},{"damage":24,"enemies":"Snake Plant","floor":21,"turns":4},{"damage":27,"enemies":"Centurion and Healer","floor":24,"turns":4},{"damage":14,"enemies":"Slavers","floor":25,"turns":1}],"seed_played":"-4986986943590580089","potions_obtained":[{"floor":3,"key":"Regen Potion"},{"floor":4,"key":"Energy Potion"},{"floor":5,"key":"Poison Potion"},{"floor":7,"key":"SkillPotion"},{"floor":11,"key":"SkillPotion"},{"floor":19,"key":"EssenceOfSteel"}],"is_trial":false,"path_per_floor":["M","?","?","M","M","R","E","M","T","R","E","$","?","M","R","B",null,"M","M","?","M","?","R","M","E"],"character_chosen":"DEFECT","items_purchased":["Apotheosis","Doom and Gloom"],"campfire_rested":2,"item_purchase_floors":[12,12],"current_hp_per_floor":[71,60,60,59,58,58,30,29,29,51,24,24,24,21,21,16,75,74,64,32,8,8,30,3,0],"gold":209,"neow_bonus":"UPGRADE_CARD","is_prod":false,"is_daily":false,"chose_seed":false,"campfire_upgraded":2,"win_rate":0,"timestamp":1556079160,"path_taken":["M","?","?","?","M","R","E","M","T","R","E","$","?","M","R","BOSS","M","M","?","M","?","R","M","E"],"build_version":"2019-01-23","purchased_purges":0,"victory":false,"max_hp_per_floor":[75,75,75,75,75,75,75,75,75,75,75,75,75,75,75,75,75,75,75,75,75,75,75,75,75],"card_choices":[{"not_picked":["Compile Driver","Beam Cell"],"picked":"Sweeping Beam","floor":1},{"not_picked":["Redo","Gash"],"picked":"FTL","floor":4},{"not_picked":["Stack","Gash"],"picked":"Coolheaded","floor":5},{"not_picked":["Static Discharge","Stack"],"picked":"Reboot","floor":7},{"not_picked":["Rebound","Force Field"],"picked":"Steam","floor":8},{"not_picked":["Beam Cell","Turbo"],"picked":"Glacier","floor":11},{"not_picked":["Gash","Stack"],"picked":"White Noise","floor":14},{"not_picked":["Thunder Strike","Machine Learning"],"picked":"Biased Cognition","floor":16},{"not_picked":["Self Repair","Stack"],"picked":"Genetic Algorithm","floor":17},{"not_picked":["Streamline","Compile Driver"],"picked":"Hologram","floor":17},{"not_picked":["Barrage","Tempest"],"picked":"Electrodynamics","floor":17},{"not_picked":["Turbo","Compile Driver"],"picked":"Hologram","floor":17},{"not_picked":["Compile Driver","Coolheaded"],"picked":"Leap","floor":17},{"not_picked":["Turbo","BootSequence","Barrage"],"picked":"SKIP","floor":18},{"not_picked":["Turbo","BootSequence","Gash"],"picked":"SKIP","floor":19},{"not_picked":["Lockon","Stack"],"picked":"Defragment","floor":21},{"not_picked":["Redo","Thunder Strike"],"picked":"Defragment","floor":24}],"player_experience":102322,"relics_obtained":[{"floor":7,"key":"War Paint"},{"floor":9,"key":"Boot"},{"floor":11,"key":"Lantern"}],"event_choices":[{"damage_healed":0,"gold_gain":75,"player_choice":"Gather Gold","damage_taken":11,"max_hp_gain":0,"max_hp_loss":0,"event_name":"World of Goop","floor":2,"gold_loss":0},{"damage_healed":0,"gold_gain":0,"player_choice":"Bought 1 Potion","damage_taken":0,"max_hp_gain":0,"max_hp_loss":0,"event_name":"The Woman in Blue","floor":3,"gold_loss":0},{"damage_healed":0,"gold_gain":0,"player_choice":"Grow","damage_taken":0,"max_hp_gain":0,"max_hp_loss":0,"event_name":"Living Wall","floor":13,"gold_loss":0,"cards_upgraded":["Apotheosis"]},{"damage_healed":0,"gold_gain":0,"player_choice":"Fight","damage_taken":0,"max_hp_gain":0,"max_hp_loss":0,"event_name":"Colosseum","floor":20,"gold_loss":0},{"damage_healed":0,"gold_gain":0,"player_choice":"Fled From Nobs","damage_taken":0,"max_hp_gain":0,"max_hp_loss":0,"event_name":"Colosseum","floor":20,"gold_loss":0},{"damage_healed":0,"gold_gain":0,"cards_transformed":["Strike_B","Strike_B"],"player_choice":"Became Test Subject","damage_taken":0,"max_hp_gain":0,"max_hp_loss":0,"event_name":"Drug Dealer","floor":22,"gold_loss":0,"cards_obtained":["Chaos","Reprogram"]}],"is_beta":false,"boss_relics":[{"not_picked":["Pandora\u0027s Box","Ectoplasm"],"picked":"Orrery"}],"items_purged_floors":[],"is_endless":false,"potions_floor_spawned":[4,5,7,11,19,20],"killed_by":"Slavers","ascension_level":3}