{"gold_per_floor":[20,20,20,40,40,40,53,70,70,87,105,78,78,109,109,213,213,180,140,158,168,108,120,120,120],"floor_reached":25,"playtime":1907,"items_purged":["Defend_R"],"score":215,"play_id":"0b3a8995-1faa-475e-814b-49c1acd23785","local_time":"20190606125938","is_ascension_mode":true,"campfire_choices":[{"data":"Shrug It Off","floor":6,"key":"SMITH"},{"data":"Whirlwind","floor":15,"key":"SMITH"},{"floor":24,"key":"REST"}],"neow_cost":"NO_GOLD","seed_source_timestamp":476300132540529,"circlet_count":0,"master_deck":["Strike_R","Strike_R","Defend_R","Defend_R","Bash","Shrug It Off+1","True Grit","Disarm","Whirlwind+1","Shrug It Off+1","Limit Break","Heavy Blade"],"relics":["Burning Blood","Oddly Smooth Stone","Bottled Lightning","The Courier","Black Star"],"potions_floor_usage":[14,14,21],"damage_taken":[{"damage":2,"enemies":"2 Louse","floor":1,"turns":3},{"damage":7,"enemies":"Cultist","floor":4,"turns":5},{"damage":0,"enemies":"Jaw Worm","floor":7,"turns":3},{"damage":10,"enemies":"2 Fungi Beasts","floor":8,"turns":4},{"damage":19,"enemies":"Gremlin Gang","floor":10,"turns":15},{"damage":0,"enemies":"Large Slime","floor":11,"turns":7},{"damage":16,"enemies":"Lagavulin","floor":14,"turns":13},{"damage":34,"enemies":"The Guardian","floor":16,"turns":17},{"damage":20,"enemies":"2 Thieves","floor":18,"turns":5},{"damage":0,"enemies":"3 Byrds","floor":20,"turns":5},{"damage":35,"enemies":"Centurion and Healer","floor":21,"turns":20},{"damage":37,"enemies":"Cultist and Chosen","floor":23,"turns":13},{"damage":40,"enemies":"Sentry and Sphere","floor":25,"turns":15}],"seed_played":"-2753568913078854170","potions_obtained":[{"floor":1,"key":"EssenceOfSteel"},{"floor":7,"key":"Energy Potion"},{"floor":8,"key":"Dexterity Potion"}],"is_trial":false,"path_per_floor":["M","?","$","M","?","R","M","M","T","M","M","$","T","E","R","B",null,"M","?","M","M","$","M","R","M"],"character_chosen":"IRONCLAD","items_purchased":["Shrug It Off"],"campfire_rested":1,"item_purchase_floors":[12],"current_hp_per_floor":[80,80,80,79,72,72,78,74,74,61,67,67,67,57,57,29,80,66,66,72,43,43,12,36,0],"gold":120,"neow_bonus":"REMOVE_TWO","is_prod":false,"is_daily":false,"chose_seed":false,"campfire_upgraded":2,"win_rate":0,"timestamp":1559843978,"path_taken":["M","?","?","M","?","R","M","M","T","M","M","$","?","E","R","BOSS","M","?","M","M","$","M","R","?"],"build_version":"2019-01-23","purchased_purges":1,"victory":false,"max_hp_per_floor":[80,80,80,80,80,80,80,80,80,80,80,80,80,80,80,80,80,80,80,80,80,80,80,80,80],"card_choices":[{"not_picked":["Anger","Sentinel","Rage"],"picked":"SKIP","floor":1},{"not_picked":["Wild Strike","Twin Strike"],"picked":"Shrug It Off","floor":4},{"not_picked":["Heavy Blade","Wild Strike"],"picked":"True Grit","floor":7},{"not_picked":["Dual Wield","Dropkick"],"picked":"Disarm","floor":8},{"not_picked":["Sword Boomerang","Entrench"],"picked":"Whirlwind","floor":10},{"not_picked":["Clash","Intimidate","Infernal Blade"],"picked":"SKIP","floor":11},{"not_picked":["Cleave","Blood for Blood","Searing Blow"],"picked":"SKIP","floor":14},{"not_picked":["Dark Embrace","Feed"],"picked":"Limit Break","floor":16},{"not_picked":["Clash","Clothesline"],"picked":"Heavy Blade","floor":18},{"not_picked":["Wild Strike+1","Thunderclap","Whirlwind+1"],"picked":"SKIP","floor":20},{"not_picked":["Iron Wave","Carnage","Clothesline"],"picked":"SKIP","floor":21},{"not_picked":["Heavy Blade","True Grit","Sentinel"],"picked":"SKIP","floor":23}],"player_experience":112676,"relics_obtained":[{"floor":9,"key":"Oddly Smooth Stone"},{"floor":13,"key":"Bottled Lightning"},{"floor":14,"key":"The Courier"}],"event_choices":[{"cards_removed":["Strike_R"],"damage_healed":0,"gold_gain":0,"player_choice":"Purged","damage_taken":0,"max_hp_gain":0,"max_hp_loss":0,"event_name":"Purifier","floor":2,"gold_loss":0},{"cards_removed":["Defend_R"],"damage_healed":0,"gold_gain":0,"player_choice":"Card Removal","damage_taken":7,"max_hp_gain":0,"max_hp_loss":0,"event_name":"Golden Wing","floor":5,"gold_loss":0},{"damage_healed":0,"gold_gain":0,"player_choice":"Upgrade","damage_taken":0,"max_hp_gain":0,"max_hp_loss":0,"event_name":"Designer","floor":19,"gold_loss":40,"cards_upgraded":["Shrug It Off"]}],"is_beta":false,"boss_relics":[{"not_picked":["Lizard Tail","Ectoplasm"],"picked":"Black Star"}],"items_purged_floors":[22],"is_endless":false,"potions_floor_spawned":[1,7,8],"killed_by":"Sentry and Sphere","ascension_level":1}