{"gold_per_floor":[117,137,237,248,195,229,229,229,229,293,293,322,299,330,342,452,464,492,515,442,454],"floor_reached":21,"playtime":1178,"items_purged":[],"score":204,"play_id":"de1acfd2-0a4c-4d2b-9c4e-36be337e68a1","local_time":"20190224012401","is_ascension_mode":false,"campfire_choices":[{"data":"Neutralize","floor":8,"key":"SMITH"},{"floor":15,"key":"REST"}],"neow_cost":"NONE","seed_source_timestamp":26292816192926,"circlet_count":0,"master_deck":["Defend_G","Defend_G","Defend_G","Defend_G","Defend_G","Strike_G","Strike_G","Strike_G","Strike_G","Strike_G","Survivor","Neutralize+1","Dagger Throw","Dagger Spray","Dagger Spray","PiercingWail","Sucker Punch","Flying Knee","Dagger Spray","Backstab","Adrenaline+1","Footwork","Dagger Throw+1"],"relics":["Ring of the Snake","Mummified Hand","Toxic Egg 2","Mango","MawBank","HoveringKite","Letter Opener"],"potions_floor_usage":[16,16],"damage_taken":[{"damage":0,"enemies":"Cultist","floor":1,"turns":4},{"damage":0,"enemies":"2 Louse","floor":2,"turns":2},{"damage":2,"enemies":"Small Slimes","floor":4,"turns":3},{"damage":23,"enemies":"3 Sentries","floor":6,"turns":6},{"damage":32,"enemies":"Gremlin Nob","floor":10,"turns":6},{"damage":1,"enemies":"2 Fungi Beasts","floor":12,"turns":2},{"damage":2,"enemies":"Large Slime","floor":14,"turns":5},{"damage":55,"enemies":"The Guardian","floor":16,"turns":12},{"damage":23,"enemies":"2 Thieves","floor":18,"turns":5},{"damage":12,"enemies":"Chosen","floor":19,"turns":5},{"damage":24,"enemies":"Shelled Parasite and Fungi","floor":21,"turns":7}],"seed_played":"-7485048193479359122","potions_obtained":[{"floor":4,"key":"LiquidBronze"},{"floor":10,"key":"LiquidBronze"},{"floor":14,"key":"Poison Potion"},{"floor":16,"key":"Weak Potion"},{"floor":18,"key":"Energy Potion"}],"is_trial":false,"path_per_floor":["M","M","?","M","$","E","$","R","T","?","?","M","?","M","R","B",null,"M","M","?","M"],"character_chosen":"THE_SILENT","items_purchased":["PiercingWail"],"campfire_rested":1,"item_purchase_floors":[5],"current_hp_per_floor":[77,77,77,75,75,52,52,52,52,34,27,26,48,46,73,18,91,68,56,56,32],"gold":454,"neow_bonus":"TEN_PERCENT_HP_BONUS","is_prod":false,"is_daily":false,"chose_seed":false,"campfire_upgraded":1,"win_rate":0.0,"timestamp":1550989441,"path_taken":["M","M","?","?","$","E","$","R","T","?","?","M","?","M","R","BOSS","M","M","?","M"],"build_version":"2019-01-23","purchased_purges":0,"victory":false,"max_hp_per_floor":[77,77,77,77,77,77,77,77,77,91,91,91,91,91,91,91,91,91,91,91,91],"card_choices":[{"not_picked":["Predator","Infinite Blades"],"picked":"Dagger Throw","floor":1},{"not_picked":["Crippling Poison","Sucker Punch"],"picked":"Dagger Spray","floor":2},{"not_picked":["Eviscerate","Outmaneuver"],"picked":"Dagger Spray","floor":4},{"not_picked":["Wraith Form v2","Deadly Poison"],"picked":"Sucker Punch","floor":6},{"not_picked":["Outmaneuver+1","Crippling Poison+1"],"picked":"Flying Knee","floor":10},{"not_picked":["Wraith Form v2","Choke"],"picked":"Dagger Spray","floor":12},{"not_picked":["Reflex+1","Poisoned Stab"],"picked":"Backstab","floor":14},{"not_picked":["Tools of the Trade","Die Die Die"],"picked":"Adrenaline+1","floor":16},{"not_picked":["Quick Slash","Dagger Spray"],"picked":"Footwork","floor":18},{"not_picked":["PiercingWail+1","Flying Knee+1"],"picked":"Dagger Throw+1","floor":19}],"player_experience":7814,"relics_obtained":[{"floor":6,"key":"Mummified Hand"},{"floor":9,"key":"Toxic Egg 2"},{"floor":10,"key":"Mango"}],"event_choices":[{"damage_healed":0,"gold_gain":100,"player_choice":"Pray","damage_taken":0,"max_hp_gain":0,"max_hp_loss":0,"event_name":"Golden Shrine","floor":3,"gold_loss":0},{"damage_healed":0,"gold_gain":0,"player_choice":"Searched \u00272\u0027 times","damage_taken":0,"max_hp_gain":0,"max_hp_loss":0,"event_name":"Dead Adventurer","floor":10,"gold_loss":0},{"damage_healed":0,"gold_gain":0,"player_choice":"Success","damage_taken":7,"relics_obtained":["MawBank"],"max_hp_gain":0,"max_hp_loss":0,"event_name":"Scrap Ooze","floor":11,"gold_loss":0},{"damage_healed":22,"gold_gain":0,"player_choice":"Healed","damage_taken":0,"max_hp_gain":0,"max_hp_loss":0,"event_name":"The Cleric","floor":13,"gold_loss":35},{"damage_healed":0,"gold_gain":0,"player_choice":"Obtained Relic","damage_taken":0,"relics_obtained":["Letter Opener"],"max_hp_gain":0,"max_hp_loss":0,"event_name":"Addict","floor":20,"gold_loss":85}],"is_beta":false,"boss_relics":[{"not_picked":["Cursed Key","Ectoplasm"],"picked":"HoveringKite"}],"items_purged_floors":[],"is_endless":false,"potions_floor_spawned":[4,10,14,16,18],"killed_by":"Shelled Parasite and Fungi","ascension_level":0}