{"gold_per_floor":[109,109,124,138,138,163,163,188,211,211,237,247,282,300,300,395,395,413,447,460,306,319,351,351,371,424,78,78,89,89,123,123,224,224,237,35,80,80,380,380,412,431,500,49,49,75,75,86,86,86,86,86,12,12],"floor_reached":54,"playtime":3576,"items_purged":["Strike_B","Strike_B","Strike_B"],"score":1212,"play_id":"4cbe5ff7-0cfe-403e-b7eb-2a178f789049","local_time":"20190624165718","is_ascension_mode":true,"campfire_choices":[{"data":"Fission","floor":7.0,"key":"SMITH"},{"floor":10.0,"key":"REST"},{"data":"Zap","floor":15.0,"key":"SMITH"},{"floor":24.0,"key":"REST"},{"floor":28.0,"key":"REST"},{"data":"Static Discharge","floor":30.0,"key":"SMITH"},{"data":"Dualcast","floor":32.0,"key":"SMITH"},{"floor":40.0,"key":"REST"},{"floor":45,"key":"REST"},{"floor":47,"key":"REST"},{"floor":49,"key":"RECALL"},{"floor":52,"key":"REST"}],"neow_cost":"NONE","seed_source_timestamp":0,"circlet_count":0,"master_deck":["AscendersBane","Strike_B","Defend_B","Defend_B+1","Defend_B","Zap+1","Dualcast+1","Conserve Battery","Beam Cell+1","Compile Driver+1","Rebound","Fission+1","Doom and Gloom+1","Leap+1","BootSequence","Cold Snap","Electrodynamics","Cold Snap","Static Discharge+1","Undo","Coolheaded","Ball Lightning","Creative AI","Recycle+1","Capacitor+1","Blizzard","Seek","FTL+1","Hologram+1","Chaos","Fusion"],"special_seed":0,"relics":["FrozenCore","Art of War","DataDisk","Whetstone","Smiling Mask","War Paint","Red Mask","Orichalcum","Potion Belt","Dream Catcher","Mango","Ancient Tea Set","Nuclear Battery","PreservedInsect","Torii","Lantern","Pear","Meat on the Bone"],"potions_floor_usage":[50,50,54],"damage_taken":[{"damage":1.0,"enemies":"2 Louse","floor":1.0,"turns":2.0},{"damage":0.0,"enemies":"Cultist","floor":3.0,"turns":3.0},{"damage":2.0,"enemies":"Jaw Worm","floor":4.0,"turns":4.0},{"damage":18.0,"enemies":"3 Sentries","floor":6.0,"turns":6.0},{"damage":11.0,"enemies":"Gremlin Nob","floor":8.0,"turns":3.0},{"damage":0.0,"enemies":"Exordium Wildlife","floor":12.0,"turns":1.0},{"damage":4.0,"enemies":"Lagavulin","floor":13.0,"turns":5.0},{"damage":2.0,"enemies":"Gremlin Gang","floor":14.0,"turns":3.0},{"damage":4.0,"enemies":"The Guardian","floor":16.0,"turns":9.0},{"damage":10.0,"enemies":"Spheric Guardian","floor":18.0,"turns":4.0},{"damage":14.0,"enemies":"Masked Bandits","floor":19.0,"turns":4.0},{"damage":0.0,"enemies":"Chosen","floor":20.0,"turns":3.0},{"damage":0.0,"enemies":"Centurion and Healer","floor":22.0,"turns":7.0},{"damage":16.0,"enemies":"Book of Stabbing","floor":23.0,"turns":5.0},{"damage":10.0,"enemies":"Shelled Parasite and Fungi","floor":25.0,"turns":5.0},{"damage":0.0,"enemies":"Chosen and Byrds","floor":29.0,"turns":6.0},{"damage":4.0,"enemies":"Gremlin Leader","floor":31.0,"turns":7.0},{"damage":59.0,"enemies":"Automaton","floor":33.0,"turns":10.0},{"damage":2.0,"enemies":"3 Darklings","floor":35.0,"turns":4.0},{"damage":41.0,"enemies":"2 Orb Walkers","floor":37.0,"turns":6.0},{"damage":10.0,"enemies":"Nemesis","floor":41.0,"turns":7.0},{"damage":1.0,"enemies":"Orb Walker","floor":42.0,"turns":3.0},{"damage":24,"enemies":"Giant Head","floor":46,"turns":8},{"damage":0,"enemies":"3 Darklings","floor":48,"turns":3},{"damage":66,"enemies":"Donu and Deca","floor":50,"turns":11},{"damage":126,"enemies":"Shield and Spear","floor":54,"turns":6}],"seed_played":"-1784721129743979054","potions_obtained":[{"floor":3.0,"key":"AttackPotion"},{"floor":4.0,"key":"SpeedPotion"},{"floor":6.0,"key":"Energy Potion"},{"floor":18.0,"key":"Fire Potion"},{"floor":20.0,"key":"SpeedPotion"},{"floor":31.0,"key":"Explosive Potion"},{"floor":33.0,"key":"Weak Potion"},{"floor":41.0,"key":"EssenceOfSteel"},{"floor":42.0,"key":"SteroidPotion"},{"floor":48,"key":"Weak Potion"}],"is_trial":false,"path_per_floor":["M","?","M","M","?","E","R","E","T","R","T","M","E","M","R","B",null,"M","?","M","$","M","E","R","M","T","$","R","M","R","E","R","B",null,"M","$","?","?","?","R","E","M","T","$","R","E","R","M","R","B",null,"R","$","E"],"character_chosen":"DEFECT","items_purchased":["Orichalcum","Mango","PreservedInsect","Pear","Seek","Fusion"],"campfire_rested":7,"item_purchase_floors":[21,27,36,44,44,53],"current_hp_per_floor":[67,67,67,65,65,47,47,36,36,58,58,58,54,52,52,48,68,58,44,44,44,44,28,50,40,40,54,80,80,80,76,76,17,71,69,69,28,28,28,53,43,42,42,52,80,56,84,84,84,30,79,95,95,0],"gold":12,"neow_bonus":"THREE_CARDS","is_prod":false,"is_daily":false,"chose_seed":false,"campfire_upgraded":4,"win_rate":0,"timestamp":1561406238,"path_taken":["M","?","?","M","?","E","R","E","T","R","?","?","E","M","R","BOSS","M","?","M","$","M","E","R","M","T","?","R","M","R","E","R","BOSS","M","?","?","?","?","R","E","M","T","$","R","E","R","M","R","BOSS","R","$","E"],"build_version":"2019-01-23","purchased_purges":3,"victory":false,"max_hp_per_floor":[75,75,75,75,75,75,75,75,75,75,75,75,75,75,75,75,75,75,75,75,75,75,75,75,75,75,89,89,89,89,89,89,89,89,89,89,89,85,85,85,85,85,85,95,95,95,95,95,95,95,95,95,95,95],"card_choices":[{"not_picked":["FTL","Beam Cell"],"picked":"Conserve Battery","floor":0.0},{"not_picked":["Heatsinks","Stack"],"picked":"Beam Cell","floor":1.0},{"not_picked":["White Noise","Barrage"],"picked":"Compile Driver","floor":3.0},{"not_picked":["Beam Cell","Fusion"],"picked":"Rebound","floor":4.0},{"not_picked":["Beam Cell","Compile Driver"],"picked":"Fission","floor":6.0},{"not_picked":["Steam","FTL"],"picked":"Doom and Gloom","floor":8.0},{"not_picked":["Coolheaded","Steam Power"],"picked":"Leap","floor":12.0},{"not_picked":["Steam","Stack"],"picked":"BootSequence","floor":13.0},{"not_picked":["Conserve Battery","Rainbow"],"picked":"Cold Snap","floor":14.0},{"not_picked":["Core Surge","Creative AI"],"picked":"Electrodynamics","floor":16.0},{"not_picked":["Ball Lightning","Loop"],"picked":"Cold Snap","floor":18.0},{"not_picked":["Gash","Genetic Algorithm+1"],"picked":"Static Discharge","floor":19.0},{"not_picked":["Go for the Eyes","Hologram"],"picked":"Undo","floor":20.0},{"not_picked":["Undo","Gash+1","Heatsinks"],"picked":"SKIP","floor":22.0},{"not_picked":["Melter","Skim","Double Energy"],"picked":"SKIP","floor":23.0},{"not_picked":["Force Field+1","Aggregate"],"picked":"Coolheaded","floor":25.0},{"not_picked":["Turbo","Force Field"],"picked":"Ball Lightning","floor":29.0},{"not_picked":["Compile Driver+1","Melter","Gash"],"picked":"SKIP","floor":31.0},{"not_picked":["Core Surge","Biased Cognition"],"picked":"Creative AI","floor":33.0},{"not_picked":["Streamline+1","Reinforced Body"],"picked":"Recycle+1","floor":35.0},{"not_picked":["BootSequence","Coolheaded"],"picked":"Capacitor+1","floor":37.0},{"not_picked":["Skim","Ball Lightning"],"picked":"Blizzard","floor":41.0},{"not_picked":["Rainbow","Skim","Beam Cell"],"picked":"SKIP","floor":42.0},{"not_picked":["Recycle","Reprogram"],"picked":"FTL+1","floor":46},{"not_picked":["Compile Driver","Leap+1"],"picked":"Hologram+1","floor":47},{"not_picked":["Leap+1","Rip and Tear","Go for the Eyes"],"picked":"SKIP","floor":48},{"not_picked":["Rebound","Redo"],"picked":"Chaos","floor":52}],"player_experience":1170416,"relics_obtained":[{"floor":6.0,"key":"Art of War"},{"floor":8.0,"key":"DataDisk"},{"floor":9.0,"key":"Whetstone"},{"floor":11.0,"key":"Smiling Mask"},{"floor":13.0,"key":"War Paint"},{"floor":19.0,"key":"Red Mask"},{"floor":23.0,"key":"Potion Belt"},{"floor":26.0,"key":"Dream Catcher"},{"floor":31.0,"key":"Ancient Tea Set"},{"floor":37.0,"key":"Torii"},{"floor":41.0,"key":"Lantern"},{"floor":46,"key":"Meat on the Bone"}],"event_choices":[{"cards_removed":["Defend_B"],"damage_healed":0.0,"max_hp_gain":0.0,"max_hp_loss":0.0,"gold_gain":0.0,"event_name":"Purifier","player_choice":"Purged","floor":2.0,"gold_loss":0.0,"damage_taken":0.0},{"damage_healed":0.0,"max_hp_gain":0.0,"max_hp_loss":0.0,"gold_gain":0.0,"event_name":"Living Wall","player_choice":"Grow","floor":5.0,"gold_loss":0.0,"damage_taken":0.0,"cards_upgraded":["Beam Cell"]},{"damage_healed":0.0,"max_hp_gain":0.0,"max_hp_loss":0.0,"gold_gain":0.0,"event_name":"Masked Bandits","player_choice":"Fought Bandits","floor":19.0,"gold_loss":0.0,"damage_taken":0.0},{"damage_healed":0.0,"max_hp_gain":0.0,"max_hp_loss":0.0,"gold_gain":0.0,"event_name":"Mysterious Sphere","player_choice":"Fight","floor":37.0,"gold_loss":0.0,"damage_taken":0.0},{"damage_healed":0.0,"max_hp_gain":0.0,"max_hp_loss":4.0,"gold_gain":0.0,"event_name":"Winding Halls","player_choice":"Max HP","floor":38.0,"gold_loss":0.0,"damage_taken":0.0},{"damage_healed":0.0,"max_hp_gain":0.0,"max_hp_loss":0.0,"gold_gain":300.0,"event_name":"Wheel of Change","player_choice":"Gold","floor":39.0,"gold_loss":0.0,"damage_taken":0.0}],"is_beta":false,"boss_relics":[{"not_picked":["Pandora\u0027s Box","Runic Pyramid"],"picked":"FrozenCore"},{"not_picked":["Astrolabe","Snecko Eye"],"picked":"Nuclear Battery"}],"items_purged_floors":[27,36,44],"is_endless":false,"potions_floor_spawned":[3,4,6,18,20,22,31,33,41,42,48],"killed_by":"Shield and Spear","ascension_level":12}