{"gold_per_floor":[113,188,215,227,247,247,259,259,306,306,326,356,356,356,356,429,429,440,458,373,384,401,401,428,428,481,481,72,72,97,121,133,145],"floor_reached":33,"playtime":2127,"items_purged":["Strike_G"],"score":504,"play_id":"0bad710d-13f5-4fbd-a92c-2baba200f623","local_time":"20190625180943","is_ascension_mode":true,"campfire_choices":[{"data":"Neutralize","floor":6,"key":"SMITH"},{"data":"Bane","floor":8,"key":"SMITH"},{"floor":13,"key":"REST"},{"data":"Bane","floor":15,"key":"SMITH"},{"floor":23,"key":"REST"},{"floor":25,"key":"REST"},{"data":"Footwork","floor":29,"key":"SMITH"},{"floor":32,"key":"REST"}],"neow_cost":"NONE","seed_source_timestamp":29635748364900,"circlet_count":0,"master_deck":["AscendersBane","Defend_G+1","Defend_G","Defend_G","Defend_G","Defend_G","Strike_G","Survivor","Neutralize+1","Crippling Poison","Bane+1","Bouncing Flask","Bane+1","Dodge and Roll+1","Malaise","Adrenaline","PiercingWail","Footwork+1","Footwork","Dash","Dagger Throw+1","Cloak And Dagger","Underhanded Strike","Backflip","Glass Knife"],"relics":["Ring of the Snake","NeowsBlessing","Happy Flower","Ancient Tea Set","Pocketwatch","White Beast Statue","Blood Vial","Question Card","War Paint","Meat on the Bone","MawBank"],"potions_floor_usage":[11,11,19,19,21,24,24,33,33],"damage_taken":[{"damage":0,"enemies":"Jaw Worm","floor":1,"turns":1},{"damage":0,"enemies":"Cultist","floor":4,"turns":1},{"damage":0,"enemies":"Small Slimes","floor":5,"turns":1},{"damage":0,"enemies":"Looter","floor":7,"turns":3},{"damage":0,"enemies":"Large Slime","floor":11,"turns":5},{"damage":13,"enemies":"3 Sentries","floor":12,"turns":7},{"damage":41,"enemies":"Slime Boss","floor":16,"turns":9},{"damage":0,"enemies":"3 Byrds","floor":18,"turns":5},{"damage":4,"enemies":"Shell Parasite","floor":19,"turns":5},{"damage":11,"enemies":"Centurion and Healer","floor":21,"turns":6},{"damage":9,"enemies":"Snake Plant","floor":22,"turns":6},{"damage":38,"enemies":"Gremlin Leader","floor":24,"turns":9},{"damage":7,"enemies":"3 Cultists","floor":31,"turns":7},{"damage":62,"enemies":"Collector","floor":33,"turns":16}],"seed_played":"8517247351600578802","potions_obtained":[{"floor":1,"key":"Strength Potion"},{"floor":4,"key":"Weak Potion"},{"floor":7,"key":"AttackPotion"},{"floor":18,"key":"EntropicBrew"},{"floor":19,"key":"FearPotion"},{"floor":21,"key":"Swift Potion"},{"floor":22,"key":"Energy Potion"},{"floor":24,"key":"GhostInAJar"},{"floor":31,"key":"Block Potion"}],"is_trial":false,"path_per_floor":["M","?","T","M","M","R","M","R","T","?","M","E","R","?","R","B",null,"M","M","?","M","M","R","E","R","T","?","$","R","T","M","R","B"],"character_chosen":"THE_SILENT","items_purchased":["Meat on the Bone","Backflip"],"campfire_rested":4,"item_purchase_floors":[28,28],"current_hp_per_floor":[59,48,48,48,48,48,48,48,48,41,41,28,47,47,47,6,51,51,47,47,38,31,50,14,33,33,33,33,33,33,40,59,0],"gold":145,"neow_bonus":"THREE_ENEMY_KILL","is_prod":false,"is_daily":false,"chose_seed":false,"campfire_upgraded":4,"win_rate":0,"timestamp":1561500583,"path_taken":["M","?","?","?","M","R","M","R","T","?","M","E","R","?","R","BOSS","M","M","?","M","M","R","E","R","T","?","$","R","?","M","R","BOSS"],"build_version":"2019-01-23","purchased_purges":1,"victory":false,"max_hp_per_floor":[66,66,66,66,66,66,66,66,66,66,66,66,66,66,66,66,66,66,66,66,66,66,66,66,66,66,66,66,66,66,66,66,66],"card_choices":[{"not_picked":["Well Laid Plans","Deflect"],"picked":"Crippling Poison","floor":1},{"not_picked":["Acrobatics","Deflect"],"picked":"Bane","floor":4},{"not_picked":["Eviscerate","Outmaneuver"],"picked":"Bouncing Flask","floor":5},{"not_picked":["Dash","Deadly Poison"],"picked":"Bane","floor":7},{"not_picked":["Slice","Dagger Throw"],"picked":"Dodge and Roll","floor":11},{"not_picked":["Poisoned Stab","Dagger Spray"],"picked":"Malaise","floor":12},{"not_picked":["Phantasmal Killer","Bullet Time"],"picked":"Adrenaline","floor":16},{"not_picked":["Slice","Deadly Poison"],"picked":"PiercingWail","floor":18},{"not_picked":["Accuracy","Terror"],"picked":"Footwork","floor":19},{"not_picked":["Finisher","Poisoned Stab+1"],"picked":"Footwork","floor":21},{"not_picked":["Slice","Crippling Poison"],"picked":"Dash","floor":22},{"not_picked":["Prepared","Outmaneuver"],"picked":"Dagger Throw+1","floor":24},{"not_picked":["Acrobatics","Prepared","Deadly Poison+1"],"picked":"Glass Knife","floor":31}],"player_experience":1414548,"relics_obtained":[{"floor":3,"key":"Happy Flower"},{"floor":9,"key":"Ancient Tea Set"},{"floor":12,"key":"Pocketwatch"},{"floor":24,"key":"Question Card"},{"floor":26,"key":"War Paint"},{"floor":30,"key":"MawBank"}],"event_choices":[{"damage_healed":0,"gold_gain":75,"player_choice":"Gather Gold","damage_taken":11,"max_hp_gain":0,"max_hp_loss":0,"event_name":"World of Goop","floor":2,"gold_loss":0},{"cards_removed":["Strike_G"],"damage_healed":0,"gold_gain":0,"player_choice":"Card Removal","damage_taken":7,"max_hp_gain":0,"max_hp_loss":0,"event_name":"Golden Wing","floor":10,"gold_loss":0},{"damage_healed":0,"gold_gain":0,"player_choice":"Ignored","damage_taken":0,"max_hp_gain":0,"max_hp_loss":0,"event_name":"Liars Game","floor":14,"gold_loss":0},{"damage_healed":0,"gold_gain":0,"player_choice":"Obtained Relic","damage_taken":0,"relics_obtained":["Blood Vial"],"max_hp_gain":0,"max_hp_loss":0,"event_name":"Addict","floor":20,"gold_loss":85},{"damage_healed":0,"gold_gain":0,"cards_transformed":["Strike_G","Strike_G"],"player_choice":"Became Test Subject","damage_taken":0,"max_hp_gain":0,"max_hp_loss":0,"event_name":"Drug Dealer","floor":27,"gold_loss":0,"cards_obtained":["Cloak And Dagger","Underhanded Strike"]}],"is_beta":false,"boss_relics":[{"not_picked":["Coffee Dripper","Philosopher\u0027s Stone"],"picked":"White Beast Statue"}],"items_purged_floors":[28],"is_endless":false,"potions_floor_spawned":[1,4,7,18,19,21,22,24,31],"killed_by":"Collector","ascension_level":18}