{"gold_per_floor":[118,193,193,193,22,56,56,87,139,139,156,190,190,203,203,280,280,296,312,337,337,355,355,366,366,366,366,366,123,140,152,152,229,229,240,240,255,127,139,139,156,156,156,156,173,190,27,43,43,43],"floor_reached":51,"playtime":2596,"items_purged":["Strike_G","Strike_G"],"score":1448,"play_id":"5b0eacd0-2cfb-43b2-b917-2fb8857fbee7","local_time":"20190626130614","is_ascension_mode":true,"campfire_choices":[{"data":"Blur","floor":7,"key":"SMITH"},{"data":"Blur","floor":10,"key":"SMITH"},{"data":"Deadly Poison","floor":13,"key":"SMITH"},{"data":"Deadly Poison","floor":15,"key":"SMITH"},{"data":"Backflip","floor":23,"key":"SMITH"},{"data":"Blade Dance","floor":25,"key":"SMITH"},{"data":"Accuracy","floor":32,"key":"SMITH"},{"data":"Footwork","floor":40,"key":"SMITH"},{"data":"Defend_G","floor":44,"key":"SMITH"},{"data":"Sucker Punch","floor":49,"key":"SMITH"}],"neow_cost":"NONE","seed_source_timestamp":97346914320400,"circlet_count":0,"master_deck":["AscendersBane","Defend_G+1","Defend_G","Defend_G","Defend_G","Defend_G","Strike_G","Strike_G","Survivor","Neutralize+1","Blur+1","Blur+1","Escape Plan","Deadly Poison+1","Deadly Poison+1","Accuracy+1","Blade Dance+1","Backflip+1","Sucker Punch+1","Dagger Throw+1","Footwork+1","Trip+1","PiercingWail+1","Cloak And Dagger+1","Burst+1","Leg Sweep+1","Cloak And Dagger+1","Heel Hook+1","Backflip+1","Blade Dance+1","Malaise+1","Heel Hook+1"],"relics":["Ring of the Snake","NeowsBlessing","Darkstone Periapt","Anchor","Ninja Scroll","FossilizedHelix","Art of War","Dodecahedron","Coffee Dripper","Red Mask","Question Card","Toxic Egg 2","Eternal Feather","Omamori","Vajra"],"potions_floor_usage":[12,12,24,33,33,39,39,46],"damage_taken":[{"damage":0,"enemies":"Small Slimes","floor":1,"turns":1},{"damage":0,"enemies":"3 Sentries","floor":6,"turns":1},{"damage":0,"enemies":"Lagavulin","floor":8,"turns":1},{"damage":0,"enemies":"2 Louse","floor":11,"turns":4},{"damage":21,"enemies":"Gremlin Nob","floor":12,"turns":4},{"damage":0,"enemies":"Cultist","floor":14,"turns":3},{"damage":11,"enemies":"The Guardian","floor":16,"turns":10},{"damage":11,"enemies":"Spheric Guardian","floor":18,"turns":6},{"damage":0,"enemies":"Shell Parasite","floor":19,"turns":5},{"damage":24,"enemies":"Masked Bandits","floor":20,"turns":6},{"damage":0,"enemies":"Snake Plant","floor":22,"turns":5},{"damage":0,"enemies":"Shelled Parasite and Fungi","floor":24,"turns":5},{"damage":0,"enemies":"Snecko","floor":30,"turns":6},{"damage":0,"enemies":"3 Cultists","floor":31,"turns":7},{"damage":45,"enemies":"Champ","floor":33,"turns":17},{"damage":0,"enemies":"Orb Walker","floor":35,"turns":5},{"damage":0,"enemies":"3 Shapes","floor":37,"turns":5},{"damage":0,"enemies":"Sphere and 2 Shapes","floor":39,"turns":6},{"damage":0,"enemies":"Maw","floor":41,"turns":8},{"damage":0,"enemies":"4 Shapes","floor":45,"turns":6},{"damage":0,"enemies":"Sphere and 2 Shapes","floor":46,"turns":7},{"damage":0,"enemies":"Jaw Worm Horde","floor":48,"turns":6},{"damage":0,"enemies":"Awakened One","floor":50,"turns":22}],"seed_played":"1825507177857599768","potions_obtained":[{"floor":1,"key":"Block Potion"},{"floor":6,"key":"Energy Potion"},{"floor":11,"key":"Fire Potion"},{"floor":20,"key":"Fire Potion"},{"floor":24,"key":"Energy Potion"},{"floor":31,"key":"Block Potion"},{"floor":37,"key":"EntropicBrew"},{"floor":39,"key":"Fire Potion"},{"floor":46,"key":"PowerPotion"},{"floor":48,"key":"Regen Potion"}],"is_trial":false,"path_per_floor":["M","?","?","?","$","E","R","E","T","R","M","E","R","M","R","B",null,"M","M","?","?","M","R","M","R","T","?","T","$","M","M","R","B",null,"M","?","M","$","M","R","M","?","T","R","M","M","$","M","R","B",null],"character_chosen":"THE_SILENT","items_purchased":["Anchor","Trip+1","Regen Potion","Cloak And Dagger+1","Vajra"],"campfire_rested":0,"item_purchase_floors":[5,29,29,38,47],"current_hp_per_floor":[59,48,66,66,66,66,66,66,66,66,66,45,45,45,45,34,58,47,47,23,76,76,76,76,76,76,76,76,76,76,76,76,45,68,68,68,68,68,68,76,76,76,76,76,76,76,76,76,76,76],"gold":43,"neow_bonus":"THREE_ENEMY_KILL","is_prod":false,"is_daily":false,"chose_seed":false,"campfire_upgraded":10,"win_rate":0,"timestamp":1561568774,"path_taken":["M","?","?","?","$","E","R","E","T","R","?","E","R","M","R","BOSS","M","M","?","?","?","R","M","R","T","?","?","$","?","M","R","BOSS","M","?","M","$","M","R","M","?","T","R","M","M","$","?","R","BOSS"],"build_version":"2019-01-23","purchased_purges":2,"victory":true,"max_hp_per_floor":[66,66,66,66,66,66,66,66,66,66,66,66,66,66,66,66,66,66,66,66,76,76,76,76,76,76,76,76,76,76,76,76,76,76,76,76,76,76,76,76,76,76,76,76,76,76,76,76,76,76],"card_choices":[{"not_picked":["Endless Agony","Poisoned Stab"],"picked":"Blur","floor":1},{"not_picked":["Leg Sweep","Noxious Fumes"],"picked":"Blur","floor":6},{"not_picked":["Bane","Accuracy"],"picked":"Escape Plan","floor":8},{"not_picked":["Crippling Poison","Blade Dance"],"picked":"Deadly Poison","floor":11},{"not_picked":["Backstab","Backflip"],"picked":"Deadly Poison","floor":12},{"not_picked":["Blade Dance","Outmaneuver"],"picked":"Accuracy","floor":14},{"not_picked":["Malaise","Envenom"],"picked":"Glass Knife","floor":16},{"not_picked":["Deflect","Concentrate"],"picked":"Blade Dance","floor":18},{"not_picked":["Setup","Prepared"],"picked":"Backflip","floor":19},{"not_picked":["Cloak And Dagger","Blur"],"picked":"Sucker Punch","floor":20},{"not_picked":["Caltrops","Dagger Spray"],"picked":"Dagger Throw+1","floor":22},{"not_picked":["Underhanded Strike","Slice","Dodge and Roll"],"picked":"SKIP","floor":24},{"not_picked":["Expertise+1","Bane","Deflect+1"],"picked":"PiercingWail+1","floor":30},{"not_picked":["Quick Slash","Prepared+1","Flying Knee"],"picked":"Cloak And Dagger+1","floor":31},{"not_picked":["Phantasmal Killer+1","Glass Knife","Corpse Explosion+1"],"picked":"Burst+1","floor":33},{"not_picked":["Sucker Punch","Deflect+1","Backflip+1"],"picked":"Leg Sweep+1","floor":35},{"not_picked":["Masterful Stab","Flechettes","Outmaneuver+1","Eviscerate"],"picked":"SKIP","floor":37},{"not_picked":["Poisoned Stab","Riddle With Holes","Masterful Stab"],"picked":"Heel Hook+1","floor":39},{"not_picked":["Dodge and Roll+1","Deflect+1","Tools of the Trade"],"picked":"Backflip+1","floor":41},{"not_picked":["Outmaneuver+1","Poisoned Stab+1","Slice"],"picked":"Blade Dance+1","floor":45},{"not_picked":["Setup+1","Dodge and Roll+1","Sucker Punch"],"picked":"Malaise+1","floor":46},{"not_picked":["Setup+1","Slice","Dagger Spray"],"picked":"Heel Hook+1","floor":48}],"player_experience":1425700,"relics_obtained":[{"floor":4,"key":"Darkstone Periapt"},{"floor":6,"key":"Ninja Scroll"},{"floor":8,"key":"FossilizedHelix"},{"floor":9,"key":"Art of War"},{"floor":12,"key":"Dodecahedron"},{"floor":20,"key":"Red Mask"},{"floor":26,"key":"Question Card"},{"floor":28,"key":"Toxic Egg 2"},{"floor":43,"key":"Omamori"}],"event_choices":[{"damage_healed":0,"gold_gain":75,"player_choice":"Gather Gold","damage_taken":11,"max_hp_gain":0,"max_hp_loss":0,"event_name":"World of Goop","floor":2,"gold_loss":0},{"damage_healed":22,"gold_gain":0,"player_choice":"Banana","damage_taken":0,"max_hp_gain":0,"max_hp_loss":0,"event_name":"Big Fish","floor":3,"gold_loss":0},{"damage_healed":0,"gold_gain":0,"player_choice":"Relic","damage_taken":0,"max_hp_gain":0,"max_hp_loss":0,"event_name":"Wheel of Change","floor":4,"gold_loss":0},{"damage_healed":0,"gold_gain":0,"player_choice":"Fought Bandits","damage_taken":0,"max_hp_gain":0,"max_hp_loss":0,"event_name":"Masked Bandits","floor":20,"gold_loss":0},{"cards_removed":["Glass Knife"],"damage_healed":43,"gold_gain":0,"player_choice":"Offered Rare","damage_taken":0,"max_hp_gain":10,"max_hp_loss":0,"event_name":"Bonfire Elementals","floor":21,"gold_loss":0},{"damage_healed":0,"gold_gain":0,"player_choice":"Read","damage_taken":0,"max_hp_gain":0,"max_hp_loss":0,"event_name":"The Library","floor":27,"gold_loss":0,"cards_obtained":["Footwork"]},{"cards_removed":["Strike_G"],"damage_healed":0,"gold_gain":0,"player_choice":"Removed Attack","damage_taken":0,"max_hp_gain":0,"max_hp_loss":0,"event_name":"Falling","floor":36,"gold_loss":0},{"damage_healed":0,"gold_gain":0,"player_choice":"Forge","damage_taken":0,"max_hp_gain":0,"max_hp_loss":0,"event_name":"Accursed Blacksmith","floor":42,"gold_loss":0,"cards_upgraded":["Neutralize"]}],"is_beta":false,"boss_relics":[{"not_picked":["Philosopher\u0027s Stone","Runic Dome"],"picked":"Coffee Dripper"},{"not_picked":["Astrolabe","Empty Cage"],"picked":"Eternal Feather"}],"items_purged_floors":[29,38],"is_endless":false,"potions_floor_spawned":[1,6,11,20,24,31,37,39,46,48],"ascension_level":19}