{"gold_per_floor":[119,119,130,149,162,162,193,193,193,219,219,69,85,119,119,215,215,227,242,242,166,184,184,215,215,238,30,30,43,43,60,60,157,157,169,269,269,286,48,48],"floor_reached":40,"playtime":2380,"items_purged":["Shame"],"score":678,"play_id":"9f103acc-302b-429b-8ad1-aa9550ce5f04","local_time":"20190622144418","is_ascension_mode":true,"campfire_choices":[{"data":"Go for the Eyes","floor":6,"key":"SMITH"},{"floor":8,"key":"REST"},{"data":"Zap","floor":11,"key":"SMITH"},{"floor":15,"key":"REST"},{"floor":23,"key":"REST"},{"floor":25,"key":"REST"},{"floor":28,"key":"REST"},{"floor":32,"key":"REST"}],"neow_cost":"NONE","seed_source_timestamp":429373709489105,"circlet_count":0,"master_deck":["AscendersBane","Strike_B+1","Strike_B+1","Strike_B+1","Defend_B+1","Defend_B+1","Defend_B+1","Defend_B+1","Zap+1","Dualcast","Biased Cognition","Rebound","Leap","Undo","Ball Lightning","Conserve Battery","Cold Snap","Cold Snap","Electrodynamics","Fission","Sweeping Beam","Fusion","Melter","Capacitor","Defragment","Core Surge","Consume","Hologram+1","Echo Form","Recycle","Reinforced Body","Glacier+1"],"relics":["FrozenCore","Juzu Bracelet","Bottled Tornado","Prayer Wheel","Anchor","Gremlin Horn","Cursed Key","Mercury Hourglass","Smiling Mask","NlothsMask","Turnip","Kunai"],"potions_floor_usage":[4,10,13],"damage_taken":[{"damage":6,"enemies":"2 Louse","floor":1,"turns":2},{"damage":1,"enemies":"Cultist","floor":3,"turns":3},{"damage":0,"enemies":"Jaw Worm","floor":4,"turns":3},{"damage":16,"enemies":"3 Louse","floor":5,"turns":3},{"damage":24,"enemies":"Gremlin Nob","floor":7,"turns":4},{"damage":3,"enemies":"Lagavulin","floor":10,"turns":7},{"damage":1,"enemies":"Lots of Slimes","floor":13,"turns":4},{"damage":6,"enemies":"3 Sentries","floor":14,"turns":9},{"damage":29,"enemies":"The Guardian","floor":16,"turns":12},{"damage":8,"enemies":"Shell Parasite","floor":18,"turns":7},{"damage":0,"enemies":"Spheric Guardian","floor":19,"turns":3},{"damage":9,"enemies":"Chosen and Byrds","floor":22,"turns":5},{"damage":43,"enemies":"Slavers","floor":24,"turns":11},{"damage":14,"enemies":"Snake Plant","floor":29,"turns":5},{"damage":12,"enemies":"Snecko","floor":31,"turns":4},{"damage":37,"enemies":"Automaton","floor":33,"turns":11},{"damage":14,"enemies":"3 Darklings","floor":35,"turns":4},{"damage":0,"enemies":"Mind Bloom Boss Battle","floor":36,"turns":9},{"damage":8,"enemies":"3 Shapes","floor":38,"turns":4},{"damage":42,"enemies":"Giant Head","floor":40,"turns":11}],"seed_played":"3863402241415026139","potions_obtained":[{"floor":1,"key":"Block Potion"},{"floor":7,"key":"EntropicBrew"},{"floor":16,"key":"LiquidBronze"}],"is_trial":false,"path_per_floor":["M","?","M","M","M","R","E","R","T","E","R","$","M","E","R","B",null,"M","M","?","$","M","R","E","R","T","$","R","M","?","M","R","B",null,"M","?","?","M","$","E"],"character_chosen":"DEFECT","items_purchased":["Anchor","Capacitor","Core Surge","Kunai"],"campfire_rested":6,"item_purchase_floors":[12,21,27,39],"current_hp_per_floor":[62,62,61,61,45,45,21,43,43,40,40,40,39,33,55,26,63,55,55,55,55,46,68,25,47,47,47,69,55,55,43,65,28,63,49,49,49,41,41,0],"gold":48,"neow_bonus":"ONE_RANDOM_RARE_CARD","is_prod":false,"is_daily":false,"chose_seed":false,"campfire_upgraded":2,"win_rate":0,"timestamp":1561225458,"path_taken":["M","?","M","?","M","R","E","R","T","E","R","?","M","E","R","BOSS","M","M","?","$","M","R","E","R","T","$","R","M","?","M","R","BOSS","M","?","?","M","$","E"],"build_version":"2019-01-23","purchased_purges":1,"victory":false,"max_hp_per_floor":[75,75,75,75,75,75,75,75,75,75,75,75,75,75,75,75,75,75,75,75,75,75,75,75,75,75,75,75,75,75,75,75,75,75,75,75,75,75,75,75],"card_choices":[{"not_picked":["Double Energy","Redo"],"picked":"Rebound","floor":1},{"not_picked":["Compile Driver","Sweeping Beam"],"picked":"Leap","floor":3},{"not_picked":["Go for the Eyes","Scrape"],"picked":"Undo","floor":4},{"not_picked":["Capacitor","Steam"],"picked":"Go for the Eyes","floor":5},{"not_picked":["All For One","Chaos"],"picked":"Ball Lightning","floor":7},{"not_picked":["Tempest","White Noise"],"picked":"Conserve Battery","floor":10},{"not_picked":["Force Field","Gash"],"picked":"Cold Snap","floor":13},{"not_picked":["Leap","Streamline"],"picked":"Cold Snap","floor":13},{"not_picked":["Streamline","Leap"],"picked":"Electrodynamics","floor":14},{"not_picked":["Multi-Cast","Reboot"],"picked":"Fission","floor":16},{"not_picked":["Genetic Algorithm","Scrape"],"picked":"Sweeping Beam","floor":18},{"not_picked":["Undo","Go for the Eyes"],"picked":"Fusion","floor":18},{"not_picked":["Go for the Eyes","Steam"],"picked":"Melter","floor":19},{"not_picked":["Steam","Compile Driver","Redo"],"picked":"SKIP","floor":19},{"not_picked":["BootSequence","Barrage","Gash+1"],"picked":"SKIP","floor":22},{"not_picked":["Leap","Genetic Algorithm","Beam Cell"],"picked":"SKIP","floor":22},{"not_picked":["Force Field","Reinforced Body"],"picked":"Defragment","floor":24},{"not_picked":["Redo","Conserve Battery","Stack"],"picked":"SKIP","floor":29},{"not_picked":["Streamline","Capacitor","Chaos"],"picked":"SKIP","floor":29},{"not_picked":["Meteor Strike","Barrage"],"picked":"Consume","floor":31},{"not_picked":["Hello World","Ball Lightning"],"picked":"Hologram+1","floor":31},{"not_picked":["Reboot","Meteor Strike"],"picked":"Echo Form","floor":33},{"not_picked":["Rebound","Sweeping Beam"],"picked":"Recycle","floor":35},{"not_picked":["Compile Driver","Blizzard","Storm"],"picked":"SKIP","floor":35},{"not_picked":["Scrape","Conserve Battery+1"],"picked":"Reinforced Body","floor":36},{"not_picked":["FTL","Genetic Algorithm"],"picked":"Glacier+1","floor":38},{"not_picked":["Recycle+1","Cold Snap+1","Reprogram"],"picked":"SKIP","floor":38}],"player_experience":1144453,"relics_obtained":[{"floor":7,"key":"Juzu Bracelet"},{"floor":9,"key":"Bottled Tornado"},{"floor":10,"key":"Prayer Wheel"},{"floor":14,"key":"Gremlin Horn"},{"floor":24,"key":"Mercury Hourglass"},{"floor":26,"key":"Smiling Mask"},{"floor":36,"key":"Turnip"}],"event_choices":[{"cards_removed":["Strike_B"],"damage_healed":0,"gold_gain":0,"player_choice":"Offered Basic","damage_taken":0,"max_hp_gain":0,"max_hp_loss":0,"event_name":"Bonfire Elementals","floor":2,"gold_loss":0},{"damage_healed":0,"gold_gain":0,"player_choice":"Simplicity","damage_taken":0,"max_hp_gain":0,"max_hp_loss":0,"event_name":"Back to Basics","floor":20,"gold_loss":0,"cards_upgraded":["Strike_B","Strike_B","Strike_B","Defend_B","Defend_B","Defend_B","Defend_B"]},{"damage_healed":0,"gold_gain":0,"player_choice":"Trade","damage_taken":0,"relics_obtained":["NlothsMask"],"max_hp_gain":0,"max_hp_loss":0,"event_name":"FaceTrader","floor":30,"gold_loss":0},{"damage_healed":0,"gold_gain":0,"player_choice":"Fight","damage_taken":0,"max_hp_gain":0,"max_hp_loss":0,"event_name":"MindBloom","floor":36,"gold_loss":0},{"cards_removed":["Go for the Eyes"],"damage_healed":0,"gold_gain":0,"player_choice":"Removed Attack","damage_taken":0,"max_hp_gain":0,"max_hp_loss":0,"event_name":"Falling","floor":37,"gold_loss":0}],"is_beta":false,"boss_relics":[{"not_picked":["Ectoplasm","Lizard Tail"],"picked":"Cursed Key"},{"not_picked":["Velvet Choker","Empty Cage"],"picked":"FrozenCore"}],"items_purged_floors":[27],"is_endless":false,"potions_floor_spawned":[1,7,16,19,24,36],"killed_by":"Giant Head","ascension_level":12}