{"gold_per_floor":[114,189,2,2,16,16,45,45,91,103,132,144,212,243,255,267],"floor_reached":16,"playtime":704,"items_purged":["Strike_G"],"score":211,"play_id":"b650205b-0ad5-4b25-8b2a-00fe39cf7644","local_time":"20190627114326","is_ascension_mode":true,"campfire_choices":[{"data":"Die Die Die","floor":6,"key":"SMITH"},{"data":"All Out Attack","floor":8,"key":"SMITH"},{"data":"Adrenaline","floor":12,"key":"SMITH"},{"floor":15,"key":"REST"}],"neow_cost":"PERCENT_DAMAGE","seed_source_timestamp":135869485940957,"circlet_count":0,"master_deck":["AscendersBane","Defend_G","Defend_G","Defend_G","Defend_G","Defend_G+1","Strike_G","Strike_G+1","Strike_G","Strike_G","Survivor","Neutralize","Die Die Die+1","All Out Attack+1","Backflip","Backstab","Adrenaline+1","Calculated Gamble","Flying Knee","Backflip"],"relics":["Ring of the Snake","Omamori","MawBank","Tiny Chest"],"potions_floor_usage":[7,7,13,16],"damage_taken":[{"damage":0,"enemies":"Small Slimes","floor":1,"turns":3},{"damage":0,"enemies":"2 Louse","floor":5,"turns":2},{"damage":2,"enemies":"Lagavulin","floor":7,"turns":3},{"damage":0,"enemies":"Jaw Worm","floor":11,"turns":2},{"damage":27,"enemies":"Gremlin Nob","floor":13,"turns":5},{"damage":0,"enemies":"Large Slime","floor":14,"turns":2},{"damage":34,"enemies":"The Guardian","floor":16,"turns":8}],"seed_played":"-4976873886643472742","potions_obtained":[{"floor":1,"key":"FearPotion"},{"floor":11,"key":"SpeedPotion"},{"floor":13,"key":"Dexterity Potion"}],"is_trial":false,"path_per_floor":["M","?","$","?","M","R","E","R","T","?","M","R","E","M","R","B"],"character_chosen":"THE_SILENT","items_purchased":["Backflip","SteroidPotion"],"campfire_rested":1,"item_purchase_floors":[3,3],"current_hp_per_floor":[44,33,33,55,55,55,53,53,53,33,33,33,6,6,25,0],"gold":267,"neow_bonus":"THREE_RARE_CARDS","is_prod":false,"is_daily":false,"chose_seed":false,"campfire_upgraded":3,"win_rate":0,"timestamp":1561650206,"path_taken":["M","?","$","?","M","R","E","R","T","?","?","R","E","M","R","BOSS"],"build_version":"2019-01-23","purchased_purges":1,"victory":false,"max_hp_per_floor":[66,66,66,66,66,66,66,66,66,66,66,66,66,66,66,66],"card_choices":[{"not_picked":["Doppelganger","Night Terror"],"picked":"Die Die Die","floor":0},{"not_picked":["Flechettes","Backflip"],"picked":"All Out Attack","floor":1},{"not_picked":["Eviscerate","Blade Dance"],"picked":"Backstab","floor":5},{"not_picked":["Slice","Dagger Spray"],"picked":"Adrenaline","floor":7},{"not_picked":["Expertise","Bane"],"picked":"Calculated Gamble","floor":11},{"not_picked":["Concentrate","Reflex"],"picked":"Flying Knee","floor":13},{"not_picked":["Caltrops","Quick Slash"],"picked":"Backflip","floor":14}],"player_experience":736149,"relics_obtained":[{"floor":7,"key":"Omamori"},{"floor":9,"key":"MawBank"},{"floor":13,"key":"Tiny Chest"}],"event_choices":[{"damage_healed":0,"gold_gain":75,"player_choice":"Gather Gold","damage_taken":11,"max_hp_gain":0,"max_hp_loss":0,"event_name":"World of Goop","floor":2,"gold_loss":0},{"damage_healed":22,"gold_gain":0,"player_choice":"Banana","damage_taken":0,"max_hp_gain":0,"max_hp_loss":0,"event_name":"Big Fish","floor":4,"gold_loss":0},{"damage_healed":0,"gold_gain":0,"player_choice":"Entered Light","damage_taken":20,"max_hp_gain":0,"max_hp_loss":0,"event_name":"Shining Light","floor":10,"gold_loss":0,"cards_upgraded":["Strike_G","Defend_G"]}],"is_beta":false,"boss_relics":[],"items_purged_floors":[3],"is_endless":false,"potions_floor_spawned":[1,11,13],"killed_by":"The Guardian","ascension_level":19}