{"gold_per_floor":[218,218,41,60,60,60,79,107,107,107,107],"floor_reached":11,"playtime":527,"items_purged":[],"score":96,"play_id":"0dc7c2ef-abe1-432d-83e3-b66a86855d73","local_time":"20190626184254","is_ascension_mode":true,"campfire_choices":[{"data":"Deadly Poison","floor":6,"key":"SMITH"},{"floor":10,"key":"REST"}],"neow_cost":"NONE","seed_source_timestamp":235290717939517,"circlet_count":0,"master_deck":["Defend_G","Defend_G","Defend_G","Defend_G","Defend_G","Strike_G","Strike_G","Strike_G","Strike_G","Survivor","Neutralize","Well Laid Plans","Deadly Poison+1","Flying Knee","Escape Plan","Deadly Poison","Dagger Throw"],"relics":["Ring of the Snake","Turnip","Ornamental Fan"],"potions_floor_usage":[8],"damage_taken":[{"damage":7,"enemies":"Small Slimes","floor":1,"turns":5},{"damage":0,"enemies":"2 Louse","floor":4,"turns":3},{"damage":0,"enemies":"Jaw Worm","floor":7,"turns":3},{"damage":68,"enemies":"Gremlin Nob","floor":8,"turns":7},{"damage":24,"enemies":"3 Sentries","floor":11,"turns":10}],"seed_played":"1749245527466369437","potions_obtained":[{"floor":4,"key":"Regen Potion"},{"floor":8,"key":"LiquidBronze"}],"is_trial":false,"path_per_floor":["M","?","$","M","?","R","M","E","T","R","E"],"character_chosen":"THE_SILENT","items_purchased":["Well Laid Plans","Deadly Poison","Flying Knee"],"campfire_rested":1,"item_purchase_floors":[3,3,3],"current_hp_per_floor":[56,49,49,49,54,54,54,1,1,23,0],"gold":107,"neow_bonus":"HUNDRED_GOLD","is_prod":false,"is_daily":false,"chose_seed":false,"campfire_upgraded":1,"win_rate":0,"timestamp":1561588974,"path_taken":["M","?","$","M","?","R","?","E","T","R","E"],"build_version":"2019-01-23","purchased_purges":0,"victory":false,"max_hp_per_floor":[70,70,70,70,75,75,75,75,75,75,75],"card_choices":[{"not_picked":["Deflect","Outmaneuver","Choke"],"picked":"SKIP","floor":1},{"not_picked":["Eviscerate","Heel Hook"],"picked":"Escape Plan","floor":4},{"not_picked":["Deflect","Blade Dance"],"picked":"Deadly Poison","floor":7},{"not_picked":["Backflip","Underhanded Strike"],"picked":"Dagger Throw","floor":8}],"player_experience":169778,"relics_obtained":[{"floor":8,"key":"Turnip"},{"floor":9,"key":"Ornamental Fan"}],"event_choices":[{"cards_removed":["Strike_G"],"damage_healed":0,"gold_gain":0,"player_choice":"Card Removal","damage_taken":7,"max_hp_gain":0,"max_hp_loss":0,"event_name":"Golden Wing","floor":2,"gold_loss":0},{"damage_healed":0,"gold_gain":0,"player_choice":"Donut","damage_taken":0,"max_hp_gain":5,"max_hp_loss":0,"event_name":"Big Fish","floor":5,"gold_loss":0}],"is_beta":false,"boss_relics":[],"items_purged_floors":[],"is_endless":false,"potions_floor_spawned":[4,8],"killed_by":"3 Sentries","ascension_level":7}