{"gold_per_floor":[118,14,14,24,44,71,71,71,71,71,88,99,129,140,140,212,212,224,241,259,359,378,378,410,410,478,490,490,134,134,167,167,238,238,248,248,10,62,1061,1061,1061,1061,1061,94,94,110,110,128,128,128],"floor_reached":51,"playtime":6954,"items_purged":["Bite","Decay","Bite"],"score":1372,"play_id":"3e1a78c5-81b0-4646-91d2-524947a49ec0","local_time":"20190626135225","is_ascension_mode":true,"campfire_choices":[{"data":"Backstab","floor":7,"key":"SMITH"},{"data":"Backstab","floor":10,"key":"SMITH"},{"data":"Bouncing Flask","floor":15,"key":"SMITH"},{"floor":23,"key":"REST"},{"floor":25,"key":"REST"},{"floor":32,"key":"REST"},{"data":"Wraith Form v2","floor":40,"key":"SMITH"},{"data":"Reflex","floor":42,"key":"SMITH"},{"data":"Reflex","floor":49,"key":"SMITH"}],"neow_cost":"PERCENT_DAMAGE","seed_source_timestamp":50958688707989,"circlet_count":0,"master_deck":["AscendersBane","Defend_G","Defend_G","Defend_G","Defend_G","Defend_G","Survivor","Neutralize","Bouncing Flask+1","Dagger Throw","Backstab+1","Backstab+1","Dagger Spray","Backflip","Glass Knife","PiercingWail","Tactician","Reflex+1","Backflip","Grand Finale","Heel Hook","Flying Knee+1","Predator","Backflip+1","Prepared","Reflex+1","Distraction+1","Crippling Poison+1","PiercingWail","Bite","Bite","Bite","PiercingWail","Enlightenment","Prepared","Dagger Throw+1","Wraith Form v2+1","Leg Sweep","Underhanded Strike","Dagger Throw","PiercingWail+1","Normality","Normality","Writhe","Noxious Fumes","Calculated Gamble","Master of Strategy","Backflip","Underhanded Strike","Purity","Secret Weapon","Blind","Chrysalis","Acrobatics","Acrobatics+1","Tactician+1","PiercingWail"],"relics":["Ring of the Snake","Tough Bandages","Darkstone Periapt","Mercury Hourglass","Incense Burner","Runic Pyramid","Prayer Wheel","Question Card","Paper Crane","StoneCalendar","HoveringKite","Bird Faced Urn","Du-Vu Doll","Bottled Lightning"],"potions_floor_usage":[16,19,20,21,21,24,31,33,50],"damage_taken":[{"damage":7,"enemies":"Jaw Worm","floor":1,"turns":8},{"damage":0,"enemies":"Cultist","floor":4,"turns":3},{"damage":0,"enemies":"2 Louse","floor":5,"turns":2},{"damage":9,"enemies":"Lagavulin","floor":6,"turns":5},{"damage":0,"enemies":"Gremlin Gang","floor":11,"turns":3},{"damage":0,"enemies":"Red Slaver","floor":12,"turns":1},{"damage":5,"enemies":"Gremlin Nob","floor":13,"turns":3},{"damage":0,"enemies":"2 Fungi Beasts","floor":14,"turns":2},{"damage":10,"enemies":"Hexaghost","floor":16,"turns":8},{"damage":1,"enemies":"Chosen","floor":18,"turns":3},{"damage":12,"enemies":"Shell Parasite","floor":19,"turns":4},{"damage":16,"enemies":"Snecko","floor":20,"turns":5},{"damage":2,"enemies":"Colosseum Slavers","floor":21,"turns":5},{"damage":0,"enemies":"Colosseum Nobs","floor":21,"turns":4},{"damage":8,"enemies":"3 Cultists","floor":22,"turns":5},{"damage":29,"enemies":"Book of Stabbing","floor":24,"turns":6},{"damage":3,"enemies":"Snake Plant","floor":27,"turns":5},{"damage":2,"enemies":"Slavers","floor":31,"turns":5},{"damage":56,"enemies":"Collector","floor":33,"turns":11},{"damage":0,"enemies":"3 Darklings","floor":35,"turns":5},{"damage":3,"enemies":"2 Orb Walkers","floor":38,"turns":5},{"damage":0,"enemies":"Orb Walker","floor":46,"turns":2},{"damage":0,"enemies":"3 Darklings","floor":48,"turns":5},{"damage":57,"enemies":"Time Eater","floor":50,"turns":16}],"seed_played":"-8426836314666247028","potions_obtained":[{"floor":4,"key":"GhostInAJar"},{"floor":13,"key":"Strength Potion"},{"floor":16,"key":"Energy Potion"},{"floor":19,"key":"Fruit Juice"},{"floor":20,"key":"Strength Potion"},{"floor":22,"key":"SpeedPotion"},{"floor":33,"key":"LiquidBronze"},{"floor":35,"key":"Swift Potion"}],"is_trial":false,"path_per_floor":["M","$","?","M","M","E","R","?","T","R","M","M","E","M","R","B",null,"M","M","M","?","M","R","E","R","T","M","?","$","?","E","R","B",null,"M","?","$","?","?","R","?","R","T","$","?","M","?","M","R","B",null],"character_chosen":"THE_SILENT","items_purchased":["Dagger Throw","Backstab","PiercingWail","Enlightenment","Prepared","PowerPotion","Block Potion","Dagger Throw","FairyPotion","PowerPotion","Bottled Lightning","Noxious Fumes","Calculated Gamble","Master of Strategy","Backflip","Underhanded Strike","Purity"],"campfire_rested":3,"item_purchase_floors":[2,2,29,29,29,29,29,37,37,44,44,44,44,44,44,44,44],"current_hp_per_floor":[37,37,37,37,37,28,28,28,28,28,28,28,23,23,23,13,53,52,40,29,27,19,40,11,32,32,31,31,31,37,39,62,18,62,64,64,64,63,75,75,95,95,95,95,85,85,85,89,89,36],"gold":128,"neow_bonus":"ONE_RARE_RELIC","is_prod":false,"is_daily":false,"chose_seed":false,"campfire_upgraded":6,"win_rate":0,"timestamp":1561571545,"path_taken":["M","$","?","M","?","E","R","?","T","R","?","M","E","M","R","BOSS","M","M","M","?","M","R","E","R","T","M","?","$","?","E","R","BOSS","M","?","$","?","?","R","?","R","T","$","?","M","?","M","R","BOSS"],"build_version":"2019-01-23","purchased_purges":3,"victory":true,"max_hp_per_floor":[66,66,66,66,66,66,66,66,66,66,66,66,66,66,66,66,66,66,66,71,71,71,71,71,71,71,71,71,71,77,77,77,77,77,77,77,77,77,89,89,95,95,95,95,95,95,95,95,95,95],"card_choices":[{"not_picked":["Deflect","Poisoned Stab"],"picked":"Bouncing Flask","floor":1},{"not_picked":["PiercingWail","Setup"],"picked":"Backstab","floor":4},{"not_picked":["Blade Dance","Flechettes"],"picked":"Dagger Spray","floor":5},{"not_picked":["Slice","Storm of Steel"],"picked":"Backflip","floor":6},{"not_picked":["Outmaneuver","Cloak And Dagger"],"picked":"PiercingWail","floor":11},{"not_picked":["Outmaneuver","Blade Dance"],"picked":"Tactician","floor":12},{"not_picked":["Poisoned Stab","Expertise"],"picked":"Reflex","floor":13},{"not_picked":["Backflip","Riddle With Holes","Catalyst"],"picked":"SKIP","floor":14},{"not_picked":["Riddle With Holes","Catalyst"],"picked":"Backflip","floor":14},{"not_picked":["Die Die Die","Burst"],"picked":"Grand Finale","floor":16},{"not_picked":["Slice+1","Crippling Poison"],"picked":"Heel Hook","floor":18},{"not_picked":["Endless Agony+1","Quick Slash"],"picked":"Flying Knee+1","floor":19},{"not_picked":["Dash","Infinite Blades"],"picked":"Predator","floor":20},{"not_picked":["Caltrops","Tactician"],"picked":"Backflip+1","floor":21},{"not_picked":["Outmaneuver","Masterful Stab","Cloak And Dagger"],"picked":"Prepared","floor":22},{"not_picked":["Dagger Spray","Infinite Blades","Slice"],"picked":"Reflex","floor":22},{"not_picked":["Cloak And Dagger+1","Outmaneuver","Burst"],"picked":"Distraction+1","floor":24},{"not_picked":["Outmaneuver","Underhanded Strike","Prepared"],"picked":"Crippling Poison+1","floor":27},{"not_picked":["Deflect","Dodge and Roll","Cloak And Dagger"],"picked":"PiercingWail","floor":27},{"not_picked":["Underhanded Strike","Leg Sweep","Deadly Poison"],"picked":"Dagger Throw+1","floor":31},{"not_picked":["Die Die Die","Burst","Phantasmal Killer"],"picked":"Wraith Form v2","floor":33},{"not_picked":["Sucker Punch","Bane","Predator"],"picked":"Leg Sweep","floor":35},{"not_picked":["Sucker Punch","Infinite Blades","Dodge and Roll"],"picked":"Underhanded Strike","floor":35},{"not_picked":["Noxious Fumes","Sucker Punch","Caltrops+1"],"picked":"PiercingWail+1","floor":38},{"not_picked":["Madness","Jack Of All Trades","Deep Breath"],"picked":"Secret Weapon","floor":45},{"not_picked":["Deep Breath","Jack Of All Trades","Madness"],"picked":"Blind","floor":45},{"not_picked":["HandOfGreed","Dramatic Entrance","Discovery"],"picked":"Chrysalis","floor":45},{"not_picked":["PiercingWail","Eviscerate","Deadly Poison"],"picked":"Acrobatics","floor":46},{"not_picked":["Dagger Spray","Dagger Throw","Crippling Poison"],"picked":"Acrobatics+1","floor":46},{"not_picked":["Quick Slash","Backflip","Caltrops+1"],"picked":"Tactician+1","floor":48},{"not_picked":["Dodge and Roll","Sucker Punch+1","Infinite Blades"],"picked":"PiercingWail","floor":48}],"player_experience":710711,"relics_obtained":[{"floor":6,"key":"Darkstone Periapt"},{"floor":9,"key":"Mercury Hourglass"},{"floor":13,"key":"Incense Burner"},{"floor":21,"key":"Prayer Wheel"},{"floor":21,"key":"Question Card"},{"floor":24,"key":"Blood Vial"},{"floor":26,"key":"Paper Crane"},{"floor":31,"key":"StoneCalendar"},{"floor":38,"key":"Bird Faced Urn"},{"floor":43,"key":"Du-Vu Doll"}],"event_choices":[{"damage_healed":0,"gold_gain":0,"player_choice":"Ignored","damage_taken":0,"max_hp_gain":0,"max_hp_loss":0,"event_name":"WeMeetAgain","floor":3,"gold_loss":0},{"damage_healed":0,"gold_gain":0,"player_choice":"1 cards matched","damage_taken":0,"max_hp_gain":0,"max_hp_loss":0,"event_name":"Match and Keep!","floor":8,"gold_loss":0,"cards_obtained":["Glass Knife"]},{"damage_healed":0,"gold_gain":0,"player_choice":"Fight","damage_taken":0,"max_hp_gain":0,"max_hp_loss":0,"event_name":"Colosseum","floor":21,"gold_loss":0},{"damage_healed":0,"gold_gain":0,"player_choice":"Fought Nobs","damage_taken":0,"max_hp_gain":0,"max_hp_loss":0,"event_name":"Colosseum","floor":21,"gold_loss":0},{"damage_healed":0,"gold_gain":0,"player_choice":"Became a vampire (Vial)","damage_taken":0,"max_hp_gain":0,"max_hp_loss":0,"event_name":"Vampires","floor":28,"relics_lost":["Blood Vial"],"gold_loss":0,"cards_obtained":["Bite","Bite","Bite","Bite","Bite"]},{"damage_healed":0,"gold_gain":0,"player_choice":"Smashed Altar","damage_taken":0,"max_hp_gain":0,"max_hp_loss":0,"event_name":"Forgotten Altar","floor":30,"gold_loss":0,"cards_obtained":["Decay"]},{"damage_healed":0,"gold_gain":0,"player_choice":"Ignored","damage_taken":0,"max_hp_gain":0,"max_hp_loss":0,"event_name":"Tomb of Lord Red Mask","floor":36,"gold_loss":0},{"damage_healed":0,"gold_gain":0,"player_choice":"Fight","damage_taken":0,"max_hp_gain":0,"max_hp_loss":0,"event_name":"Mysterious Sphere","floor":38,"gold_loss":0},{"damage_healed":0,"gold_gain":999,"player_choice":"Gold","damage_taken":0,"max_hp_gain":0,"max_hp_loss":0,"event_name":"MindBloom","floor":39,"gold_loss":0,"cards_obtained":["Normality","Normality"]},{"damage_healed":18,"gold_gain":0,"player_choice":"Writhe","damage_taken":0,"max_hp_gain":0,"max_hp_loss":0,"event_name":"Winding Halls","floor":41,"gold_loss":0,"cards_obtained":["Writhe"]},{"damage_healed":0,"gold_gain":0,"player_choice":"Memory 3","damage_taken":10,"max_hp_gain":0,"max_hp_loss":0,"event_name":"SensoryStone","floor":45,"gold_loss":0},{"damage_healed":0,"gold_gain":0,"player_choice":"Got Potions","damage_taken":0,"max_hp_gain":0,"max_hp_loss":0,"event_name":"Lab","floor":47,"gold_loss":0}],"is_beta":false,"boss_relics":[{"not_picked":["Empty Cage","Sozu"],"picked":"Runic Pyramid"},{"not_picked":["Busted Crown","Ring of the Serpent"],"picked":"HoveringKite"}],"items_purged_floors":[29,37,44],"is_endless":false,"potions_floor_spawned":[4,13,14,16,19,20,22,33,35,46],"ascension_level":18}