{"gold_per_floor":[112,112,112,137,137,170,170,203,283,307,307,322,322,365,365,365],"floor_reached":16,"playtime":1052,"items_purged":[],"score":168,"play_id":"880f5454-5da6-4abf-8420-a3f989493ef5","local_time":"20190623142407","is_ascension_mode":true,"campfire_choices":[{"data":"Cloak And Dagger","floor":7,"key":"SMITH"},{"floor":11,"key":"REST"},{"data":"Cloak And Dagger","floor":13,"key":"SMITH"},{"floor":15,"key":"REST"}],"neow_cost":"TEN_PERCENT_HP_LOSS","seed_source_timestamp":145090226515743,"circlet_count":0,"master_deck":["Defend_G","Defend_G","Defend_G","Defend_G","Strike_G","Strike_G+1","Strike_G","Survivor","Neutralize","Cloak And Dagger+1","Finisher+1","Sucker Punch","Cloak And Dagger+1","Dash","Prepared","Bullet Time","Distraction"],"relics":["Ring of the Snake","Golden Idol","Anchor","Omamori","Gambling Chip","Frozen Egg 2","Whetstone"],"potions_floor_usage":[8,14,16],"damage_taken":[{"damage":0,"enemies":"Small Slimes","floor":1,"turns":2},{"damage":40,"enemies":"3 Sentries","floor":6,"turns":16},{"damage":16,"enemies":"Gremlin Nob","floor":8,"turns":4},{"damage":0,"enemies":"2 Louse","floor":10,"turns":2},{"damage":0,"enemies":"Jaw Worm","floor":12,"turns":2},{"damage":18,"enemies":"Lagavulin","floor":14,"turns":7},{"damage":42,"enemies":"Slime Boss","floor":16,"turns":8}],"seed_played":"-8737652308568541938","potions_obtained":[{"floor":6,"key":"Energy Potion"},{"floor":8,"key":"SpeedPotion"},{"floor":14,"key":"Regen Potion"}],"is_trial":false,"path_per_floor":["M","?","?","T","?","E","R","E","T","M","R","M","R","E","R","B"],"character_chosen":"THE_SILENT","items_purchased":[],"campfire_rested":2,"item_purchase_floors":[],"current_hp_per_floor":[63,68,63,63,63,23,23,7,7,7,25,25,25,7,25,0],"gold":365,"neow_bonus":"TRANSFORM_TWO_CARDS","is_prod":false,"is_daily":false,"chose_seed":false,"campfire_upgraded":2,"win_rate":0,"timestamp":1561314247,"path_taken":["M","?","?","?","?","E","R","E","T","?","R","M","R","E","R","BOSS"],"build_version":"2019-01-23","purchased_purges":0,"victory":false,"max_hp_per_floor":[63,68,63,63,63,63,63,63,63,63,63,63,63,63,63,63],"card_choices":[{"not_picked":["Flying Knee","Calculated Gamble"],"picked":"Sucker Punch","floor":1},{"not_picked":["Dodge and Roll","Deflect"],"picked":"Cloak And Dagger","floor":6},{"not_picked":["Dagger Spray","Reflex"],"picked":"Dash","floor":8},{"not_picked":["Quick Slash","Sucker Punch"],"picked":"Prepared","floor":10},{"not_picked":["Masterful Stab","Well Laid Plans+1"],"picked":"Bullet Time","floor":12},{"not_picked":["Catalyst","Deadly Poison"],"picked":"Distraction","floor":14}],"player_experience":622502,"relics_obtained":[{"floor":4,"key":"Anchor"},{"floor":6,"key":"Omamori"},{"floor":8,"key":"Gambling Chip"},{"floor":9,"key":"Frozen Egg 2"},{"floor":14,"key":"Whetstone"}],"event_choices":[{"damage_healed":0,"gold_gain":0,"player_choice":"Donut","damage_taken":0,"max_hp_gain":5,"max_hp_loss":0,"event_name":"Big Fish","floor":2,"gold_loss":0},{"damage_healed":0,"gold_gain":0,"player_choice":"Lose Max HP","damage_taken":0,"relics_obtained":["Golden Idol"],"max_hp_gain":0,"max_hp_loss":5,"event_name":"Golden Idol","floor":3,"gold_loss":0},{"cards_removed":["Strike_G"],"damage_healed":0,"gold_gain":0,"player_choice":"Purged","damage_taken":0,"max_hp_gain":0,"max_hp_loss":0,"event_name":"Purifier","floor":5,"gold_loss":0}],"is_beta":false,"boss_relics":[],"items_purged_floors":[],"is_endless":false,"potions_floor_spawned":[6,8,14],"killed_by":"Slime Boss","ascension_level":9}