{"gold_per_floor":[109,109,109,184,184,224,242,127,127,127,147,47,65,85,85,215,215,235,255,255,185,185,185,224,224],"floor_reached":25,"playtime":818,"items_purged":["Regret","Injury"],"score":230,"play_id":"55bd2459-0354-466f-88bb-9272bd537175","local_time":"20190604103300","is_ascension_mode":true,"campfire_choices":[{"data":"Whirlwind","floor":10,"key":"SMITH"},{"floor":15,"key":"REST"},{"data":"Barricade","floor":23,"key":"SMITH"}],"neow_cost":"NONE","seed_source_timestamp":295788678695773,"circlet_count":0,"master_deck":["Strike_R+1","Strike_R+1","Strike_R+1","Strike_R+1","Defend_R+1","Defend_R+1","Defend_R+1","Defend_R+1","Bash+1","Cleave","Whirlwind+1","Inflame","Juggernaut","Inflame","Barricade+1","Flex","Metallicize","True Grit+1"],"relics":["Burning Blood","Dodecahedron","Golden Idol","Pear","Shuriken","Sozu","Juzu Bracelet"],"potions_floor_usage":[6,24,24],"damage_taken":[{"damage":4,"enemies":"Small Slimes","floor":1,"turns":4},{"damage":50,"enemies":"Gremlin Nob","floor":6,"turns":5},{"damage":0,"enemies":"2 Louse","floor":7,"turns":2},{"damage":3,"enemies":"Jaw Worm","floor":11,"turns":4},{"damage":0,"enemies":"Large Slime","floor":13,"turns":3},{"damage":14,"enemies":"Blue Slaver","floor":14,"turns":3},{"damage":52,"enemies":"The Guardian","floor":16,"turns":12},{"damage":0,"enemies":"3 Byrds","floor":18,"turns":3},{"damage":26,"enemies":"Spheric Guardian","floor":19,"turns":5},{"damage":66,"enemies":"Slavers","floor":24,"turns":7},{"damage":10,"enemies":"Centurion and Healer","floor":25,"turns":2}],"seed_played":"6495216744891823162","potions_obtained":[{"floor":1,"key":"Strength Potion"},{"floor":13,"key":"Poison Potion"},{"floor":14,"key":"Swift Potion"}],"is_trial":false,"path_per_floor":["M","?","?","?","?","E","M","$","T","R","M","$","M","M","R","B",null,"M","M","?","$","?","R","E","M"],"character_chosen":"IRONCLAD","items_purchased":["Whirlwind","Metallicize"],"campfire_rested":1,"item_purchase_floors":[8,21],"current_hp_per_floor":[80,73,73,62,62,28,34,34,34,34,37,37,43,35,62,16,90,90,70,70,70,70,70,10,0],"gold":224,"neow_bonus":"UPGRADE_CARD","is_prod":false,"is_daily":false,"chose_seed":false,"campfire_upgraded":2,"win_rate":0,"timestamp":1559662380,"path_taken":["M","?","?","?","?","E","M","$","T","R","M","$","M","M","R","BOSS","M","M","?","$","?","R","E","M"],"build_version":"2019-01-23","purchased_purges":2,"victory":false,"max_hp_per_floor":[80,80,80,80,80,90,90,90,90,90,90,90,90,90,90,90,90,90,90,90,90,90,90,90,90],"card_choices":[{"not_picked":["Clash","Rupture","Headbutt"],"picked":"SKIP","floor":1},{"not_picked":["Sword Boomerang","Rupture"],"picked":"Cleave","floor":6},{"not_picked":["Feel No Pain","Seeing Red","Cleave"],"picked":"SKIP","floor":7},{"not_picked":["Perfected Strike","Warcry"],"picked":"Inflame","floor":11},{"not_picked":["Ghostly Armor","Heavy Blade"],"picked":"Juggernaut","floor":13},{"not_picked":["Carnage","Sword Boomerang"],"picked":"Inflame","floor":14},{"not_picked":["Immolate","Impervious"],"picked":"Barricade","floor":16},{"not_picked":["Pommel Strike+1","Clash","Dual Wield"],"picked":"SKIP","floor":18},{"not_picked":["Sever Soul","Clash"],"picked":"Flex","floor":19},{"not_picked":["Burning Pact","Corruption"],"picked":"True Grit+1","floor":24}],"player_experience":77291,"relics_obtained":[{"floor":6,"key":"Pear"},{"floor":9,"key":"Shuriken"},{"floor":24,"key":"Juzu Bracelet"}],"event_choices":[{"cards_removed":["Strike_R"],"damage_healed":0,"gold_gain":0,"player_choice":"Card Removal","damage_taken":7,"max_hp_gain":0,"max_hp_loss":0,"event_name":"Golden Wing","floor":2,"gold_loss":0},{"damage_healed":0,"gold_gain":0,"player_choice":"Box","damage_taken":0,"relics_obtained":["Dodecahedron"],"max_hp_gain":0,"max_hp_loss":0,"event_name":"Big Fish","floor":3,"gold_loss":0,"cards_obtained":["Regret"]},{"damage_healed":0,"gold_gain":75,"player_choice":"Gather Gold","damage_taken":11,"max_hp_gain":0,"max_hp_loss":0,"event_name":"World of Goop","floor":4,"gold_loss":0},{"damage_healed":0,"gold_gain":0,"player_choice":"Take Wound","damage_taken":0,"relics_obtained":["Golden Idol"],"max_hp_gain":0,"max_hp_loss":0,"event_name":"Golden Idol","floor":5,"gold_loss":0,"cards_obtained":["Injury"]},{"damage_healed":0,"gold_gain":0,"player_choice":"Simplicity","damage_taken":0,"max_hp_gain":0,"max_hp_loss":0,"event_name":"Back to Basics","floor":20,"gold_loss":0,"cards_upgraded":["Strike_R","Strike_R","Strike_R","Strike_R","Defend_R","Defend_R","Defend_R","Defend_R"]},{"damage_healed":0,"gold_gain":0,"player_choice":"Ignored","damage_taken":0,"max_hp_gain":0,"max_hp_loss":0,"event_name":"Vampires","floor":22,"gold_loss":0}],"is_beta":false,"boss_relics":[{"not_picked":["Runic Pyramid","Runic Cube"],"picked":"Sozu"}],"items_purged_floors":[8,12],"is_endless":false,"potions_floor_spawned":[1,13,14,18,24],"killed_by":"Centurion and Healer","ascension_level":1}