{"gold_per_floor":[116,86,103,115,71,100,100,60,60,135,153,153],"floor_reached":12,"playtime":371,"items_purged":[],"score":148,"play_id":"5cc05ebc-e3f7-4688-9eda-f245f6c661a0","local_time":"20190625154629","is_ascension_mode":true,"campfire_choices":[{"data":"Defend_G","floor":7,"key":"SMITH"}],"neow_cost":"NONE","seed_source_timestamp":22793688068800,"circlet_count":0,"master_deck":["AscendersBane","Defend_G+1","Defend_G","Defend_G","Defend_G","Defend_G","Strike_G","Strike_G","Strike_G","Strike_G","Strike_G","Survivor","Neutralize","Flechettes","Cloak And Dagger","Footwork","Burst","Bouncing Flask","Blade Dance"],"relics":["Ring of the Snake","NeowsBlessing","Calipers","Ice Cream"],"potions_floor_usage":[6,6,12],"damage_taken":[{"damage":0,"enemies":"Small Slimes","floor":1,"turns":1},{"damage":0,"enemies":"Cultist","floor":3,"turns":1},{"damage":0,"enemies":"Jaw Worm","floor":4,"turns":1},{"damage":23,"enemies":"3 Sentries","floor":6,"turns":14},{"damage":0,"enemies":"Looter","floor":8,"turns":4},{"damage":5,"enemies":"3 Louse","floor":11,"turns":5},{"damage":22,"enemies":"Exordium Wildlife","floor":12,"turns":3}],"seed_played":"-160030084874881879","potions_obtained":[{"floor":2,"key":"SkillPotion"},{"floor":2,"key":"SkillPotion"},{"floor":3,"key":"Fire Potion"},{"floor":11,"key":"AttackPotion"}],"is_trial":false,"path_per_floor":["M","?","M","M","$","E","R","M","T","?","M","M"],"character_chosen":"THE_SILENT","items_purchased":["Footwork"],"campfire_rested":0,"item_purchase_floors":[5],"current_hp_per_floor":[59,59,59,59,59,36,36,36,36,25,20,0],"gold":153,"neow_bonus":"THREE_ENEMY_KILL","is_prod":false,"is_daily":false,"chose_seed":false,"campfire_upgraded":1,"win_rate":0,"timestamp":1561491989,"path_taken":["M","?","?","M","$","E","R","M","T","?","M","M"],"build_version":"2019-01-23","purchased_purges":0,"victory":false,"max_hp_per_floor":[66,66,66,66,66,66,66,66,66,66,66,66],"card_choices":[{"not_picked":["Prepared","Dodge and Roll"],"picked":"Flechettes","floor":1},{"not_picked":["Outmaneuver","Slice","Bane"],"picked":"SKIP","floor":3},{"not_picked":["Outmaneuver","Slice","Bane"],"picked":"SKIP","floor":3},{"not_picked":["Finisher","Dagger Throw"],"picked":"Cloak And Dagger","floor":4},{"not_picked":["Bane","PiercingWail"],"picked":"Burst","floor":6},{"not_picked":["Poisoned Stab","Flying Knee"],"picked":"Bouncing Flask","floor":8},{"not_picked":["Well Laid Plans","Flying Knee"],"picked":"Blade Dance","floor":11}],"player_experience":1413249,"relics_obtained":[{"floor":6,"key":"Calipers"},{"floor":9,"key":"Ice Cream"}],"event_choices":[{"damage_healed":0,"gold_gain":0,"player_choice":"Bought 2 Potions","damage_taken":0,"max_hp_gain":0,"max_hp_loss":0,"event_name":"The Woman in Blue","floor":2,"gold_loss":0},{"damage_healed":0,"gold_gain":75,"player_choice":"Gather Gold","damage_taken":11,"max_hp_gain":0,"max_hp_loss":0,"event_name":"World of Goop","floor":10,"gold_loss":0}],"is_beta":false,"boss_relics":[],"items_purged_floors":[],"is_endless":false,"potions_floor_spawned":[3,11],"killed_by":"Exordium Wildlife","ascension_level":18}