{"gold_per_floor":[113,38,58,58,14,39,39,59,82,41,53,53,65,76,76,152,152,172,190,190,205,223,223,223,223],"floor_reached":25,"playtime":3049,"items_purged":["Strike_G"],"score":435,"play_id":"c604532d-23ea-4407-a473-18e4faf3dd5a","local_time":"20190626174533","is_ascension_mode":true,"campfire_choices":[{"data":"All Out Attack","floor":7,"key":"SMITH"},{"data":"Terror","floor":12,"key":"SMITH"},{"floor":15,"key":"REST"},{"floor":23,"key":"REST"}],"neow_cost":"NONE","seed_source_timestamp":113666960405600,"circlet_count":0,"master_deck":["AscendersBane","Defend_G","Defend_G","Defend_G","Defend_G","Defend_G","Strike_G","Survivor","Neutralize","Backflip","All Out Attack+1","All Out Attack","Backstab","Calculated Gamble","Backstab","Terror+1","Deadly Poison","PiercingWail","Adrenaline","All Out Attack+1","Reflex+1","All Out Attack+1","PiercingWail","Underhanded Strike","Deadly Poison","Deadly Poison","Calculated Gamble"],"relics":["Ring of the Snake","Dream Catcher","Bronze Scales","Snake Skull","Astrolabe","MutagenicStrength","Mercury Hourglass"],"potions_floor_usage":[6,8,16,16,25],"damage_taken":[{"damage":0,"enemies":"2 Louse","floor":1,"turns":4},{"damage":3,"enemies":"Cultist","floor":3,"turns":4},{"damage":40,"enemies":"Gremlin Nob","floor":6,"turns":5},{"damage":0,"enemies":"Jaw Worm","floor":8,"turns":2},{"damage":0,"enemies":"Exordium Thugs","floor":11,"turns":3},{"damage":0,"enemies":"Red Slaver","floor":13,"turns":1},{"damage":0,"enemies":"Looter","floor":14,"turns":2},{"damage":11,"enemies":"The Guardian","floor":16,"turns":9},{"damage":7,"enemies":"3 Byrds","floor":18,"turns":2},{"damage":19,"enemies":"Shell Parasite","floor":19,"turns":4},{"damage":0,"enemies":"3 Cultists","floor":21,"turns":3},{"damage":23,"enemies":"Snecko","floor":22,"turns":5},{"damage":30,"enemies":"Book of Stabbing","floor":25,"turns":4}],"seed_played":"1987474797760431602","potions_obtained":[{"floor":3,"key":"Weak Potion"},{"floor":4,"key":"Dexterity Potion"},{"floor":8,"key":"Block Potion"},{"floor":11,"key":"Energy Potion"},{"floor":22,"key":"Weak Potion"}],"is_trial":false,"path_per_floor":["M","$","M","?","$","E","R","M","T","$","M","R","M","M","R","B",null,"M","M","?","M","M","R","T","E"],"character_chosen":"THE_SILENT","items_purchased":["All Out Attack","Backstab"],"campfire_rested":2,"item_purchase_floors":[5,10],"current_hp_per_floor":[59,59,56,56,56,16,16,16,16,16,16,16,16,16,35,24,56,49,30,30,30,7,26,26,0],"gold":223,"neow_bonus":"RANDOM_COMMON_RELIC","is_prod":false,"is_daily":false,"chose_seed":false,"campfire_upgraded":2,"win_rate":0,"timestamp":1561585533,"path_taken":["M","$","M","?","$","E","R","M","T","$","M","R","M","?","R","BOSS","M","?","?","M","M","R","?","E"],"build_version":"2019-01-23","purchased_purges":1,"victory":false,"max_hp_per_floor":[66,66,66,66,66,66,66,66,66,66,66,66,66,66,66,66,66,66,66,66,66,66,66,66,66],"card_choices":[{"not_picked":["Deflect","Choke"],"picked":"Backflip","floor":1},{"not_picked":["Tactician","PiercingWail"],"picked":"All Out Attack","floor":3},{"not_picked":["Outmaneuver","Caltrops"],"picked":"Backstab","floor":6},{"not_picked":["Blade Dance","Accuracy"],"picked":"Calculated Gamble","floor":8},{"not_picked":["Bane","PiercingWail"],"picked":"Terror","floor":11},{"not_picked":["Accuracy","Doppelganger","Slice"],"picked":"SKIP","floor":13},{"not_picked":["Acrobatics","PiercingWail"],"picked":"Deadly Poison","floor":14},{"not_picked":["Prepared","Quick Slash"],"picked":"PiercingWail","floor":15},{"not_picked":["Grand Finale","Wraith Form v2"],"picked":"Adrenaline","floor":16},{"not_picked":["Escape Plan","Dagger Spray"],"picked":"PiercingWail","floor":18},{"not_picked":["Outmaneuver","Terror"],"picked":"Underhanded Strike","floor":19},{"not_picked":["Outmaneuver","Slice+1"],"picked":"Deadly Poison","floor":21},{"not_picked":["Sucker Punch","Bouncing Flask"],"picked":"Deadly Poison","floor":22},{"not_picked":["Slice","Cloak And Dagger"],"picked":"Calculated Gamble","floor":23}],"player_experience":1440841,"relics_obtained":[{"floor":6,"key":"Bronze Scales"},{"floor":9,"key":"Snake Skull"},{"floor":24,"key":"Mercury Hourglass"}],"event_choices":[{"damage_healed":0,"gold_gain":0,"player_choice":"Got Potions","damage_taken":0,"max_hp_gain":0,"max_hp_loss":0,"event_name":"Lab","floor":4,"gold_loss":0},{"damage_healed":0,"gold_gain":0,"player_choice":"Inject Mutagens","damage_taken":0,"relics_obtained":["MutagenicStrength"],"max_hp_gain":0,"max_hp_loss":0,"event_name":"Drug Dealer","floor":20,"gold_loss":0}],"is_beta":false,"boss_relics":[{"not_picked":["Velvet Choker","Snecko Eye"],"picked":"Astrolabe"}],"items_purged_floors":[2],"is_endless":false,"potions_floor_spawned":[3,8,11,22],"killed_by":"Book of Stabbing","ascension_level":20}