{"gold_per_floor":[117,132,132,151,101,101,101,114,114,147,147,147,158,10,10,109,109,121,132,144,104,104,104,139,139,163,174,174,104,104,32,32,32],"floor_reached":33,"playtime":2036,"items_purged":[],"score":263,"play_id":"68e7d20f-a353-4891-a1e1-fd7e134d41f9","local_time":"20190226025023","is_ascension_mode":false,"campfire_choices":[{"data":"Dagger Throw","floor":6,"key":"SMITH"},{"floor":11,"key":"REST"},{"data":"Neutralize","floor":15,"key":"SMITH"},{"data":"Backstab","floor":23,"key":"SMITH"},{"floor":25,"key":"REST"},{"floor":28,"key":"REST"},{"floor":32,"key":"REST"}],"neow_cost":"CURSE","seed_source_timestamp":203419739306064,"circlet_count":0,"master_deck":["Defend_G","Defend_G","Defend_G","Defend_G","Strike_G","Strike_G","Strike_G","Strike_G","Strike_G","Survivor","Neutralize+1","Decay","Flying Knee","Backflip","Flechettes","Dagger Throw+1","Blur","Quick Slash","After Image+1","Deflect","Tools of the Trade+1","Leg Sweep+1","Dagger Spray+1","Well Laid Plans+1","Backstab+1","Tactician","Pain","Slice+1","Backstab"],"relics":["Ring of the Snake","Thread and Needle","Frozen Egg 2","Letter Opener","Lantern","Cursed Key","MutagenicStrength","Smiling Mask","Happy Flower","Nilry\u0027s Codex"],"potions_floor_usage":[16,16,16,24,33,33],"damage_taken":[{"damage":0,"enemies":"2 Louse","floor":1,"turns":2},{"damage":2,"enemies":"Cultist","floor":2,"turns":4},{"damage":4,"enemies":"Jaw Worm","floor":4,"turns":5},{"damage":2,"enemies":"Blue Slaver","floor":8,"turns":3},{"damage":25,"enemies":"Lagavulin","floor":10,"turns":9},{"damage":0,"enemies":"Exordium Thugs","floor":13,"turns":5},{"damage":35,"enemies":"Hexaghost","floor":16,"turns":15},{"damage":0,"enemies":"Shell Parasite","floor":18,"turns":5},{"damage":4,"enemies":"Spheric Guardian","floor":19,"turns":5},{"damage":0,"enemies":"Centurion and Healer","floor":20,"turns":9},{"damage":56,"enemies":"Gremlin Leader","floor":24,"turns":10},{"damage":23,"enemies":"Sentry and Sphere","floor":27,"turns":7},{"damage":51,"enemies":"Automaton","floor":33,"turns":6}],"seed_played":"46457623318751721","potions_obtained":[{"floor":4,"key":"Fire Potion"},{"floor":8,"key":"Poison Potion"},{"floor":10,"key":"FearPotion"},{"floor":13,"key":"AttackPotion"},{"floor":18,"key":"Fire Potion"},{"floor":20,"key":"Block Potion"}],"is_trial":false,"path_per_floor":["M","M","?","M","$","R","?","M","T","E","R","$","M","$","R","B",null,"M","M","M","$","?","R","E","R","T","M","R","$","?","$","R","B"],"character_chosen":"THE_SILENT","items_purchased":["Dagger Throw","Lantern","Backstab","Backstab","Regen Potion"],"campfire_rested":4,"item_purchase_floors":[5,14,21,29,31],"current_hp_per_floor":[70,68,68,64,64,64,64,62,62,37,58,58,58,58,58,23,70,70,66,66,66,66,66,10,31,31,8,29,29,13,13,34,0],"gold":32,"neow_bonus":"ONE_RARE_RELIC","is_prod":false,"is_daily":false,"chose_seed":false,"campfire_upgraded":3,"win_rate":0.0,"timestamp":1551167423,"path_taken":["M","M","?","M","$","R","?","M","T","E","R","$","M","$","R","BOSS","M","M","M","$","?","R","E","R","T","M","R","$","?","$","R","BOSS"],"build_version":"2019-01-23","purchased_purges":0,"victory":false,"max_hp_per_floor":[70,70,70,70,70,70,70,70,70,70,70,70,70,70,70,70,70,70,70,70,70,70,70,70,70,70,70,70,70,70,70,70,70],"card_choices":[{"not_picked":["Outmaneuver","Deflect"],"picked":"Flying Knee","floor":1},{"not_picked":["Flying Knee","Outmaneuver"],"picked":"Backflip","floor":2},{"not_picked":["Bouncing Flask","Crippling Poison"],"picked":"Flechettes","floor":4},{"not_picked":["Blade Dance","PiercingWail"],"picked":"Quick Slash","floor":8},{"not_picked":["Acrobatics","Noxious Fumes+1"],"picked":"After Image+1","floor":10},{"not_picked":["Bane","Skewer"],"picked":"Deflect","floor":13},{"not_picked":["Doppelganger","After Image+1"],"picked":"Tools of the Trade+1","floor":16},{"not_picked":["PiercingWail+1","Poisoned Stab"],"picked":"Leg Sweep+1","floor":18},{"not_picked":["Dagger Throw+1","Deadly Poison"],"picked":"Dagger Spray+1","floor":19},{"not_picked":["PiercingWail","Escape Plan"],"picked":"Well Laid Plans+1","floor":20},{"not_picked":["Envenom+1","PiercingWail+1"],"picked":"Tactician","floor":24},{"not_picked":["Dagger Spray","Well Laid Plans+1"],"picked":"Slice+1","floor":27}],"player_experience":12488,"relics_obtained":[{"floor":9,"key":"Frozen Egg 2"},{"floor":10,"key":"Letter Opener"},{"floor":24,"key":"Smiling Mask"},{"floor":26,"key":"Happy Flower"},{"floor":30,"key":"Nilry\u0027s Codex"}],"event_choices":[{"damage_healed":0,"gold_gain":0,"player_choice":"Ignored","damage_taken":0,"max_hp_gain":0,"max_hp_loss":0,"event_name":"Golden Wing","floor":3,"gold_loss":0},{"damage_healed":0,"gold_gain":0,"cards_transformed":["Defend_G"],"player_choice":"Transformed","damage_taken":0,"max_hp_gain":0,"max_hp_loss":0,"event_name":"Transmorgrifier","floor":7,"gold_loss":0,"cards_obtained":["Blur"]},{"damage_healed":0,"gold_gain":0,"player_choice":"Inject Mutagens","damage_taken":0,"relics_obtained":["MutagenicStrength"],"max_hp_gain":0,"max_hp_loss":0,"event_name":"Drug Dealer","floor":22,"gold_loss":0},{"damage_healed":0,"gold_gain":0,"player_choice":"Obtained Book","damage_taken":16,"max_hp_gain":0,"max_hp_loss":0,"event_name":"Cursed Tome","floor":30,"gold_loss":0}],"is_beta":false,"boss_relics":[{"not_picked":["Black Star","Calling Bell"],"picked":"Cursed Key"}],"items_purged_floors":[],"is_endless":false,"potions_floor_spawned":[4,8,10,13,18,20],"killed_by":"Automaton","ascension_level":0}