{"gold_per_floor":[118,118,43,43,62,62,82,100,125,125,48,75,95,126,126,228,228,248,163,138,138,150,150,150,177,177,204,204,49,82,93,93,189,189,200,200,215,225,237,265,265,265,313,35,47,61,86,100,100,100],"floor_reached":51,"playtime":4620,"items_purged":["Regret","Pain"],"score":1188,"play_id":"ea0594a6-4858-412c-a1dd-dee25b6c45bc","local_time":"20190621125404","is_ascension_mode":true,"campfire_choices":[{"data":"Neutralize","floor":6,"key":"SMITH"},{"data":"Sucker Punch","floor":10,"key":"SMITH"},{"data":"Caltrops","floor":15,"key":"SMITH"},{"floor":23,"key":"REST"},{"floor":28,"key":"REST"},{"floor":32,"key":"REST"},{"data":"Wraith Form v2","floor":41,"key":"SMITH"},{"data":"Cloak And Dagger","floor":49,"key":"SMITH"}],"neow_cost":"NONE","seed_source_timestamp":334108628230897,"circlet_count":0,"master_deck":["AscendersBane","Defend_G","Defend_G","Defend_G+1","Defend_G","Defend_G","Survivor+1","Neutralize+1","Sucker Punch+1","Poisoned Stab","Flying Knee","Footwork","Burst","Cloak And Dagger+1","Caltrops+1","Bullet Time","Die Die Die","Heel Hook","Dash","Bite","Bite","Bite","Bite","Bite","PiercingWail","Malaise","Phantasmal Killer","Endless Agony+1","Poisoned Stab","Infinite Blades","Wraith Form v2+1","Noxious Fumes","Parasite","Finisher+1"],"relics":["Ring of the Serpent","Art of War","FaceOfCleric","War Paint","Oddly Smooth Stone","Orichalcum","Philosopher\u0027s Stone","Ancient Tea Set","Paper Crane","Kunai","Thread and Needle","Happy Flower","Ninja Scroll","Ginger","WarpedTongs","Membership Card","Blood Vial"],"potions_floor_usage":[14,16,18,33,40,47,50,50],"damage_taken":[{"damage":3,"enemies":"Small Slimes","floor":1,"turns":6},{"damage":0,"enemies":"Jaw Worm","floor":5,"turns":4},{"damage":0,"enemies":"Cultist","floor":7,"turns":3},{"damage":3,"enemies":"Exordium Thugs","floor":8,"turns":5},{"damage":7,"enemies":"Lagavulin","floor":12,"turns":9},{"damage":0,"enemies":"3 Louse","floor":13,"turns":5},{"damage":18,"enemies":"Gremlin Nob","floor":14,"turns":5},{"damage":21,"enemies":"The Guardian","floor":16,"turns":12},{"damage":6,"enemies":"Spheric Guardian","floor":18,"turns":5},{"damage":24,"enemies":"2 Thieves","floor":20,"turns":5},{"damage":21,"enemies":"Centurion and Healer","floor":22,"turns":11},{"damage":38,"enemies":"Slavers","floor":25,"turns":6},{"damage":10,"enemies":"Book of Stabbing","floor":27,"turns":5},{"damage":18,"enemies":"Slavers","floor":30,"turns":7},{"damage":0,"enemies":"Chosen and Byrds","floor":31,"turns":5},{"damage":28,"enemies":"Collector","floor":33,"turns":20},{"damage":6,"enemies":"3 Darklings","floor":35,"turns":7},{"damage":12,"enemies":"3 Shapes","floor":37,"turns":6},{"damage":23,"enemies":"Jaw Worm Horde","floor":38,"turns":5},{"damage":8,"enemies":"Transient","floor":39,"turns":5},{"damage":2,"enemies":"Nemesis","floor":40,"turns":14},{"damage":3,"enemies":"Writhing Mass","floor":45,"turns":9},{"damage":18,"enemies":"Jaw Worm Horde","floor":46,"turns":6},{"damage":5,"enemies":"Reptomancer","floor":47,"turns":9},{"damage":0,"enemies":"4 Shapes","floor":48,"turns":8},{"damage":10,"enemies":"Awakened One","floor":50,"turns":19}],"seed_played":"5750804538403973128","potions_obtained":[{"floor":12,"key":"SteroidPotion"},{"floor":13,"key":"Swift Potion"},{"floor":14,"key":"SkillPotion"},{"floor":31,"key":"GhostInAJar"},{"floor":33,"key":"GamblersBrew"},{"floor":35,"key":"EssenceOfSteel"},{"floor":39,"key":"Swift Potion"},{"floor":45,"key":"SteroidPotion"},{"floor":47,"key":"Swift Potion"}],"is_trial":false,"path_per_floor":["M","?","$","?","M","R","M","M","T","R","$","E","M","E","R","B",null,"M","?","M","?","M","R","?","E","T","E","R","$","E","M","R","B",null,"M","?","M","M","M","E","R","?","T","$","M","M","E","M","R","B",null],"character_chosen":"THE_SILENT","items_purchased":["Footwork","Happy Flower","Membership Card","Noxious Fumes"],"campfire_rested":3,"item_purchase_floors":[11,29,44,44],"current_hp_per_floor":[67,67,67,67,68,68,69,67,67,67,67,61,62,45,45,25,69,64,64,41,41,21,47,47,20,20,21,39,39,36,43,62,61,64,64,63,60,50,51,67,67,67,67,67,68,55,70,71,71,72],"gold":100,"neow_bonus":"TEN_PERCENT_HP_BONUS","is_prod":false,"is_daily":false,"chose_seed":false,"campfire_upgraded":5,"win_rate":0,"timestamp":1561132444,"path_taken":["M","?","$","?","M","R","?","M","T","R","?","E","M","E","R","BOSS","M","?","M","?","M","R","?","E","T","E","R","$","E","M","R","BOSS","M","?","M","M","M","E","R","?","T","$","M","M","E","?","R","BOSS"],"build_version":"2019-01-23","purchased_purges":2,"victory":true,"max_hp_per_floor":[77,77,77,77,78,78,79,80,80,80,80,81,82,83,83,84,84,85,85,86,86,87,87,60,61,61,62,62,62,63,64,64,65,65,66,63,64,65,66,67,67,67,67,67,68,69,70,71,71,72],"card_choices":[{"not_picked":["Blade Dance","Catalyst"],"picked":"Sucker Punch","floor":1},{"not_picked":["Blur","Catalyst"],"picked":"Poisoned Stab","floor":5},{"not_picked":["Cloak And Dagger","Choke"],"picked":"Flying Knee","floor":7},{"not_picked":["Flying Knee","Acrobatics","Sucker Punch"],"picked":"SKIP","floor":8},{"not_picked":["Underhanded Strike","Dagger Spray"],"picked":"Burst","floor":12},{"not_picked":["PiercingWail","Backstab"],"picked":"Cloak And Dagger","floor":13},{"not_picked":["Distraction","Acrobatics"],"picked":"Caltrops","floor":14},{"not_picked":["Tools of the Trade","Burst"],"picked":"Bullet Time","floor":16},{"not_picked":["Masterful Stab","Backstab","Terror"],"picked":"SKIP","floor":18},{"not_picked":["Acrobatics+1","Quick Slash","Dagger Throw"],"picked":"SKIP","floor":20},{"not_picked":["Acrobatics","Flying Knee"],"picked":"Dash","floor":22},{"not_picked":["Infinite Blades","Bane"],"picked":"PiercingWail","floor":25},{"not_picked":["Cloak And Dagger","Glass Knife"],"picked":"Malaise","floor":27},{"not_picked":["Footwork","Prepared","Bouncing Flask"],"picked":"SKIP","floor":30},{"not_picked":["Prepared","Acrobatics","Quick Slash"],"picked":"SKIP","floor":31},{"not_picked":["Wraith Form v2","Storm of Steel"],"picked":"Phantasmal Killer","floor":33},{"not_picked":["Calculated Gamble+1","Dagger Throw"],"picked":"Endless Agony+1","floor":35},{"not_picked":["Distraction","Underhanded Strike","Cloak And Dagger"],"picked":"SKIP","floor":37},{"not_picked":["Deflect","Acrobatics"],"picked":"Poisoned Stab","floor":38},{"not_picked":["PiercingWail","Quick Slash"],"picked":"Infinite Blades","floor":39},{"not_picked":["Sucker Punch","Deadly Poison"],"picked":"Wraith Form v2","floor":40},{"not_picked":["Flying Knee","Distraction"],"picked":"Finisher+1","floor":45},{"not_picked":["Eviscerate+1","Expertise","Heel Hook"],"picked":"SKIP","floor":46},{"not_picked":["Dagger Throw","Dagger Spray+1","Bane+1"],"picked":"SKIP","floor":47},{"not_picked":["Outmaneuver+1","Cloak And Dagger","Flechettes"],"picked":"SKIP","floor":48}],"player_experience":1116572,"relics_obtained":[{"floor":9,"key":"War Paint"},{"floor":12,"key":"Oddly Smooth Stone"},{"floor":14,"key":"Orichalcum"},{"floor":25,"key":"Paper Crane"},{"floor":26,"key":"Kunai"},{"floor":27,"key":"Thread and Needle"},{"floor":30,"key":"Ninja Scroll"},{"floor":40,"key":"Ginger"},{"floor":47,"key":"Blood Vial"}],"event_choices":[{"damage_healed":0,"gold_gain":0,"player_choice":"Box","damage_taken":0,"relics_obtained":["Art of War"],"max_hp_gain":0,"max_hp_loss":0,"event_name":"Big Fish","floor":2,"gold_loss":0,"cards_obtained":["Regret"]},{"damage_healed":0,"gold_gain":0,"player_choice":"Trade","damage_taken":0,"relics_obtained":["FaceOfCleric"],"max_hp_gain":0,"max_hp_loss":0,"event_name":"FaceTrader","floor":4,"gold_loss":0},{"damage_healed":0,"gold_gain":0,"player_choice":"Obtained Relic","damage_taken":0,"relics_obtained":["Ancient Tea Set"],"max_hp_gain":0,"max_hp_loss":0,"event_name":"Addict","floor":19,"gold_loss":85},{"damage_healed":0,"gold_gain":0,"cards_transformed":["Strike_G","Strike_G"],"player_choice":"Became Test Subject","damage_taken":0,"max_hp_gain":0,"max_hp_loss":0,"event_name":"Drug Dealer","floor":21,"gold_loss":0,"cards_obtained":["Die Die Die","Heel Hook"]},{"damage_healed":0,"gold_gain":0,"player_choice":"Became a vampire","damage_taken":0,"max_hp_gain":0,"max_hp_loss":27,"event_name":"Vampires","floor":24,"gold_loss":0,"cards_obtained":["Bite","Bite","Bite","Bite","Bite"]},{"damage_healed":0,"gold_gain":0,"player_choice":"Max HP","damage_taken":0,"max_hp_gain":0,"max_hp_loss":3,"event_name":"Winding Halls","floor":36,"gold_loss":0},{"damage_healed":0,"gold_gain":0,"player_choice":"Rummage","damage_taken":0,"relics_obtained":["WarpedTongs"],"max_hp_gain":0,"max_hp_loss":0,"event_name":"Accursed Blacksmith","floor":42,"gold_loss":0,"cards_obtained":["Pain"]}],"is_beta":false,"boss_relics":[{"not_picked":["Ectoplasm","White Beast Statue"],"picked":"Philosopher\u0027s Stone"},{"not_picked":["Lizard Tail","Velvet Choker"],"picked":"Ring of the Serpent"}],"items_purged_floors":[3,44],"is_endless":false,"potions_floor_spawned":[12,13,14,31,33,35,39,45,47],"ascension_level":12}