{"gold_per_floor":[109,129,54,69,69,69,80,80,80,111,30,45,45,10,10,10],"floor_reached":16,"playtime":617,"items_purged":["Strike_G"],"score":115,"play_id":"2efa695d-cbb1-40d8-99f5-66df3d78c5f4","local_time":"20190617123701","is_ascension_mode":true,"campfire_choices":[{"data":"Quick Slash","floor":6,"key":"SMITH"},{"data":"Survivor","floor":13,"key":"SMITH"},{"data":"Footwork","floor":15,"key":"SMITH"}],"neow_cost":"NONE","seed_source_timestamp":500001081027097,"circlet_count":0,"master_deck":["Defend_G","Defend_G","Defend_G","Defend_G+1","Defend_G","Strike_G+1","Strike_G","Strike_G","Survivor+1","Neutralize+1","Prepared","Quick Slash+1","Die Die Die","Footwork+1","Slice"],"relics":["Ring of the Snake","Turnip","FossilizedHelix"],"potions_floor_usage":[10,16,16,16],"damage_taken":[{"damage":0,"enemies":"2 Louse","floor":1,"turns":5},{"damage":1,"enemies":"Jaw Worm","floor":2,"turns":5},{"damage":0,"enemies":"Cultist","floor":4,"turns":5},{"damage":0,"enemies":"Looter","floor":7,"turns":4},{"damage":10,"enemies":"Lagavulin","floor":10,"turns":7},{"damage":0,"enemies":"Blue Slaver","floor":12,"turns":3},{"damage":56,"enemies":"Hexaghost","floor":16,"turns":19}],"seed_played":"7264227170889780919","potions_obtained":[{"floor":1,"key":"Energy Potion"},{"floor":4,"key":"Weak Potion"},{"floor":7,"key":"Poison Potion"},{"floor":10,"key":"GamblersBrew"}],"is_trial":false,"path_per_floor":["M","M","$","M","?","R","M","?","T","E","$","M","R","?","R","B"],"character_chosen":"THE_SILENT","items_purchased":["Footwork"],"campfire_rested":0,"item_purchase_floors":[11],"current_hp_per_floor":[70,69,69,69,55,55,55,48,48,38,38,38,38,55,55,0],"gold":10,"neow_bonus":"UPGRADE_CARD","is_prod":false,"is_daily":false,"chose_seed":false,"campfire_upgraded":3,"win_rate":0,"timestamp":1560793021,"path_taken":["M","M","$","M","?","R","M","?","T","E","$","M","R","?","R","BOSS"],"build_version":"2019-01-23","purchased_purges":1,"victory":false,"max_hp_per_floor":[70,70,70,70,70,70,70,70,70,70,70,70,70,70,70,70],"card_choices":[{"not_picked":["Predator","Deadly Poison"],"picked":"Prepared","floor":1},{"not_picked":["PiercingWail","Distraction","Prepared"],"picked":"SKIP","floor":2},{"not_picked":["Distraction","Deflect"],"picked":"Quick Slash","floor":4},{"not_picked":["Prepared","Deadly Poison","Flying Knee"],"picked":"SKIP","floor":7},{"not_picked":["Concentrate","Catalyst"],"picked":"Die Die Die","floor":10},{"not_picked":["Choke","Bouncing Flask"],"picked":"Slice","floor":12}],"player_experience":270327,"relics_obtained":[{"floor":9,"key":"Turnip"},{"floor":10,"key":"FossilizedHelix"}],"event_choices":[{"damage_healed":0,"gold_gain":0,"player_choice":"Entered Light","damage_taken":14,"max_hp_gain":0,"max_hp_loss":0,"event_name":"Shining Light","floor":5,"gold_loss":0,"cards_upgraded":["Strike_G","Defend_G"]},{"cards_removed":["Strike_G"],"damage_healed":0,"gold_gain":0,"player_choice":"Card Removal","damage_taken":7,"max_hp_gain":0,"max_hp_loss":0,"event_name":"Golden Wing","floor":8,"gold_loss":0},{"damage_healed":17,"gold_gain":0,"player_choice":"Healed","damage_taken":0,"max_hp_gain":0,"max_hp_loss":0,"event_name":"The Cleric","floor":14,"gold_loss":35}],"is_beta":false,"boss_relics":[],"items_purged_floors":[3],"is_endless":false,"potions_floor_spawned":[1,4,7,10],"killed_by":"Hexaghost","ascension_level":3}