{"gold_per_floor":[116,130,130,130,55,85,105,5,59,72,131,54,54,64,64,169,169,186,186,198,73,73,73,24,40,40,40,60,60,60,112,112,215,215,233,233,248,264,278,278,328,129,152,164,194,206,218,230,242,254],"floor_reached":51,"playtime":2983,"items_purged":["Regret","Injury","Defend_B+1"],"score":766,"play_id":"1db2fec7-891f-4a78-83c8-4ac157e9995c","local_time":"20190614215610","is_ascension_mode":true,"campfire_choices":[{"data":"Undo","floor":13,"key":"SMITH"},{"data":"Glacier","floor":15,"key":"SMITH"},{"data":"Beam Cell","floor":23,"key":"SMITH"},{"data":"Core Surge","floor":27,"key":"SMITH"},{"data":"Steam","floor":29,"key":"SMITH"},{"data":"Defragment","floor":32,"key":"SMITH"},{"floor":40,"key":"REST"},{"data":"Rebound","floor":44,"key":"SMITH"},{"data":"Flash of Steel","floor":47,"key":"SMITH"},{"data":"Redo","floor":49,"key":"SMITH"}],"neow_cost":"CURSE","seed_source_timestamp":271973489708834,"circlet_count":0,"master_deck":["Strike_B+1","Strike_B+1","Defend_B+1","Defend_B+1","Zap","Dualcast","Glacier+1","Steam+1","Core Surge+1","Undo+1","BootSequence","Beam Cell+1","Defragment+1","Barrage+1","Turbo","Necronomicurse","Hologram+1","Capacitor","White Noise+1","Flash of Steel+1","Double Energy","Redo+1","Rebound+1","Redo+1"],"relics":["Cracked Core","Bird Faced Urn","Oddly Smooth Stone","Happy Flower","Strawberry","Kunai","Busted Crown","Pantograph","Necronomicon","DataDisk","Orrery","Du-Vu Doll","Lee\u0027s Waffle","MawBank"],"potions_floor_usage":[6,10,16,16,28,41,41],"damage_taken":[{"damage":2,"enemies":"Jaw Worm","floor":1,"turns":3},{"damage":3,"enemies":"2 Louse","floor":2,"turns":4},{"damage":9,"enemies":"3 Sentries","floor":6,"turns":10},{"damage":0,"enemies":"Small Slimes","floor":7,"turns":3},{"damage":6,"enemies":"Exordium Thugs","floor":10,"turns":5},{"damage":7,"enemies":"Gremlin Nob","floor":11,"turns":5},{"damage":0,"enemies":"3 Louse","floor":14,"turns":3},{"damage":29,"enemies":"Slime Boss","floor":16,"turns":25},{"damage":6,"enemies":"Chosen","floor":18,"turns":6},{"damage":0,"enemies":"Spheric Guardian","floor":20,"turns":7},{"damage":5,"enemies":"Snake Plant","floor":25,"turns":5},{"damage":0,"enemies":"3 Cultists","floor":28,"turns":5},{"damage":52,"enemies":"Champ","floor":33,"turns":18},{"damage":19,"enemies":"Orb Walker","floor":35,"turns":3},{"damage":22,"enemies":"3 Darklings","floor":37,"turns":6},{"damage":16,"enemies":"4 Shapes","floor":38,"turns":5},{"damage":11,"enemies":"Maw","floor":39,"turns":10},{"damage":49,"enemies":"2 Orb Walkers","floor":41,"turns":5},{"damage":8,"enemies":"Writhing Mass","floor":45,"turns":7},{"damage":22,"enemies":"Time Eater","floor":50,"turns":13}],"seed_played":"-2657110319698370027","potions_obtained":[{"floor":2,"key":"FocusPotion"},{"floor":7,"key":"Poison Potion"},{"floor":11,"key":"Explosive Potion"},{"floor":14,"key":"SpeedPotion"},{"floor":25,"key":"LiquidBronze"},{"floor":37,"key":"LiquidBronze"},{"floor":38,"key":"LiquidBronze"},{"floor":41,"key":"Ancient Potion"}],"is_trial":false,"path_per_floor":["M","M","?","?","$","E","M","$","T","M","?","$","R","M","R","B",null,"M","?","M","$","?","R","$","M","T","R","M","R","?","T","R","B",null,"M","?","M","M","M","R","?","$","T","R","M","?","R","?","R","B",null],"character_chosen":"DEFECT","items_purchased":["Defragment","Turbo","Lee\u0027s Waffle"],"campfire_rested":1,"item_purchase_floors":[12,24,42],"current_hp_per_floor":[73,70,70,70,70,61,61,61,68,62,55,55,55,57,57,30,69,65,65,67,67,67,67,67,64,64,64,66,66,50,50,50,25,68,53,53,37,29,24,48,5,89,89,89,83,83,83,83,83,71],"gold":266,"neow_bonus":"ONE_RARE_RELIC","is_prod":false,"is_daily":false,"chose_seed":false,"campfire_upgraded":9,"win_rate":0,"timestamp":1560567370,"path_taken":["M","M","?","?","$","E","M","?","T","M","?","$","R","M","R","BOSS","M","?","M","?","?","R","$","M","T","R","?","R","?","?","R","BOSS","M","?","M","M","M","R","?","$","T","R","M","?","R","?","R","BOSS"],"build_version":"2019-01-23","purchased_purges":3,"victory":true,"max_hp_per_floor":[75,75,75,75,75,75,75,75,82,82,82,82,82,82,82,82,82,82,82,82,82,82,82,82,82,82,82,82,82,82,82,82,82,82,82,82,82,82,82,82,82,89,89,89,89,89,89,89,89,89],"card_choices":[{"not_picked":["Consume","Stack"],"picked":"Glacier","floor":1},{"not_picked":["Cold Snap","Leap","Consume"],"picked":"SKIP","floor":2},{"not_picked":["Barrage","BootSequence"],"picked":"Core Surge","floor":6},{"not_picked":["Conserve Battery","Tempest"],"picked":"Undo","floor":7},{"not_picked":["Static Discharge","Compile Driver"],"picked":"BootSequence","floor":10},{"not_picked":["Rebound","Hologram"],"picked":"Beam Cell","floor":11},{"not_picked":["Redo","Force Field","BootSequence"],"picked":"SKIP","floor":14},{"not_picked":["Melter"],"picked":"SKIP","floor":18},{"not_picked":[],"picked":"Barrage+1","floor":20},{"not_picked":["Hologram+1"],"picked":"SKIP","floor":25},{"not_picked":["Static Discharge"],"picked":"SKIP","floor":28},{"not_picked":[],"picked":"Hologram+1","floor":34},{"not_picked":[],"picked":"Capacitor","floor":34},{"not_picked":[],"picked":"White Noise+1","floor":35},{"not_picked":[],"picked":"Flash of Steel","floor":36},{"not_picked":[],"picked":"Double Energy","floor":37},{"not_picked":[],"picked":"Redo+1","floor":38},{"not_picked":[],"picked":"Rebound","floor":39},{"not_picked":["Hologram+1"],"picked":"SKIP","floor":45}],"player_experience":256861,"relics_obtained":[{"floor":6,"key":"Happy Flower"},{"floor":9,"key":"Strawberry"},{"floor":26,"key":"Pantograph"},{"floor":30,"key":"Necronomicon"},{"floor":31,"key":"DataDisk"},{"floor":41,"key":"Du-Vu Doll"},{"floor":43,"key":"MawBank"}],"event_choices":[{"damage_healed":0,"gold_gain":0,"cards_transformed":["Strike_B"],"player_choice":"Change","damage_taken":0,"max_hp_gain":0,"max_hp_loss":0,"event_name":"Living Wall","floor":3,"gold_loss":0,"cards_obtained":["Steam"]},{"damage_healed":0,"gold_gain":0,"player_choice":"Box","damage_taken":0,"relics_obtained":["Oddly Smooth Stone"],"max_hp_gain":0,"max_hp_loss":0,"event_name":"Big Fish","floor":4,"gold_loss":0,"cards_obtained":["Regret"]},{"damage_healed":0,"gold_gain":0,"player_choice":"Searched \u00273\u0027 times","damage_taken":0,"relics_obtained":["Kunai"],"max_hp_gain":0,"max_hp_loss":0,"event_name":"Dead Adventurer","floor":11,"gold_loss":0},{"damage_healed":0,"gold_gain":0,"player_choice":"Simplicity","damage_taken":0,"max_hp_gain":0,"max_hp_loss":0,"event_name":"Back to Basics","floor":19,"gold_loss":0,"cards_upgraded":["Strike_B","Strike_B","Strike_B","Defend_B","Defend_B","Defend_B","Defend_B"]},{"damage_healed":0,"gold_gain":0,"player_choice":"Ignored","damage_taken":0,"max_hp_gain":0,"max_hp_loss":0,"event_name":"Beggar","floor":22,"gold_loss":0},{"damage_healed":0,"gold_gain":0,"player_choice":"Obtained Book","damage_taken":16,"max_hp_gain":0,"max_hp_loss":0,"event_name":"Cursed Tome","floor":30,"gold_loss":0},{"damage_healed":0,"gold_gain":0,"player_choice":"Memory 1","damage_taken":0,"max_hp_gain":0,"max_hp_loss":0,"event_name":"SensoryStone","floor":36,"gold_loss":0},{"damage_healed":0,"gold_gain":0,"player_choice":"Fight","damage_taken":0,"max_hp_gain":0,"max_hp_loss":0,"event_name":"Mysterious Sphere","floor":41,"gold_loss":0},{"cards_removed":["Defend_B"],"damage_healed":0,"gold_gain":0,"player_choice":"Removed Skill","damage_taken":0,"max_hp_gain":0,"max_hp_loss":0,"event_name":"Falling","floor":46,"gold_loss":0},{"damage_healed":0,"gold_gain":0,"cards_transformed":["Strike_B"],"player_choice":"Transformed","damage_taken":0,"max_hp_gain":0,"max_hp_loss":0,"event_name":"Transmorgrifier","floor":48,"gold_loss":0,"cards_obtained":["Redo"]}],"is_beta":false,"boss_relics":[{"not_picked":["Cursed Key","White Beast Statue"],"picked":"Busted Crown"},{"not_picked":["Pandora\u0027s Box","Eternal Feather"],"picked":"Orrery"}],"items_purged_floors":[5,8,21],"is_endless":false,"potions_floor_spawned":[2,7,11,14,25,37,38,41],"ascension_level":5}