{"gold_per_floor":[16,32,49,49,49,79,79,113,198,198,69,69,104,104,104,205,205,215,215,215,215,229,53,71,105,132,132,147,147,147,158,158,258,258,273,27,38,38,38,38,56,56,56,68,68,95,95,128,128,128],"floor_reached":51,"playtime":2381,"items_purged":["Regret","Doubt"],"score":825,"play_id":"5b4113ea-265b-4693-9684-383ad8e408c7","local_time":"20190418033148","is_ascension_mode":true,"campfire_choices":[{"data":"Wild Strike","floor":7,"key":"SMITH"},{"data":"Cleave","floor":10,"key":"SMITH"},{"data":"Spot Weakness","floor":12,"key":"SMITH"},{"floor":15,"key":"REST"},{"floor":27,"key":"REST"},{"data":"Armaments","floor":30,"key":"SMITH"},{"floor":32,"key":"REST"},{"data":"Limit Break","floor":40,"key":"SMITH"},{"data":"Heavy Blade","floor":42,"key":"SMITH"},{"data":"Whirlwind","floor":45,"key":"SMITH"},{"data":"Sword Boomerang","floor":47,"key":"SMITH"},{"data":"Impervious","floor":49,"key":"SMITH"}],"neow_cost":"NO_GOLD","seed_source_timestamp":370409200681208,"circlet_count":0,"master_deck":["Strike_R","Strike_R","Strike_R","Strike_R","Defend_R","Defend_R","Defend_R","Defend_R","Bash","Sword Boomerang+1","Headbutt","Shrug It Off","Wild Strike+1","Cleave+1","Spot Weakness+1","Heavy Blade+1","Whirlwind+1","Impervious+1","Parasite","Cleave","Thunderclap","Armaments+1","True Grit","Disarm+1","Havoc+1","Shrug It Off","Pommel Strike+1","Limit Break+1","Twin Strike+1","Clash+1","Double Tap"],"relics":["Burning Blood","Unceasing Top","Singing Bowl","Centennial Puzzle","Blood Vial","Tiny Chest","Kunai","Sundial","Calling Bell","Regal Pillow","Shuriken","Incense Burner","Turnip","Pocketwatch","Enchiridion","Molten Egg 2","Vajra","Mark of Pain","Anchor","Mercury Hourglass","Red Skull","Pear"],"potions_floor_usage":[16,25,25,25,31,48,48],"damage_taken":[{"damage":10,"enemies":"Cultist","floor":1,"turns":4},{"damage":7,"enemies":"Small Slimes","floor":2,"turns":3},{"damage":6,"enemies":"2 Louse","floor":3,"turns":2},{"damage":31,"enemies":"3 Sentries","floor":6,"turns":12},{"damage":23,"enemies":"Lagavulin","floor":8,"turns":5},{"damage":30,"enemies":"Gremlin Nob","floor":13,"turns":4},{"damage":31,"enemies":"The Guardian","floor":16,"turns":12},{"damage":8,"enemies":"3 Byrds","floor":18,"turns":5},{"damage":10,"enemies":"2 Thieves","floor":22,"turns":4},{"damage":26,"enemies":"Shelled Parasite and Fungi","floor":24,"turns":6},{"damage":31,"enemies":"Slavers","floor":25,"turns":3},{"damage":33,"enemies":"Snake Plant","floor":28,"turns":5},{"damage":13,"enemies":"Centurion and Healer","floor":31,"turns":6},{"damage":14,"enemies":"Champ","floor":33,"turns":11},{"damage":3,"enemies":"3 Darklings","floor":35,"turns":3},{"damage":12,"enemies":"3 Shapes","floor":37,"turns":4},{"damage":0,"enemies":"3 Darklings","floor":41,"turns":3},{"damage":12,"enemies":"Maw","floor":44,"turns":7},{"damage":21,"enemies":"Reptomancer","floor":46,"turns":5},{"damage":25,"enemies":"Nemesis","floor":48,"turns":5},{"damage":59,"enemies":"Donu and Deca","floor":50,"turns":7}],"seed_played":"-5119563462116472368","potions_obtained":[{"floor":2,"key":"Regen Potion"},{"floor":3,"key":"Strength Potion"},{"floor":13,"key":"GamblersBrew"},{"floor":24,"key":"Energy Potion"},{"floor":28,"key":"Regen Potion"},{"floor":31,"key":"Explosive Potion"},{"floor":41,"key":"Fire Potion"},{"floor":46,"key":"FearPotion"}],"is_trial":false,"path_per_floor":["M","M","M","?","?","E","R","E","T","R","$","R","E","T","R","B",null,"M","?","T","?","M","$","M","E","T","R","M","?","R","M","R","B",null,"M","$","M","?","?","R","M","R","T","M","R","E","R","E","R","B",null],"character_chosen":"IRONCLAD","items_purchased":["Spot Weakness","Heavy Blade","Armaments","True Grit","Anchor"],"campfire_rested":3,"item_purchase_floors":[11,11,23,23,36],"current_hp_per_floor":[76,75,75,57,80,55,55,38,38,38,38,38,16,16,40,17,80,78,78,78,62,60,60,42,24,24,63,38,23,23,30,70,64,85,87,87,81,81,81,81,85,85,85,81,81,70,70,63,63,12],"gold":128,"neow_bonus":"ONE_RARE_RELIC","is_prod":false,"is_daily":false,"chose_seed":false,"campfire_upgraded":9,"win_rate":0,"timestamp":1555572708,"path_taken":["M","M","?","?","?","E","R","E","T","R","$","R","E","?","R","BOSS","M","?","?","?","M","$","M","E","T","R","M","?","R","?","R","BOSS","M","$","M","?","?","R","M","R","T","M","R","E","R","E","R","BOSS"],"build_version":"2019-01-23","purchased_purges":2,"victory":true,"max_hp_per_floor":[80,80,80,80,80,80,80,80,80,80,80,80,80,80,80,80,80,80,80,80,80,80,80,80,80,80,80,80,85,85,85,85,85,85,87,87,87,83,83,83,85,85,85,87,87,89,89,99,99,99],"card_choices":[{"not_picked":["Heavy Blade","Rupture"],"picked":"Sword Boomerang","floor":1},{"not_picked":["Battle Trance","Havoc"],"picked":"Headbutt","floor":2},{"not_picked":["Bludgeon","Inflame"],"picked":"Shrug It Off","floor":3},{"not_picked":["Shrug It Off","Carnage"],"picked":"Wild Strike","floor":6},{"not_picked":["Clash","Dual Wield"],"picked":"Cleave","floor":8},{"not_picked":["Headbutt","Combust"],"picked":"Whirlwind","floor":13},{"not_picked":["Brutality","Immolate"],"picked":"Impervious","floor":16},{"not_picked":["Pummel+1","Flex+1"],"picked":"Cleave","floor":18},{"not_picked":["Headbutt","Warcry+1"],"picked":"Thunderclap","floor":22},{"not_picked":["Clash","Corruption"],"picked":"Disarm+1","floor":24},{"not_picked":["Iron Wave","Disarm"],"picked":"Havoc+1","floor":25},{"not_picked":["Twin Strike+1","Sever Soul+1"],"picked":"Shrug It Off","floor":28},{"not_picked":["Clash+1","Warcry"],"picked":"Pommel Strike+1","floor":31},{"not_picked":["Bludgeon+1","Exhume"],"picked":"Limit Break","floor":33},{"not_picked":["Whirlwind+1","Thunderclap+1","Perfected Strike+1"],"picked":"Singing Bowl","floor":35},{"not_picked":["Heavy Blade+1","Combust+1"],"picked":"Twin Strike+1","floor":37},{"not_picked":["Second Wind","Fire Breathing","Iron Wave+1"],"picked":"Singing Bowl","floor":41},{"not_picked":["Body Slam+1","Pommel Strike+1","Barricade"],"picked":"Singing Bowl","floor":44},{"not_picked":["Dropkick+1","Anger+1","Bludgeon+1"],"picked":"Singing Bowl","floor":46},{"not_picked":["Heavy Blade+1","Twin Strike+1"],"picked":"Double Tap","floor":48}],"player_experience":84707,"relics_obtained":[{"floor":6,"key":"Centennial Puzzle"},{"floor":8,"key":"Blood Vial"},{"floor":9,"key":"Tiny Chest"},{"floor":13,"key":"Kunai"},{"floor":14,"key":"Sundial"},{"floor":17,"key":"Regal Pillow"},{"floor":17,"key":"Shuriken"},{"floor":17,"key":"Incense Burner"},{"floor":20,"key":"Pocketwatch"},{"floor":21,"key":"Enchiridion"},{"floor":25,"key":"Molten Egg 2"},{"floor":26,"key":"Vajra"},{"floor":43,"key":"Mercury Hourglass"},{"floor":46,"key":"Red Skull"},{"floor":48,"key":"Pear"}],"event_choices":[{"damage_healed":0,"gold_gain":0,"player_choice":"Success","damage_taken":18,"relics_obtained":["Singing Bowl"],"max_hp_gain":0,"max_hp_loss":0,"event_name":"Scrap Ooze","floor":4,"gold_loss":0},{"damage_healed":26,"gold_gain":0,"player_choice":"Banana","damage_taken":0,"max_hp_gain":0,"max_hp_loss":0,"event_name":"Big Fish","floor":5,"gold_loss":0},{"damage_healed":0,"gold_gain":0,"player_choice":"Opened","damage_taken":0,"relics_obtained":["Turnip"],"max_hp_gain":0,"max_hp_loss":0,"event_name":"The Mausoleum","floor":19,"gold_loss":0},{"damage_healed":0,"gold_gain":0,"player_choice":"Obtained Book","damage_taken":16,"max_hp_gain":0,"max_hp_loss":0,"event_name":"Cursed Tome","floor":21,"gold_loss":0},{"damage_healed":0,"gold_gain":0,"player_choice":"Shed Blood","damage_taken":20,"max_hp_gain":5,"max_hp_loss":0,"event_name":"Forgotten Altar","floor":29,"gold_loss":0},{"damage_healed":0,"gold_gain":0,"player_choice":"Max HP","damage_taken":0,"max_hp_gain":0,"max_hp_loss":4,"event_name":"Winding Halls","floor":38,"gold_loss":0},{"damage_healed":0,"gold_gain":0,"cards_transformed":["Strike_R"],"player_choice":"Transformed","damage_taken":0,"max_hp_gain":0,"max_hp_loss":0,"event_name":"Transmorgrifier","floor":39,"gold_loss":0,"cards_obtained":["Clash"]}],"is_beta":false,"boss_relics":[{"not_picked":["Pandora\u0027s Box","Astrolabe"],"picked":"Calling Bell"},{"not_picked":["Eternal Feather","Runic Cube"],"picked":"Mark of Pain"}],"items_purged_floors":[23,36],"is_endless":false,"potions_floor_spawned":[2,3,13,24,28,31,41,46],"ascension_level":1}