{"gold_per_floor":[112,112,37,53,53,53,68,84,107,85,85,85,85,160,160,279,279,297,310,310,329,244,244,244,244,244,284,284,303,97,115,115,238,238,259,11,233,233,251,285,285,306,385,285,318,318,336,94,94,94],"floor_reached":50,"playtime":836,"items_purged":["Defend_R","Defend_R","Defend_R","Defend_R"],"score":563,"play_id":"a6be8bfc-f673-4414-944f-4abd1e0fa618","local_time":"20190625140259","is_ascension_mode":false,"campfire_choices":[{"data":"Inflame","floor":6,"key":"SMITH"},{"data":"Whirlwind","floor":11,"key":"SMITH"},{"data":"Flex","floor":15,"key":"SMITH"},{"data":"Limit Break","floor":23,"key":"SMITH"},{"data":"Bash","floor":25,"key":"SMITH"},{"data":"Battle Trance","floor":28,"key":"SMITH"},{"data":"Battle Trance","floor":32,"key":"SMITH"},{"data":"Flex","floor":41,"key":"SMITH"},{"data":"Flex","floor":46,"key":"SMITH"},{"data":"Immolate","floor":49,"key":"SMITH"}],"neow_cost":"NONE","seed_source_timestamp":29036722490852,"circlet_count":0,"master_deck":["Strike_R","Strike_R","Strike_R","Strike_R+1","Bash+1","Inflame+1","Dropkick","Clash+1","Whirlwind+1","Flex+1","Limit Break+1","Infernal Blade+1","Battle Trance+1","Thunderclap","Battle Trance+1","Immolate+1","Flex+1","Flex+1"],"relics":["Burning Blood","NeowsBlessing","Lantern","Golden Idol","Self Forming Clay","Velvet Choker","Omamori","Pantograph","Red Mask","Brimstone","Sozu","Juzu Bracelet","Paper Frog","The Courier","Bag of Marbles","Whetstone"],"potions_floor_usage":[16,24,45,50,50],"damage_taken":[{"damage":0,"enemies":"2 Louse","floor":1,"turns":1},{"damage":0,"enemies":"Jaw Worm","floor":4,"turns":1},{"damage":0,"enemies":"Small Slimes","floor":7,"turns":1},{"damage":5,"enemies":"Looter","floor":8,"turns":3},{"damage":27,"enemies":"Hexaghost","floor":16,"turns":7},{"damage":5,"enemies":"Shell Parasite","floor":18,"turns":2},{"damage":0,"enemies":"3 Byrds","floor":19,"turns":1},{"damage":5,"enemies":"Sentry and Sphere","floor":21,"turns":3},{"damage":15,"enemies":"Cultist and Chosen","floor":24,"turns":4},{"damage":0,"enemies":"Masked Bandits","floor":27,"turns":1},{"damage":15,"enemies":"Snake Plant","floor":29,"turns":2},{"damage":0,"enemies":"Centurion and Healer","floor":31,"turns":1},{"damage":27,"enemies":"Automaton","floor":33,"turns":4},{"damage":18,"enemies":"3 Shapes","floor":35,"turns":2},{"damage":0,"enemies":"3 Darklings","floor":39,"turns":1},{"damage":10,"enemies":"Giant Head","floor":40,"turns":4},{"damage":27,"enemies":"Maw","floor":42,"turns":3},{"damage":0,"enemies":"Reptomancer","floor":45,"turns":3},{"damage":0,"enemies":"Transient","floor":47,"turns":5},{"damage":77,"enemies":"Awakened One","floor":50,"turns":4}],"seed_played":"-1958349773394830676","potions_obtained":[{"floor":1,"key":"FearPotion"},{"floor":16,"key":"FearPotion"},{"floor":18,"key":"PowerPotion"},{"floor":20,"key":"SmokeBomb"},{"floor":20,"key":"EssenceOfSteel"},{"floor":31,"key":"Fire Potion"}],"is_trial":false,"path_per_floor":["M","?","$","M","?","R","M","M","T","$","R","?","T","?","R","B",null,"M","M","?","M","?","R","M","R","T","?","R","M","$","M","R","B",null,"M","$","?","?","M","E","R","M","T","$","E","R","M","$","R","B"],"character_chosen":"IRONCLAD","items_purchased":["Flex","Brimstone","Juzu Bracelet","Whetstone"],"campfire_rested":0,"item_purchase_floors":[10,30,36,48],"current_hp_per_floor":[80,73,73,79,84,84,85,85,85,85,85,79,79,68,68,47,79,79,79,79,79,79,79,70,70,70,76,76,67,67,73,73,58,79,67,67,67,67,73,69,69,48,48,48,54,54,60,60,60,0],"gold":94,"neow_bonus":"THREE_ENEMY_KILL","is_prod":false,"is_daily":false,"chose_seed":false,"campfire_upgraded":10,"win_rate":0,"timestamp":1561492979,"path_taken":["M","?","$","M","?","R","M","M","T","$","R","?","?","?","R","BOSS","M","M","?","?","?","R","M","R","T","?","R","M","$","?","R","BOSS","M","?","?","?","M","E","R","M","T","$","E","R","M","$","R","BOSS"],"build_version":"2019-01-23","purchased_purges":4,"victory":false,"max_hp_per_floor":[80,80,80,80,85,85,85,85,85,85,85,79,79,79,79,79,79,79,79,79,79,79,79,79,79,79,79,79,79,79,79,79,79,79,79,79,79,75,75,75,75,75,75,75,75,75,75,75,75,75],"card_choices":[{"not_picked":["Rupture","Warcry"],"picked":"Inflame","floor":1},{"not_picked":["Anger","Clothesline"],"picked":"Dropkick","floor":4},{"not_picked":["Headbutt","Intimidate"],"picked":"Clash","floor":7},{"not_picked":["True Grit","Inflame"],"picked":"Whirlwind","floor":8},{"not_picked":["Immolate","Bludgeon"],"picked":"Limit Break","floor":16},{"not_picked":["Sever Soul","Burning Pact+1","Metallicize"],"picked":"SKIP","floor":18},{"not_picked":["Second Wind","Pommel Strike"],"picked":"Infernal Blade+1","floor":19},{"not_picked":["Infernal Blade","Carnage"],"picked":"Battle Trance","floor":21},{"not_picked":["Heavy Blade","Perfected Strike+1"],"picked":"Thunderclap","floor":27},{"not_picked":["Perfected Strike","Anger","Bloodletting"],"picked":"SKIP","floor":29},{"not_picked":["Perfected Strike+1","Metallicize"],"picked":"Battle Trance","floor":31},{"not_picked":["Berserk","Double Tap"],"picked":"Immolate","floor":33},{"not_picked":["Entrench+1","Cleave"],"picked":"Flex","floor":35},{"not_picked":["True Grit+1","Perfected Strike"],"picked":"Flex","floor":39},{"not_picked":["Sword Boomerang","Shrug It Off","Dropkick"],"picked":"SKIP","floor":40},{"not_picked":["Perfected Strike+1","Power Through+1","Wild Strike+1"],"picked":"SKIP","floor":42},{"not_picked":["Iron Wave","Rupture+1","Warcry"],"picked":"SKIP","floor":45},{"not_picked":["Havoc","Clothesline","Rage"],"picked":"SKIP","floor":47}],"player_experience":1505749,"relics_obtained":[{"floor":9,"key":"Lantern"},{"floor":13,"key":"Self Forming Clay"},{"floor":26,"key":"Pantograph"},{"floor":27,"key":"Red Mask"},{"floor":40,"key":"Paper Frog"},{"floor":43,"key":"The Courier"},{"floor":45,"key":"Bag of Marbles"}],"event_choices":[{"cards_removed":["Strike_R"],"damage_healed":0,"gold_gain":0,"player_choice":"Card Removal","damage_taken":7,"max_hp_gain":0,"max_hp_loss":0,"event_name":"Golden Wing","floor":2,"gold_loss":0},{"damage_healed":0,"gold_gain":0,"player_choice":"Donut","damage_taken":0,"max_hp_gain":5,"max_hp_loss":0,"event_name":"Big Fish","floor":5,"gold_loss":0},{"damage_healed":0,"gold_gain":0,"player_choice":"Lose Max HP","damage_taken":0,"relics_obtained":["Golden Idol"],"max_hp_gain":0,"max_hp_loss":6,"event_name":"Golden Idol","floor":12,"gold_loss":0},{"damage_healed":0,"gold_gain":75,"player_choice":"Gather Gold","damage_taken":11,"max_hp_gain":0,"max_hp_loss":0,"event_name":"World of Goop","floor":14,"gold_loss":0},{"damage_healed":0,"gold_gain":0,"player_choice":"Got Potions","damage_taken":0,"max_hp_gain":0,"max_hp_loss":0,"event_name":"Lab","floor":20,"gold_loss":0},{"damage_healed":0,"gold_gain":0,"player_choice":"Obtained Relic","damage_taken":0,"relics_obtained":["Omamori"],"max_hp_gain":0,"max_hp_loss":0,"event_name":"Addict","floor":22,"gold_loss":85},{"damage_healed":0,"gold_gain":0,"player_choice":"Fought Bandits","damage_taken":0,"max_hp_gain":0,"max_hp_loss":0,"event_name":"Masked Bandits","floor":27,"gold_loss":0},{"damage_healed":0,"gold_gain":222,"player_choice":"Wore Mask","damage_taken":0,"max_hp_gain":0,"max_hp_loss":0,"event_name":"Tomb of Lord Red Mask","floor":37,"gold_loss":0},{"damage_healed":0,"gold_gain":0,"player_choice":"Max HP","damage_taken":0,"max_hp_gain":0,"max_hp_loss":4,"event_name":"Winding Halls","floor":38,"gold_loss":0}],"is_beta":false,"boss_relics":[{"not_picked":["Lizard Tail","White Beast Statue"],"picked":"Velvet Choker"},{"not_picked":["Snecko Eye","Calling Bell"],"picked":"Sozu"}],"items_purged_floors":[3,36,44,48],"is_endless":false,"potions_floor_spawned":[1,16,18,31,33,35,39,45],"killed_by":"Awakened One","ascension_level":0}