{"gold_per_floor":[111,130,38,54,67,67,97,172,172,172,172,20,20,52,52,148,148,138,63,73,173,191,191,222,222],"floor_reached":25,"playtime":1273,"items_purged":["Strike_R"],"score":263,"play_id":"c18679ca-1d1e-4989-8e44-67d5fbf8a534","local_time":"20190423235610","is_ascension_mode":true,"campfire_choices":[{"data":"Bash","floor":6,"key":"SMITH"},{"data":"Demon Form","floor":10,"key":"SMITH"},{"data":"Shrug It Off","floor":13,"key":"SMITH"},{"floor":15,"key":"REST"},{"data":"Heavy Blade","floor":23,"key":"SMITH"}],"neow_cost":"NONE","seed_source_timestamp":277410697491166,"circlet_count":0,"master_deck":["Strike_R","Strike_R","Strike_R","Defend_R","Defend_R","Defend_R","Defend_R","Bash+1","Demon Form+1","Clothesline","Shrug It Off+1","Ghostly Armor","Bloodletting","Reaper","Offering","Heavy Blade+1","Feel No Pain","Corruption","Seeing Red+1","Shrug It Off","True Grit+1"],"relics":["Burning Blood","Dodecahedron","Ornamental Fan","Sundial","Lantern","Singing Bowl","Orrery","StoneCalendar","Letter Opener","Red Skull"],"potions_floor_usage":[16,20,21],"damage_taken":[{"damage":6,"enemies":"Cultist","floor":1,"turns":4},{"damage":7,"enemies":"Small Slimes","floor":2,"turns":3},{"damage":4,"enemies":"Jaw Worm","floor":4,"turns":4},{"damage":4,"enemies":"Looter","floor":5,"turns":3},{"damage":33,"enemies":"3 Sentries","floor":7,"turns":9},{"damage":19,"enemies":"Lagavulin","floor":14,"turns":6},{"damage":26,"enemies":"The Guardian","floor":16,"turns":8},{"damage":8,"enemies":"2 Thieves","floor":18,"turns":4},{"damage":9,"enemies":"Chosen","floor":20,"turns":4},{"damage":51,"enemies":"Colosseum Slavers","floor":21,"turns":8},{"damage":41,"enemies":"Colosseum Nobs","floor":21,"turns":10},{"damage":19,"enemies":"3 Cultists","floor":22,"turns":5},{"damage":60,"enemies":"Slavers","floor":24,"turns":6},{"damage":22,"enemies":"Chosen and Byrds","floor":25,"turns":4}],"seed_played":"7916911191596015444","potions_obtained":[{"floor":5,"key":"EssenceOfSteel"},{"floor":7,"key":"SneckoOil"},{"floor":18,"key":"Poison Potion"}],"is_trial":false,"path_per_floor":["M","M","?","M","M","R","E","?","T","R","?","$","R","E","R","B",null,"M","$","M","?","M","R","E","M"],"character_chosen":"IRONCLAD","items_purchased":["Lantern"],"campfire_rested":1,"item_purchase_floors":[12],"current_hp_per_floor":[80,79,79,80,80,80,53,42,42,42,35,35,35,24,48,34,86,84,84,83,25,42,42,9,0],"gold":222,"neow_bonus":"ONE_RANDOM_RARE_CARD","is_prod":false,"is_daily":false,"chose_seed":false,"campfire_upgraded":4,"win_rate":0,"timestamp":1556078170,"path_taken":["M","M","?","?","M","R","E","?","T","R","?","$","R","E","R","BOSS","M","$","M","?","M","R","E","M"],"build_version":"2019-01-23","purchased_purges":1,"victory":false,"max_hp_per_floor":[80,80,80,80,80,80,80,80,80,80,80,80,80,82,82,82,86,86,86,88,90,90,90,90,90],"card_choices":[{"not_picked":["Iron Wave","Havoc"],"picked":"Clothesline","floor":1},{"not_picked":["True Grit","Clothesline"],"picked":"Shrug It Off","floor":2},{"not_picked":["Clash","True Grit"],"picked":"Ghostly Armor","floor":4},{"not_picked":["Clash","Intimidate"],"picked":"Bloodletting","floor":5},{"not_picked":["Carnage","Rampage"],"picked":"Reaper","floor":7},{"not_picked":["Warcry","Carnage","Second Wind"],"picked":"Singing Bowl","floor":14},{"not_picked":["Bludgeon","Barricade"],"picked":"Offering","floor":16},{"not_picked":["Blood for Blood","True Grit"],"picked":"Heavy Blade","floor":17},{"not_picked":["Reckless Charge","Wild Strike"],"picked":"Feel No Pain","floor":17},{"not_picked":["Heavy Blade","Dual Wield"],"picked":"Corruption","floor":17},{"not_picked":["Dual Wield","Warcry","Headbutt"],"picked":"Singing Bowl","floor":17},{"not_picked":["Entrench","Heavy Blade","Sword Boomerang"],"picked":"Singing Bowl","floor":17},{"not_picked":["Rage","Reckless Charge+1"],"picked":"Seeing Red+1","floor":18},{"not_picked":["Dropkick","Havoc","Pommel Strike+1"],"picked":"Singing Bowl","floor":20},{"not_picked":["Perfected Strike","Iron Wave","Hemokinesis"],"picked":"Singing Bowl","floor":21},{"not_picked":["Cleave","Searing Blow"],"picked":"Shrug It Off","floor":22},{"not_picked":["Offering","Double Tap"],"picked":"True Grit+1","floor":24}],"player_experience":101049,"relics_obtained":[{"floor":7,"key":"Ornamental Fan"},{"floor":9,"key":"Sundial"},{"floor":14,"key":"Singing Bowl"},{"floor":21,"key":"StoneCalendar"},{"floor":21,"key":"Letter Opener"},{"floor":24,"key":"Red Skull"}],"event_choices":[{"damage_healed":0,"gold_gain":0,"player_choice":"Paid Gold","damage_taken":0,"relics_obtained":["Dodecahedron"],"max_hp_gain":0,"max_hp_loss":0,"event_name":"WeMeetAgain","floor":3,"gold_loss":92},{"damage_healed":0,"gold_gain":75,"player_choice":"Gather Gold","damage_taken":11,"max_hp_gain":0,"max_hp_loss":0,"event_name":"World of Goop","floor":8,"gold_loss":0},{"cards_removed":["Strike_R"],"damage_healed":0,"gold_gain":0,"player_choice":"Card Removal","damage_taken":7,"max_hp_gain":0,"max_hp_loss":0,"event_name":"Golden Wing","floor":11,"gold_loss":0},{"damage_healed":0,"gold_gain":0,"player_choice":"Fight","damage_taken":0,"max_hp_gain":0,"max_hp_loss":0,"event_name":"Colosseum","floor":21,"gold_loss":0},{"damage_healed":0,"gold_gain":0,"player_choice":"Fought Nobs","damage_taken":0,"max_hp_gain":0,"max_hp_loss":0,"event_name":"Colosseum","floor":21,"gold_loss":0}],"is_beta":false,"boss_relics":[{"not_picked":["Astrolabe","Lizard Tail"],"picked":"Orrery"}],"items_purged_floors":[19],"is_endless":false,"potions_floor_spawned":[5,7,18],"killed_by":"Chosen and Byrds","ascension_level":3}