{"gold_per_floor":[110,121,2,2,2,37,48,65,88,88,88,102,112,123,123,123],"floor_reached":16,"playtime":587,"items_purged":["Strike_G"],"score":252,"play_id":"7d859d04-6f27-4a1e-a1d4-4c9c126da84a","local_time":"20190626120855","is_ascension_mode":true,"campfire_choices":[{"data":"Dodge and Roll","floor":10,"key":"SMITH"},{"data":"Neutralize","floor":15,"key":"SMITH"}],"neow_cost":"NONE","seed_source_timestamp":95849172950800,"circlet_count":0,"master_deck":["AscendersBane","Defend_G","Defend_G","Defend_G","Defend_G","Defend_G","Strike_G","Strike_G","Strike_G","Strike_G","Survivor","Neutralize+1","Dodge and Roll+1","Endless Agony","Footwork","Slice","Dagger Spray","Dagger Spray","Deadly Poison"],"special_seed":0,"relics":["Ring of the Snake","NeowsBlessing","Ancient Tea Set","Bag of Preparation","Oddly Smooth Stone","Pantograph"],"potions_floor_usage":[8,12],"damage_taken":[{"damage":0.0,"enemies":"Cultist","floor":1.0,"turns":1.0},{"damage":0.0,"enemies":"Small Slimes","floor":2.0,"turns":1.0},{"damage":0.0,"enemies":"3 Sentries","floor":6.0,"turns":1.0},{"damage":0.0,"enemies":"2 Louse","floor":7.0,"turns":4.0},{"damage":0,"enemies":"Gremlin Gang","floor":8,"turns":3},{"damage":1,"enemies":"Exordium Thugs","floor":12,"turns":9},{"damage":4,"enemies":"Exordium Wildlife","floor":13,"turns":5},{"damage":0,"enemies":"Gremlin Gang","floor":14,"turns":3},{"damage":69,"enemies":"Hexaghost","floor":16,"turns":15}],"seed_played":"7733937863187600329","potions_obtained":[{"floor":1.0,"key":"Regen Potion"},{"floor":6.0,"key":"PowerPotion"}],"is_trial":false,"path_per_floor":["M","M","$","?","?","E","M","M","T","R","?","M","M","M","R","B"],"character_chosen":"THE_SILENT","items_purchased":["Endless Agony"],"campfire_rested":0,"item_purchase_floors":[3],"current_hp_per_floor":[59,59,59,59,48,48,48,48,48,48,48,62,58,58,58,0],"gold":123,"neow_bonus":"THREE_ENEMY_KILL","is_prod":false,"is_daily":false,"chose_seed":false,"campfire_upgraded":2,"win_rate":0,"timestamp":1561565335,"path_taken":["M","M","?","?","?","E","M","M","T","R","?","M","M","?","R","BOSS"],"build_version":"2019-01-23","purchased_purges":1,"victory":false,"max_hp_per_floor":[66,66,66,66,66,66,66,66,66,66,66,66,66,66,66,66],"card_choices":[{"not_picked":["Poisoned Stab","Dodge and Roll"],"picked":"Calculated Gamble","floor":1.0},{"not_picked":["Flying Knee","Underhanded Strike"],"picked":"Dodge and Roll","floor":2.0},{"not_picked":["Dagger Spray","Burst"],"picked":"Footwork","floor":6.0},{"not_picked":["Blade Dance","Tactician","Poisoned Stab"],"picked":"SKIP","floor":7.0},{"not_picked":["Cloak And Dagger","Flying Knee"],"picked":"Slice","floor":8},{"not_picked":["Leg Sweep","Quick Slash"],"picked":"Dagger Spray","floor":12},{"not_picked":["Acrobatics","Blade Dance"],"picked":"Dagger Spray","floor":13},{"not_picked":["Cloak And Dagger","Quick Slash"],"picked":"Deadly Poison","floor":14}],"player_experience":1424297,"relics_obtained":[{"floor":6.0,"key":"Bag of Preparation"},{"floor":9,"key":"Oddly Smooth Stone"}],"event_choices":[{"damage_healed":0.0,"max_hp_gain":0.0,"max_hp_loss":0.0,"gold_gain":0.0,"event_name":"The Cleric","player_choice":"Leave","floor":4.0,"gold_loss":0.0,"damage_taken":0.0},{"damage_healed":0.0,"max_hp_gain":0.0,"max_hp_loss":0.0,"gold_gain":0.0,"event_name":"Scrap Ooze","player_choice":"Success","floor":5.0,"gold_loss":0.0,"damage_taken":11.0,"relics_obtained":["Ancient Tea Set"]},{"cards_removed":["Calculated Gamble"],"damage_healed":0,"gold_gain":0,"player_choice":"Gave Card","damage_taken":0,"relics_obtained":["Pantograph"],"max_hp_gain":0,"max_hp_loss":0,"event_name":"WeMeetAgain","floor":11,"gold_loss":0}],"is_beta":false,"boss_relics":[],"items_purged_floors":[3],"is_endless":false,"potions_floor_spawned":[1,6,7],"killed_by":"Hexaghost","ascension_level":19}