{"gold_per_floor":[110,110,126,142,97,131,131,147,147,147,322,354,354,354,354,482,482,495,518,101,114,114,114,164,190,190,200,200,52,72,104,104,202,202,221,221,221,236,248,277,289,311,323,345,357,388,413,101,101,101],"floor_reached":51,"playtime":2693,"items_purged":["Doubt"],"score":732,"play_id":"e9546e94-1d47-4821-84e1-9571d35d6335","local_time":"20190323061011","is_ascension_mode":false,"campfire_choices":[{"data":"Cleave","floor":7,"key":"SMITH"},{"data":"Bash","floor":10,"key":"SMITH"},{"data":"Pommel Strike","floor":13,"key":"SMITH"},{"data":"Dual Wield","floor":15,"key":"SMITH"},{"data":"Limit Break","floor":23,"key":"SMITH"},{"data":"1","floor":28,"key":"LIFT"},{"data":"2","floor":32,"key":"LIFT"},{"data":"3","floor":41,"key":"LIFT"},{"data":"Heavy Blade","floor":45,"key":"SMITH"},{"data":"Perfected Strike","floor":49,"key":"SMITH"}],"neow_cost":"NONE","seed_source_timestamp":475375824615426,"circlet_count":0,"master_deck":["Strike_R","Strike_R","Strike_R","Strike_R","Strike_R","Defend_R","Defend_R","Defend_R","Defend_R","Bash+1","Power Through","Sword Boomerang","Cleave+1","Dual Wield+1","Intimidate","Pommel Strike+1","Impervious","Inflame+1","Limit Break+1","Heavy Blade+1","Shrug It Off+1","Battle Trance","Disarm","Armaments+1","Headbutt+1","Reaper","Perfected Strike+1","Second Wind","Shockwave+1","True Grit+1","Twin Strike","Disarm+1","Twin Strike","Infernal Blade","Metallicize"],"relics":["Burning Blood","PreservedInsect","Mango","Mercury Hourglass","Meat on the Bone","Bloody Idol","Runic Pyramid","Vajra","Omamori","Girya","Darkstone Periapt","Red Skull","Red Mask","Sozu","MawBank","The Courier","Letter Opener"],"potions_floor_usage":[16,31,31,33,33],"damage_taken":[{"damage":6,"enemies":"Jaw Worm","floor":1,"turns":5},{"damage":5,"enemies":"Cultist","floor":3,"turns":4},{"damage":4,"enemies":"2 Louse","floor":4,"turns":3},{"damage":8,"enemies":"Gremlin Nob","floor":6,"turns":3},{"damage":9,"enemies":"Blue Slaver","floor":8,"turns":4},{"damage":16,"enemies":"Lagavulin","floor":12,"turns":5},{"damage":89,"enemies":"The Guardian","floor":16,"turns":14},{"damage":0,"enemies":"3 Byrds","floor":18,"turns":5},{"damage":50,"enemies":"Shell Parasite","floor":19,"turns":8},{"damage":3,"enemies":"Snecko","floor":21,"turns":3},{"damage":31,"enemies":"Slavers","floor":25,"turns":5},{"damage":15,"enemies":"Cultist and Chosen","floor":27,"turns":6},{"damage":6,"enemies":"Centurion and Healer","floor":30,"turns":6},{"damage":19,"enemies":"Masked Bandits","floor":31,"turns":4},{"damage":56,"enemies":"Champ","floor":33,"turns":12},{"damage":2,"enemies":"3 Shapes","floor":35,"turns":5},{"damage":36,"enemies":"3 Darklings","floor":38,"turns":4},{"damage":29,"enemies":"Jaw Worm Horde","floor":39,"turns":4},{"damage":38,"enemies":"Reptomancer","floor":40,"turns":6},{"damage":24,"enemies":"Spire Growth","floor":42,"turns":4},{"damage":24,"enemies":"4 Shapes","floor":44,"turns":4},{"damage":0,"enemies":"Sphere and 2 Shapes","floor":46,"turns":4},{"damage":13,"enemies":"Spire Growth","floor":47,"turns":3},{"damage":54,"enemies":"Time Eater","floor":50,"turns":6}],"seed_played":"-8523812857143334917","potions_obtained":[{"floor":1,"key":"Swift Potion"},{"floor":3,"key":"Regen Potion"},{"floor":8,"key":"Explosive Potion"},{"floor":18,"key":"BloodPotion"},{"floor":27,"key":"Block Potion"},{"floor":31,"key":"Poison Potion"}],"is_trial":false,"path_per_floor":["M","?","M","M","$","E","R","M","T","R","?","E","R","?","R","B",null,"M","M","$","M","?","R","T","E","T","M","R","$","M","?","R","B",null,"M","?","?","M","M","E","R","M","T","M","R","M","M","$","R","B",null],"character_chosen":"IRONCLAD","items_purchased":["Cleave","Limit Break","Vajra","Heavy Blade","Red Skull","Infernal Blade","Metallicize","Letter Opener"],"campfire_rested":0,"item_purchase_floors":[5,20,20,20,29,48,48,48],"current_hp_per_floor":[88,88,88,88,88,100,100,97,97,97,97,87,87,87,87,25,94,94,62,62,65,65,65,70,62,62,70,70,70,75,67,67,43,94,94,94,94,94,83,77,82,94,94,94,94,94,92,94,94,75],"gold":101,"neow_bonus":"TEN_PERCENT_HP_BONUS","is_prod":false,"is_daily":false,"chose_seed":false,"campfire_upgraded":7,"win_rate":0.0,"timestamp":1553335811,"path_taken":["M","?","M","M","$","E","R","?","T","R","?","E","R","?","R","BOSS","M","M","$","M","?","R","?","E","T","M","R","$","M","?","R","BOSS","M","?","?","?","M","E","R","M","T","?","R","M","M","$","R","BOSS"],"build_version":"2019-01-23","purchased_purges":1,"victory":true,"max_hp_per_floor":[88,88,88,88,88,102,102,102,102,102,102,102,102,94,94,94,94,94,94,94,94,94,94,94,94,94,94,94,94,94,94,94,94,94,94,94,94,94,94,94,94,94,94,94,94,94,94,94,94,94],"card_choices":[{"not_picked":["Rage","Heavy Blade"],"picked":"Power Through","floor":1},{"not_picked":["Heavy Blade","Hemokinesis"],"picked":"Warcry","floor":3},{"not_picked":["Blood for Blood","Warcry"],"picked":"Sword Boomerang","floor":4},{"not_picked":["Twin Strike","Armaments"],"picked":"Dual Wield","floor":6},{"not_picked":["Body Slam","Clash"],"picked":"Intimidate","floor":8},{"not_picked":["Reckless Charge","True Grit"],"picked":"Pommel Strike","floor":12},{"not_picked":["Brutality","Juggernaut"],"picked":"Impervious","floor":16},{"not_picked":["Pommel Strike","Intimidate","Cleave"],"picked":"SKIP","floor":18},{"not_picked":["Warcry","Entrench"],"picked":"Inflame+1","floor":19},{"not_picked":["Headbutt","Corruption+1"],"picked":"Shrug It Off+1","floor":21},{"not_picked":["Sword Boomerang+1","Pommel Strike"],"picked":"Battle Trance","floor":25},{"not_picked":["Searing Blow","Flex"],"picked":"Disarm","floor":27},{"not_picked":["Thunderclap","Warcry"],"picked":"Armaments+1","floor":30},{"not_picked":["Feel No Pain+1","Wild Strike+1"],"picked":"Headbutt+1","floor":31},{"not_picked":["Barricade","Demon Form"],"picked":"Reaper","floor":33},{"not_picked":["Body Slam+1","Feel No Pain+1"],"picked":"Perfected Strike","floor":35},{"not_picked":["Flame Barrier","Uppercut+1"],"picked":"Second Wind","floor":38},{"not_picked":["Iron Wave","Thunderclap","Clothesline"],"picked":"SKIP","floor":39},{"not_picked":["Juggernaut","Rampage"],"picked":"Shockwave+1","floor":40},{"not_picked":["Body Slam","Thunderclap+1"],"picked":"True Grit+1","floor":42},{"not_picked":["Intimidate","Pummel+1"],"picked":"Twin Strike","floor":44},{"not_picked":["Rupture+1","Clash+1"],"picked":"Disarm+1","floor":46},{"not_picked":["Power Through+1","Armaments"],"picked":"Twin Strike","floor":47}],"player_experience":57500,"relics_obtained":[{"floor":6,"key":"Mango"},{"floor":9,"key":"Mercury Hourglass"},{"floor":12,"key":"Meat on the Bone"},{"floor":24,"key":"Omamori"},{"floor":25,"key":"Girya"},{"floor":26,"key":"Darkstone Periapt"},{"floor":31,"key":"Red Mask"},{"floor":40,"key":"MawBank"},{"floor":43,"key":"The Courier"}],"event_choices":[{"damage_healed":0,"gold_gain":0,"player_choice":"Gave Potion","damage_taken":0,"relics_obtained":["PreservedInsect"],"max_hp_gain":0,"max_hp_loss":0,"event_name":"WeMeetAgain","floor":2,"gold_loss":0},{"damage_healed":0,"gold_gain":175,"player_choice":"AGREE","damage_taken":0,"max_hp_gain":0,"max_hp_loss":0,"event_name":"Liars Game","floor":11,"gold_loss":0,"cards_obtained":["Doubt"]},{"damage_healed":0,"gold_gain":0,"player_choice":"Lose Max HP","damage_taken":0,"relics_obtained":["Golden Idol"],"max_hp_gain":0,"max_hp_loss":8,"event_name":"Golden Idol","floor":14,"gold_loss":0},{"damage_healed":0,"gold_gain":0,"player_choice":"Gave Idol","damage_taken":0,"relics_obtained":["Bloody Idol"],"max_hp_gain":0,"max_hp_loss":0,"event_name":"Forgotten Altar","floor":22,"relics_lost":["Golden Idol"],"gold_loss":0},{"damage_healed":0,"gold_gain":0,"player_choice":"Fought Bandits","damage_taken":0,"max_hp_gain":0,"max_hp_loss":0,"event_name":"Masked Bandits","floor":31,"gold_loss":0},{"cards_removed":["Warcry"],"damage_healed":0,"gold_gain":0,"player_choice":"Removed Skill","damage_taken":0,"max_hp_gain":0,"max_hp_loss":0,"event_name":"Falling","floor":36,"gold_loss":0},{"damage_healed":0,"gold_gain":0,"player_choice":"Got Potions","damage_taken":0,"max_hp_gain":0,"max_hp_loss":0,"event_name":"Lab","floor":37,"gold_loss":0}],"is_beta":false,"boss_relics":[{"not_picked":["Empty Cage","Snecko Eye"],"picked":"Runic Pyramid"},{"not_picked":["Mark of Pain","White Beast Statue"],"picked":"Sozu"}],"items_purged_floors":[20],"is_endless":false,"potions_floor_spawned":[1,3,8,18,27,31,39,40,42],"ascension_level":0}