{"gold_per_floor":[118,135,210,210,210,241,241,274,322,322,356,414,414,427,427,550,550,571,661,676,50,71,109,109,144,144,187,201,217,217,255,255,384,447,471,170,186,8,31,62,81,81,81,125,125,159,159,180,180,180],"floor_reached":51,"playtime":2972,"items_purged":["Strike_G","Strike_G"],"score":1343,"play_id":"777eb7ef-5724-4e83-b4f6-9a3d4ce29d20","local_time":"20190621150135","is_ascension_mode":true,"campfire_choices":[{"data":"Neutralize","floor":7,"key":"SMITH"},{"floor":10,"key":"REST"},{"data":"Poisoned Stab","floor":13,"key":"SMITH"},{"data":"Leg Sweep","floor":15,"key":"SMITH"},{"floor":24,"key":"REST"},{"floor":32,"key":"REST"},{"floor":42,"key":"REST"},{"floor":47,"key":"REST"},{"floor":49,"key":"REST"}],"neow_cost":"NONE","seed_source_timestamp":709792597873,"circlet_count":0,"master_deck":["Defend_G+1","Defend_G","Defend_G","Defend_G","Defend_G","Strike_G","Strike_G","Survivor","Neutralize+1","Skewer+1","Poisoned Stab+1","Dagger Spray","Deflect+1","After Image+1","Footwork+1","Envenom+1","Leg Sweep+1","Envenom+1","Crippling Poison","Noxious Fumes+1","Noxious Fumes+1","Deflect+1","Backflip+1","Blur","Night Terror","Leg Sweep","Wraith Form v2+1","Footwork+1","Well Laid Plans+1","Footwork+1","Backflip+1","Escape Plan+1","Backflip+1","Footwork+1","Well Laid Plans+1"],"relics":["Ring of the Snake","Golden Idol","Vajra","Frozen Egg 2","Dream Catcher","Matryoshka","Fusion Hammer","TwistedFunnel","War Paint","Bottled Lightning","Regal Pillow","Snake Skull","Oddly Smooth Stone","Molten Egg 2","Bag of Preparation","Tiny House","The Specimen","Kunai","Shuriken","Strawberry","Mummified Hand","Potion Belt"],"potions_floor_usage":[6,11,23,41],"damage_taken":[{"damage":1,"enemies":"Jaw Worm","floor":1,"turns":4},{"damage":0,"enemies":"2 Louse","floor":2,"turns":2},{"damage":16,"enemies":"Gremlin Nob","floor":6,"turns":3},{"damage":19,"enemies":"Lagavulin","floor":8,"turns":7},{"damage":5,"enemies":"Gremlin Nob","floor":11,"turns":3},{"damage":0,"enemies":"Small Slimes","floor":14,"turns":2},{"damage":1,"enemies":"Hexaghost","floor":16,"turns":10},{"damage":11,"enemies":"2 Thieves","floor":18,"turns":4},{"damage":0,"enemies":"3 Byrds","floor":20,"turns":5},{"damage":3,"enemies":"Snecko","floor":22,"turns":5},{"damage":0,"enemies":"Gremlin Leader","floor":23,"turns":7},{"damage":20,"enemies":"Book of Stabbing","floor":25,"turns":5},{"damage":0,"enemies":"Gremlin Leader","floor":27,"turns":5},{"damage":1,"enemies":"Chosen and Byrds","floor":28,"turns":5},{"damage":1,"enemies":"Centurion and Healer","floor":29,"turns":6},{"damage":7,"enemies":"Book of Stabbing","floor":31,"turns":6},{"damage":5,"enemies":"Champ","floor":33,"turns":11},{"damage":4,"enemies":"Orb Walker","floor":35,"turns":5},{"damage":0,"enemies":"3 Darklings","floor":37,"turns":5},{"damage":0,"enemies":"4 Shapes","floor":39,"turns":5},{"damage":11,"enemies":"Giant Head","floor":40,"turns":11},{"damage":10,"enemies":"Writhing Mass","floor":41,"turns":7},{"damage":0,"enemies":"Nemesis","floor":44,"turns":9},{"damage":0,"enemies":"Reptomancer","floor":46,"turns":6},{"damage":0,"enemies":"3 Darklings","floor":48,"turns":4},{"damage":0,"enemies":"Awakened One","floor":50,"turns":12}],"seed_played":"-8605518622472498825","potions_obtained":[{"floor":2,"key":"FearPotion"},{"floor":8,"key":"Energy Potion"},{"floor":14,"key":"Poison Potion"},{"floor":16,"key":"Fire Potion"},{"floor":22,"key":"Fruit Juice"},{"floor":23,"key":"GamblersBrew"},{"floor":27,"key":"Weak Potion"},{"floor":30,"key":"Dexterity Potion"},{"floor":41,"key":"Explosive Potion"},{"floor":44,"key":"PowerPotion"}],"is_trial":false,"path_per_floor":["M","M","?","?","?","E","R","E","T","R","E","?","R","M","R","B",null,"M","?","M","$","M","E","R","E","T","E","M","M","?","E","R","B",null,"M","$","M","$","M","E","M","R","T","E","?","E","R","M","R","B",null],"character_chosen":"THE_SILENT","items_purchased":["TwistedFunnel","Noxious Fumes+1","War Paint","Deflect","GhostInAJar","The Specimen","Footwork+1"],"campfire_rested":6,"item_purchase_floors":[21,21,21,21,21,36,38],"current_hp_per_floor":[62,62,51,51,51,35,35,16,16,35,30,30,30,30,30,29,56,45,33,33,33,30,35,56,36,36,36,35,34,34,27,63,58,72,68,68,68,68,68,57,47,75,82,82,82,82,82,82,82,82],"gold":180,"neow_bonus":"TRANSFORM_CARD","is_prod":false,"is_daily":false,"chose_seed":false,"campfire_upgraded":3,"win_rate":0,"timestamp":1561143695,"path_taken":["M","M","?","?","?","E","R","E","T","R","E","?","R","M","R","BOSS","M","?","M","$","M","E","R","E","T","E","?","M","?","E","R","BOSS","M","$","M","$","M","E","?","R","T","E","?","E","R","M","R","BOSS"],"build_version":"2019-01-23","purchased_purges":2,"victory":true,"max_hp_per_floor":[70,70,70,65,65,65,65,65,65,65,65,65,65,65,65,65,65,65,65,65,65,65,70,70,70,70,70,70,70,70,70,70,70,75,75,75,75,75,75,75,75,75,82,82,82,82,82,82,82,82],"card_choices":[{"not_picked":["Flying Knee","Bane"],"picked":"Poisoned Stab","floor":1},{"not_picked":["Escape Plan","Dodge and Roll"],"picked":"Dagger Spray","floor":2},{"not_picked":["Blade Dance","Dodge and Roll"],"picked":"Deflect","floor":6},{"not_picked":["Escape Plan","Finisher"],"picked":"After Image","floor":8},{"not_picked":["Cloak And Dagger","Escape Plan"],"picked":"Footwork+1","floor":10},{"not_picked":["Underhanded Strike","Dodge and Roll"],"picked":"Envenom+1","floor":11},{"not_picked":["Cloak And Dagger","Sucker Punch"],"picked":"Leg Sweep","floor":14},{"not_picked":["Doppelganger","Grand Finale"],"picked":"Envenom+1","floor":16},{"not_picked":["Bane","Skewer+1"],"picked":"Crippling Poison","floor":18},{"not_picked":["Outmaneuver","Backflip"],"picked":"Noxious Fumes+1","floor":20},{"not_picked":["Sucker Punch","Eviscerate","Deadly Poison"],"picked":"SKIP","floor":22},{"not_picked":["Sucker Punch","Deadly Poison"],"picked":"Backflip+1","floor":23},{"not_picked":["Riddle With Holes","Flechettes+1","Sucker Punch"],"picked":"SKIP","floor":25},{"not_picked":["Flechettes","Sucker Punch+1"],"picked":"Blur","floor":27},{"not_picked":["Reflex+1","Terror","Eviscerate+1"],"picked":"SKIP","floor":28},{"not_picked":["Finisher+1","Setup+1"],"picked":"Night Terror","floor":29},{"not_picked":["Dagger Spray+1","Endless Agony+1"],"picked":"Leg Sweep","floor":31},{"not_picked":["A Thousand Cuts+1","Adrenaline"],"picked":"Wraith Form v2+1","floor":33},{"not_picked":["Bane+1","Quick Slash+1"],"picked":"Footwork+1","floor":34},{"not_picked":["Tactician","Dagger Spray+1","Prepared"],"picked":"SKIP","floor":35},{"not_picked":["Catalyst+1","Predator+1"],"picked":"Well Laid Plans+1","floor":37},{"not_picked":["Blade Dance+1","PiercingWail"],"picked":"Backflip+1","floor":39},{"not_picked":["Dagger Spray+1","Tactician+1","Deflect"],"picked":"SKIP","floor":40},{"not_picked":["All Out Attack+1","Outmaneuver+1"],"picked":"Escape Plan+1","floor":41},{"not_picked":["Deflect+1","Underhanded Strike+1","Concentrate"],"picked":"SKIP","floor":44},{"not_picked":["Distraction+1","PiercingWail"],"picked":"Backflip+1","floor":46},{"not_picked":["Riddle With Holes+1","Backstab+1"],"picked":"Footwork+1","floor":48},{"not_picked":["Tactician+1","Flying Knee+1"],"picked":"Well Laid Plans+1","floor":49}],"player_experience":146026,"relics_obtained":[{"floor":6,"key":"Vajra"},{"floor":8,"key":"Frozen Egg 2"},{"floor":9,"key":"Dream Catcher"},{"floor":11,"key":"Matryoshka"},{"floor":23,"key":"Bottled Lightning"},{"floor":25,"key":"Regal Pillow"},{"floor":26,"key":"Snake Skull"},{"floor":26,"key":"Oddly Smooth Stone"},{"floor":27,"key":"Molten Egg 2"},{"floor":31,"key":"Bag of Preparation"},{"floor":40,"key":"Kunai"},{"floor":43,"key":"Shuriken"},{"floor":43,"key":"Strawberry"},{"floor":44,"key":"Mummified Hand"},{"floor":46,"key":"Potion Belt"}],"event_choices":[{"damage_healed":0,"gold_gain":75,"player_choice":"Gather Gold","damage_taken":11,"max_hp_gain":0,"max_hp_loss":0,"event_name":"World of Goop","floor":3,"gold_loss":0},{"damage_healed":0,"gold_gain":0,"player_choice":"Lose Max HP","damage_taken":0,"relics_obtained":["Golden Idol"],"max_hp_gain":0,"max_hp_loss":5,"event_name":"Golden Idol","floor":4,"gold_loss":0},{"damage_healed":0,"gold_gain":0,"player_choice":"Grow","damage_taken":0,"max_hp_gain":0,"max_hp_loss":0,"event_name":"Living Wall","floor":5,"gold_loss":0,"cards_upgraded":["Skewer"]},{"damage_healed":0,"gold_gain":58,"player_choice":"Gained Gold","damage_taken":0,"max_hp_gain":0,"max_hp_loss":0,"event_name":"Golden Wing","floor":12,"gold_loss":0},{"damage_healed":0,"gold_gain":90,"player_choice":"GOLD ","damage_taken":12,"max_hp_gain":0,"max_hp_loss":0,"event_name":"Knowing Skull","floor":19,"potions_obtained":[],"gold_loss":0,"cards_obtained":[]},{"damage_healed":0,"gold_gain":0,"player_choice":"Got Potions","damage_taken":0,"max_hp_gain":0,"max_hp_loss":0,"event_name":"Lab","floor":30,"gold_loss":0},{"damage_healed":0,"gold_gain":0,"player_choice":"Memory 1","damage_taken":0,"max_hp_gain":0,"max_hp_loss":0,"event_name":"SensoryStone","floor":45,"gold_loss":0}],"is_beta":false,"boss_relics":[{"not_picked":["Pandora\u0027s Box","Calling Bell"],"picked":"Fusion Hammer"},{"not_picked":["Lizard Tail","HoveringKite"],"picked":"Tiny House"}],"items_purged_floors":[21,38],"is_endless":false,"potions_floor_spawned":[2,8,14,16,22,23,27,33,37,41,44],"ascension_level":6}