{"gold_per_floor":[117,65,78,78,78,78,88,104,104,116,130,105,118,83,83,83],"floor_reached":16,"playtime":1263,"items_purged":[],"score":94,"play_id":"770a639b-6681-44af-ad25-0ccb6ac12627","local_time":"20190223014141","is_ascension_mode":false,"campfire_choices":[{"floor":6,"key":"REST"},{"floor":15,"key":"REST"}],"neow_cost":"NONE","seed_source_timestamp":78553015334094,"circlet_count":0,"master_deck":["Defend_G","Defend_G","Defend_G","Defend_G+1","Defend_G","Strike_G","Strike_G","Strike_G","Strike_G+1","Strike_G","Survivor","Neutralize","Outmaneuver","Dagger Throw","Flying Knee","All Out Attack","PiercingWail","Deflect","Infinite Blades","Dagger Spray","Quick Slash"],"relics":["Ring of the Snake","Bottled Lightning"],"potions_floor_usage":[16,16,16],"damage_taken":[{"damage":5,"enemies":"Small Slimes","floor":1,"turns":4},{"damage":1,"enemies":"2 Louse","floor":3,"turns":3},{"damage":1,"enemies":"Cultist","floor":7,"turns":3},{"damage":0,"enemies":"3 Louse","floor":8,"turns":2},{"damage":4,"enemies":"Red Slaver","floor":10,"turns":4},{"damage":11,"enemies":"Looter","floor":11,"turns":4},{"damage":21,"enemies":"Large Slime","floor":13,"turns":8},{"damage":82,"enemies":"The Guardian","floor":16,"turns":12}],"seed_played":"18985883284957619","potions_obtained":[{"floor":1,"key":"Poison Potion"},{"floor":10,"key":"FearPotion"},{"floor":13,"key":"Dexterity Potion"}],"is_trial":false,"path_per_floor":["M","$","M","?","$","R","M","M","T","M","M","$","M","?","R","B"],"character_chosen":"THE_SILENT","items_purchased":["Dagger Throw","Dagger Spray"],"campfire_rested":2,"item_purchase_floors":[2,12],"current_hp_per_floor":[72,72,71,56,56,77,76,76,76,72,61,61,40,59,77,0],"gold":83,"neow_bonus":"TEN_PERCENT_HP_BONUS","is_prod":false,"is_daily":false,"chose_seed":false,"campfire_upgraded":0,"win_rate":0.0,"timestamp":1550904101,"path_taken":["M","$","M","?","$","R","M","M","T","M","M","$","M","?","R","BOSS"],"build_version":"2019-01-23","purchased_purges":0,"victory":false,"max_hp_per_floor":[77,77,77,77,77,77,77,77,77,77,77,77,77,77,77,77],"card_choices":[{"not_picked":["Infinite Blades","Flechettes"],"picked":"Outmaneuver","floor":1},{"not_picked":["Heel Hook","Outmaneuver"],"picked":"Flying Knee","floor":3},{"not_picked":["Dagger Spray","Flying Knee"],"picked":"All Out Attack","floor":7},{"not_picked":["Poisoned Stab","Heel Hook"],"picked":"PiercingWail","floor":8},{"not_picked":["Tactician","Dagger Throw"],"picked":"Deflect","floor":10},{"not_picked":["Heel Hook","Underhanded Strike"],"picked":"Infinite Blades","floor":11},{"not_picked":["After Image","Prepared"],"picked":"Quick Slash","floor":13}],"player_experience":1064,"relics_obtained":[{"floor":9,"key":"Bottled Lightning"}],"event_choices":[{"damage_healed":0,"gold_gain":0,"player_choice":"Entered Light","damage_taken":15,"max_hp_gain":0,"max_hp_loss":0,"event_name":"Shining Light","floor":4,"gold_loss":0,"cards_upgraded":["Strike_G","Defend_G"]},{"damage_healed":19,"gold_gain":0,"player_choice":"Healed","damage_taken":0,"max_hp_gain":0,"max_hp_loss":0,"event_name":"The Cleric","floor":14,"gold_loss":35}],"is_beta":false,"boss_relics":[],"items_purged_floors":[],"is_endless":false,"potions_floor_spawned":[1,10,13],"killed_by":"The Guardian","ascension_level":0}