{"gold_per_floor":[116,116,291,291,308,343,323,349,375,375,15,49,49,64,64,64],"floor_reached":16,"playtime":543,"items_purged":["Strike_B"],"score":148,"play_id":"ef2ab476-7bfe-493b-8bbe-c5849130f98b","local_time":"20190609143531","is_ascension_mode":true,"campfire_choices":[{"data":"Zap","floor":10,"key":"SMITH"},{"data":"Genetic Algorithm","floor":15,"key":"SMITH"}],"neow_cost":"NONE","seed_source_timestamp":5157987746505812,"circlet_count":0,"master_deck":["Strike_B","Strike_B","Strike_B+1","Defend_B","Defend_B+1","Defend_B+1","Defend_B","Zap+1","Dualcast+1","FTL","Doubt","Regret","Redo","Reprogram","Leap","Cold Snap","Genetic Algorithm+1"],"relics":["Cracked Core","NeowsBlessing","War Paint","Bottled Flame","Bottled Lightning","Strawberry","FossilizedHelix","Pen Nib"],"potions_floor_usage":[],"damage_taken":[{"damage":0,"enemies":"2 Louse","floor":1,"turns":1},{"damage":0,"enemies":"Small Slimes","floor":5,"turns":1},{"damage":0,"enemies":"Lagavulin","floor":6,"turns":1},{"damage":27,"enemies":"3 Sentries","floor":8,"turns":7},{"damage":51,"enemies":"Gremlin Nob","floor":12,"turns":5},{"damage":0,"enemies":"Cultist","floor":14,"turns":2},{"damage":8,"enemies":"The Guardian","floor":16,"turns":5}],"seed_played":"7044432902732115015","potions_obtained":[{"floor":1,"key":"SpeedPotion"},{"floor":5,"key":"FocusPotion"},{"floor":6,"key":"LiquidBronze"},{"floor":7,"key":"FairyPotion"},{"floor":12,"key":"Weak Potion"}],"is_trial":false,"path_per_floor":["M","?","?","?","M","E","?","E","T","R","$","E","$","M","R","B"],"character_chosen":"DEFECT","items_purchased":["FossilizedHelix"],"campfire_rested":0,"item_purchase_floors":[11],"current_hp_per_floor":[75,60,60,60,60,60,60,33,40,40,40,8,8,8,8,0],"gold":64,"neow_bonus":"THREE_ENEMY_KILL","is_prod":false,"is_daily":false,"chose_seed":false,"campfire_upgraded":2,"win_rate":0,"timestamp":1560105331,"path_taken":["M","?","?","?","M","E","?","E","T","R","$","E","$","?","R","BOSS"],"build_version":"2019-01-23","purchased_purges":1,"victory":false,"max_hp_per_floor":[75,75,75,75,75,75,75,75,82,82,82,82,82,82,82,82],"card_choices":[{"not_picked":["Cold Snap","Storm"],"picked":"FTL","floor":1},{"not_picked":["Steam","Aggregate"],"picked":"Redo","floor":5},{"not_picked":["Aggregate","Consume"],"picked":"Reprogram","floor":6},{"not_picked":["Barrage","Doom and Gloom"],"picked":"Leap","floor":8},{"not_picked":["Conserve Battery","Hologram"],"picked":"Cold Snap","floor":12},{"not_picked":["FTL","Redo"],"picked":"Genetic Algorithm","floor":14}],"player_experience":220246,"relics_obtained":[{"floor":6,"key":"Bottled Flame"},{"floor":8,"key":"Bottled Lightning"},{"floor":9,"key":"Strawberry"},{"floor":12,"key":"Pen Nib"}],"event_choices":[{"damage_healed":0,"gold_gain":0,"player_choice":"Entered Light","damage_taken":15,"max_hp_gain":0,"max_hp_loss":0,"event_name":"Shining Light","floor":2,"gold_loss":0,"cards_upgraded":["Defend_B","Strike_B"]},{"damage_healed":0,"gold_gain":175,"player_choice":"AGREE","damage_taken":0,"max_hp_gain":0,"max_hp_loss":0,"event_name":"Liars Game","floor":3,"gold_loss":0,"cards_obtained":["Doubt"]},{"damage_healed":0,"gold_gain":0,"player_choice":"Box","damage_taken":0,"relics_obtained":["War Paint"],"max_hp_gain":0,"max_hp_loss":0,"event_name":"Big Fish","floor":4,"gold_loss":0,"cards_obtained":["Regret"]},{"damage_healed":0,"gold_gain":0,"player_choice":"Bought 1 Potion","damage_taken":0,"max_hp_gain":0,"max_hp_loss":0,"event_name":"The Woman in Blue","floor":7,"gold_loss":0}],"is_beta":false,"boss_relics":[],"items_purged_floors":[11],"is_endless":false,"potions_floor_spawned":[1,5,6,12],"killed_by":"The Guardian","ascension_level":1}