{"gold_per_floor":[114,114,114,134,151,178,237,237,264,264,293,305],"floor_reached":12,"playtime":290,"items_purged":[],"score":86,"play_id":"e450cc02-54a4-451d-917c-e7c83ee98545","local_time":"20190608210216","is_ascension_mode":true,"campfire_choices":[{"data":"Sword Boomerang","floor":8,"key":"SMITH"}],"neow_cost":"NONE","seed_source_timestamp":187566942218754,"circlet_count":0,"master_deck":["Strike_R","Strike_R","Strike_R","Strike_R","Strike_R","Defend_R","Defend_R","Defend_R","Defend_R","Bash","Thunderclap","Infernal Blade","Flex","Sword Boomerang+1","Disarm"],"relics":["Burning Blood","NeowsBlessing","Happy Flower","CultistMask","Frozen Egg 2","Bronze Scales","Dream Catcher","MawBank"],"potions_floor_usage":[6,6],"damage_taken":[{"damage":0,"enemies":"Cultist","floor":1,"turns":1},{"damage":0,"enemies":"Small Slimes","floor":4,"turns":1},{"damage":0,"enemies":"2 Louse","floor":5,"turns":1},{"damage":15,"enemies":"Gremlin Nob","floor":6,"turns":3},{"damage":50,"enemies":"Lagavulin Event","floor":7,"turns":6},{"damage":11,"enemies":"Blue Slaver","floor":11,"turns":3},{"damage":0,"enemies":"3 Sentries","floor":12,"turns":1}],"seed_played":"-3257902177797247030","potions_obtained":[{"floor":4,"key":"Poison Potion"},{"floor":5,"key":"Fire Potion"},{"floor":7,"key":"SteroidPotion"},{"floor":11,"key":"Poison Potion"}],"is_trial":false,"path_per_floor":["M","T","?","M","M","E","?","R","T","?","M","E"],"character_chosen":"IRONCLAD","items_purchased":[],"campfire_rested":0,"item_purchase_floors":[],"current_hp_per_floor":[80,80,80,80,80,71,27,27,27,27,22,22],"gold":305,"neow_bonus":"THREE_ENEMY_KILL","is_prod":false,"is_daily":false,"chose_seed":false,"campfire_upgraded":1,"win_rate":0,"timestamp":1560045736,"path_taken":["M","?","?","M","?","E","?","R","T","?","?","E"],"build_version":"2019-01-23","purchased_purges":0,"victory":false,"max_hp_per_floor":[80,80,80,80,80,80,80,80,80,80,80,80],"card_choices":[{"not_picked":["Cleave","Anger"],"picked":"Thunderclap","floor":1},{"not_picked":["Wild Strike","Rage"],"picked":"Infernal Blade","floor":4},{"not_picked":["Cleave","Anger"],"picked":"Flex","floor":5},{"not_picked":["Wild Strike","Bludgeon"],"picked":"Sword Boomerang","floor":6},{"not_picked":["True Grit","Cleave"],"picked":"Disarm","floor":11}],"player_experience":137040,"relics_obtained":[{"floor":2,"key":"Happy Flower"},{"floor":6,"key":"Frozen Egg 2"},{"floor":7,"key":"Bronze Scales"},{"floor":9,"key":"Dream Catcher"}],"event_choices":[{"damage_healed":0,"gold_gain":0,"player_choice":"Trade","damage_taken":0,"relics_obtained":["CultistMask"],"max_hp_gain":0,"max_hp_loss":0,"event_name":"FaceTrader","floor":3,"gold_loss":0},{"damage_healed":0,"gold_gain":30,"player_choice":"Searched \u00272\u0027 times","damage_taken":0,"max_hp_gain":0,"max_hp_loss":0,"event_name":"Dead Adventurer","floor":7,"gold_loss":0},{"damage_healed":0,"gold_gain":0,"player_choice":"Gave Potion","damage_taken":0,"relics_obtained":["MawBank"],"max_hp_gain":0,"max_hp_loss":0,"event_name":"WeMeetAgain","floor":10,"gold_loss":0}],"is_beta":false,"boss_relics":[],"items_purged_floors":[],"is_endless":false,"potions_floor_spawned":[4,5,7,11],"killed_by":"3 Sentries","ascension_level":2}