{"gold_per_floor":[119,134,147,159,179,179,195,195,220,220,235,254,254,272,272,343,343,357,343,47,47],"floor_reached":21,"playtime":1076,"items_purged":["Strike_G"],"score":292,"play_id":"a6fe4b38-0ddf-4f2f-82a7-533dd587fa35","local_time":"20190624135303","is_ascension_mode":true,"campfire_choices":[{"floor":6,"key":"REST"},{"floor":8,"key":"REST"},{"data":"Malaise","floor":15,"key":"SMITH"}],"neow_cost":"NONE","seed_source_timestamp":267793018338400,"circlet_count":0,"master_deck":["AscendersBane","Defend_G","Defend_G","Defend_G","Defend_G","Defend_G","Strike_G","Strike_G","Strike_G","Strike_G","Survivor","Neutralize","Malaise+1","Catalyst","Dagger Throw","Noxious Fumes","Deadly Poison","Cloak And Dagger","Catalyst","Blur","Masterful Stab","Deadly Poison","Envenom","Catalyst","Dagger Throw","Bouncing Flask"],"relics":["Ring of the Snake","Centennial Puzzle","Boot","Sozu","PreservedInsect"],"potions_floor_usage":[4,5,11,14,16,16],"damage_taken":[{"damage":3,"enemies":"Cultist","floor":1,"turns":6},{"damage":12,"enemies":"Jaw Worm","floor":2,"turns":6},{"damage":0,"enemies":"2 Louse","floor":3,"turns":5},{"damage":33,"enemies":"Gremlin Gang","floor":4,"turns":7},{"damage":0,"enemies":"2 Fungi Beasts","floor":5,"turns":3},{"damage":4,"enemies":"Red Slaver","floor":7,"turns":4},{"damage":7,"enemies":"Gremlin Gang","floor":11,"turns":5},{"damage":4,"enemies":"Blue Slaver","floor":12,"turns":4},{"damage":8,"enemies":"3 Louse","floor":14,"turns":4},{"damage":2,"enemies":"Hexaghost","floor":16,"turns":7},{"damage":19,"enemies":"Spheric Guardian","floor":18,"turns":4},{"damage":21,"enemies":"2 Thieves","floor":19,"turns":5},{"damage":34,"enemies":"3 Cultists","floor":21,"turns":4}],"seed_played":"-2391841771040558523","potions_obtained":[{"floor":3,"key":"Weak Potion"},{"floor":4,"key":"Explosive Potion"},{"floor":5,"key":"LiquidBronze"},{"floor":13,"key":"Poison Potion"},{"floor":13,"key":"Regen Potion"},{"floor":14,"key":"Block Potion"}],"is_trial":false,"path_per_floor":["M","M","M","M","M","R","M","R","T","?","M","M","?","M","R","B",null,"M","M","$","M"],"character_chosen":"THE_SILENT","items_purchased":["PreservedInsect","Bouncing Flask"],"campfire_rested":2,"item_purchase_floors":[20,20],"current_hp_per_floor":[60,48,48,15,15,36,32,53,53,53,46,42,42,48,48,46,64,45,24,24,0],"gold":47,"neow_bonus":"ONE_RANDOM_RARE_CARD","is_prod":false,"is_daily":false,"chose_seed":false,"campfire_upgraded":1,"win_rate":0,"timestamp":1561398783,"path_taken":["M","M","M","M","?","R","M","R","T","?","M","M","?","M","R","BOSS","M","?","$","M"],"build_version":"2019-01-23","purchased_purges":1,"victory":false,"max_hp_per_floor":[70,70,70,70,70,70,70,70,70,70,70,70,70,70,70,70,70,70,70,70,70],"card_choices":[{"not_picked":["Bane","Caltrops"],"picked":"Catalyst","floor":1},{"not_picked":["Reflex","Deflect"],"picked":"Dagger Throw","floor":2},{"not_picked":["Deadly Poison","Finisher"],"picked":"Noxious Fumes","floor":3},{"not_picked":["Distraction","Dodge and Roll"],"picked":"Deadly Poison","floor":4},{"not_picked":["Acrobatics","Eviscerate"],"picked":"Cloak And Dagger","floor":5},{"not_picked":["Doppelganger","Calculated Gamble"],"picked":"Catalyst","floor":7},{"not_picked":["Predator","Dagger Spray"],"picked":"Blur","floor":11},{"not_picked":["Tactician","Cloak And Dagger"],"picked":"Masterful Stab","floor":12},{"not_picked":["Endless Agony","Sucker Punch"],"picked":"Deadly Poison","floor":14},{"not_picked":["Tools of the Trade","Bullet Time"],"picked":"Envenom","floor":16},{"not_picked":["Concentrate","Noxious Fumes"],"picked":"Catalyst","floor":18},{"not_picked":["Quick Slash","Choke"],"picked":"Dagger Throw","floor":19}],"player_experience":1342132,"relics_obtained":[{"floor":9,"key":"Centennial Puzzle"}],"event_choices":[{"damage_healed":0,"gold_gain":0,"player_choice":"Searched \u00271\u0027 times","damage_taken":0,"relics_obtained":["Boot"],"max_hp_gain":0,"max_hp_loss":0,"event_name":"Dead Adventurer","floor":10,"gold_loss":0},{"damage_healed":0,"gold_gain":0,"player_choice":"Got Potions","damage_taken":0,"max_hp_gain":0,"max_hp_loss":0,"event_name":"Lab","floor":13,"gold_loss":0}],"is_beta":false,"boss_relics":[{"not_picked":["Ectoplasm","Runic Pyramid"],"picked":"Sozu"}],"items_purged_floors":[20],"is_endless":false,"potions_floor_spawned":[3,4,5,14,18],"killed_by":"3 Cultists","ascension_level":13}