{"gold_per_floor":[111,111,130,130,77,77,106,117,117,145,161,188,188,204,204,276,276,295,245,66,66,82,82,102,137,189,189,203,214,246,246,246,323,323,342,352,352,90,90],"floor_reached":39,"playtime":3061,"items_purged":[],"score":953,"play_id":"57e422d4-2690-4b78-a970-74c087e8b97d","local_time":"20190623163327","is_ascension_mode":true,"campfire_choices":[{"data":"Inflame","floor":6,"key":"SMITH"},{"data":"Armaments","floor":13,"key":"SMITH"},{"data":"Searing Blow","floor":15,"key":"SMITH"},{"data":"Heavy Blade","floor":23,"key":"SMITH"},{"data":"Offering","floor":32,"key":"SMITH"}],"neow_cost":"NONE","seed_source_timestamp":521641186637061,"circlet_count":0,"master_deck":["AscendersBane","Defend_R","Defend_R","Defend_R","Defend_R","Bash+1","Inflame+1","Anger","Carnage+1","Armaments+1","Pummel","Battle Trance","Searing Blow+1","True Grit","Demon Form+1","Corruption","Reaper","Heavy Blade+1","Offering+1","Bite","Bite","Bite","Bite","Bite","Rage+1","Flame Barrier","Writhe","Reaper","Warcry+1","Havoc","Feed","Headbutt","Limit Break","Feel No Pain"],"relics":["Burning Blood","NeowsBlessing","NlothsMask","Question Card","Boot","Ancient Tea Set","Pear","Coffee Dripper","Kunai","Whetstone","Gremlin Horn","Sundial","Orrery"],"potions_floor_usage":[10,12,16,22,30,33,36],"damage_taken":[{"damage":0,"enemies":"Jaw Worm","floor":1,"turns":1},{"damage":0,"enemies":"Cultist","floor":3,"turns":1},{"damage":0,"enemies":"3 Sentries","floor":7,"turns":2},{"damage":9,"enemies":"2 Louse","floor":8,"turns":3},{"damage":35,"enemies":"Lagavulin","floor":10,"turns":6},{"damage":25,"enemies":"Exordium Thugs","floor":11,"turns":4},{"damage":11,"enemies":"Gremlin Nob","floor":12,"turns":3},{"damage":7,"enemies":"Exordium Wildlife","floor":14,"turns":3},{"damage":15,"enemies":"Hexaghost","floor":16,"turns":7},{"damage":7,"enemies":"Spheric Guardian","floor":18,"turns":4},{"damage":25,"enemies":"Shell Parasite","floor":22,"turns":4},{"damage":8,"enemies":"Snecko","floor":24,"turns":4},{"damage":64,"enemies":"Book of Stabbing","floor":25,"turns":5},{"damage":17,"enemies":"3 Cultists","floor":28,"turns":4},{"damage":8,"enemies":"Centurion and Healer","floor":29,"turns":10},{"damage":14,"enemies":"Gremlin Leader","floor":30,"turns":4},{"damage":47,"enemies":"Collector","floor":33,"turns":6},{"damage":49,"enemies":"3 Darklings","floor":35,"turns":6},{"damage":29,"enemies":"3 Shapes","floor":36,"turns":5},{"damage":76,"enemies":"Transient","floor":39,"turns":4}],"seed_played":"6865246860967953058","potions_obtained":[{"floor":7,"key":"SpeedPotion"},{"floor":11,"key":"FearPotion"},{"floor":12,"key":"AttackPotion"},{"floor":14,"key":"LiquidBronze"},{"floor":18,"key":"Energy Potion"},{"floor":28,"key":"Explosive Potion"},{"floor":30,"key":"FearPotion"},{"floor":35,"key":"Poison Potion"}],"is_trial":false,"path_per_floor":["M","?","M","T","$","R","E","M","T","E","M","E","R","M","R","B",null,"M","?","$","?","M","R","M","E","T","?","M","M","E","?","R","B",null,"M","M","?","$","M"],"character_chosen":"IRONCLAD","items_purchased":["Anger","Reaper","Limit Break","Feel No Pain"],"campfire_rested":0,"item_purchase_floors":[5,20,38,38],"current_hp_per_floor":[74,74,75,75,75,75,75,72,72,43,24,29,29,28,28,19,69,68,68,68,68,56,56,65,14,14,14,19,55,59,59,59,33,53,41,48,48,48,0],"gold":90,"neow_bonus":"THREE_ENEMY_KILL","is_prod":false,"is_daily":false,"chose_seed":false,"campfire_upgraded":5,"win_rate":0,"timestamp":1561318407,"path_taken":["M","?","?","?","$","R","E","?","T","E","M","E","R","M","R","BOSS","M","?","?","?","M","R","?","E","T","?","M","M","E","?","R","BOSS","M","M","?","$","M"],"build_version":"2019-01-23","purchased_purges":0,"victory":false,"max_hp_per_floor":[75,75,75,75,75,75,75,75,75,75,75,85,85,85,85,85,85,85,85,85,85,85,85,85,85,85,59,59,59,59,59,59,59,59,59,62,62,62,62],"card_choices":[{"not_picked":["Clash","Reckless Charge"],"picked":"Inflame","floor":1},{"not_picked":["Wild Strike","Reckless Charge"],"picked":"Pummel","floor":3},{"not_picked":["Seeing Red","Wild Strike"],"picked":"Carnage","floor":7},{"not_picked":["Cleave","Heavy Blade","Clothesline"],"picked":"Armaments","floor":8},{"not_picked":["Clash","Rage","Pommel Strike"],"picked":"Pummel","floor":10},{"not_picked":["Cleave","Whirlwind","Headbutt"],"picked":"Battle Trance","floor":11},{"not_picked":["Armaments","Cleave","Iron Wave"],"picked":"Searing Blow","floor":12},{"not_picked":["Thunderclap","Pommel Strike","Carnage"],"picked":"True Grit","floor":14},{"not_picked":["Immolate","Juggernaut","Offering"],"picked":"Demon Form","floor":16},{"not_picked":["Wild Strike","Sword Boomerang","Iron Wave"],"picked":"Corruption","floor":18},{"not_picked":["Rampage","Sever Soul+1","Warcry"],"picked":"Heavy Blade","floor":22},{"not_picked":["Pommel Strike","Flex","Iron Wave","Heavy Blade"],"picked":"SKIP","floor":24},{"not_picked":["Cleave","Heavy Blade","Body Slam"],"picked":"Offering","floor":25},{"not_picked":["Sword Boomerang","Uppercut","Intimidate"],"picked":"Rage+1","floor":28},{"not_picked":["Wild Strike","Iron Wave","Thunderclap","Rupture"],"picked":"SKIP","floor":29},{"not_picked":["Perfected Strike","Hemokinesis+1","Pommel Strike"],"picked":"Flame Barrier","floor":30},{"not_picked":["Immolate","Impervious","Double Tap"],"picked":"Reaper","floor":33},{"not_picked":["Intimidate","Blood for Blood","Rampage"],"picked":"Warcry+1","floor":34},{"not_picked":["Clash","Flex","Pommel Strike"],"picked":"Havoc","floor":34},{"not_picked":["Body Slam","Twin Strike","Battle Trance"],"picked":"Feed","floor":35},{"not_picked":["Pummel","Warcry","Carnage+1"],"picked":"Headbutt","floor":36}],"player_experience":1161795,"relics_obtained":[{"floor":7,"key":"Question Card"},{"floor":9,"key":"Boot"},{"floor":10,"key":"Ancient Tea Set"},{"floor":12,"key":"Pear"},{"floor":21,"key":"Kunai"},{"floor":25,"key":"Whetstone"},{"floor":30,"key":"Gremlin Horn"}],"event_choices":[{"damage_healed":0,"gold_gain":0,"player_choice":"Trade","damage_taken":0,"relics_obtained":["NlothsMask"],"max_hp_gain":0,"max_hp_loss":0,"event_name":"FaceTrader","floor":2,"gold_loss":0},{"damage_healed":0,"gold_gain":0,"player_choice":"Upgrade","damage_taken":0,"max_hp_gain":0,"max_hp_loss":0,"event_name":"Designer","floor":19,"gold_loss":50,"cards_upgraded":["Demon Form"]},{"damage_healed":0,"gold_gain":0,"player_choice":"Relic","damage_taken":0,"max_hp_gain":0,"max_hp_loss":0,"event_name":"Wheel of Change","floor":21,"gold_loss":0},{"damage_healed":0,"gold_gain":0,"player_choice":"Became a vampire","damage_taken":0,"max_hp_gain":0,"max_hp_loss":26,"event_name":"Vampires","floor":27,"gold_loss":0,"cards_obtained":["Bite","Bite","Bite","Bite","Bite"]},{"damage_healed":0,"gold_gain":0,"player_choice":"Opened","damage_taken":0,"relics_obtained":["Sundial"],"max_hp_gain":0,"max_hp_loss":0,"event_name":"The Mausoleum","floor":31,"gold_loss":0,"cards_obtained":["Writhe"]},{"cards_removed":["Pummel"],"damage_healed":0,"gold_gain":0,"player_choice":"Removed Attack","damage_taken":0,"max_hp_gain":0,"max_hp_loss":0,"event_name":"Falling","floor":37,"gold_loss":0}],"is_beta":false,"boss_relics":[{"not_picked":["Calling Bell","Pandora\u0027s Box"],"picked":"Coffee Dripper"},{"not_picked":["Lizard Tail","Sozu"],"picked":"Orrery"}],"items_purged_floors":[],"is_endless":false,"potions_floor_spawned":[7,11,12,14,18,28,30,35],"killed_by":"Transient","ascension_level":20}