{"gold_per_floor":[116,135,3,3,3,3,32,60,122,134,166,178,203,10,10,85,85,64,64,64,77,77,108,108,22,67,67,67,82,111,111,111,183,183,200,1199,1209,207,220,220,220],"floor_reached":41,"playtime":3449,"items_purged":["Strike_G","Normality"],"score":931,"play_id":"9acf82d9-166d-46d7-8f16-53464713d799","local_time":"20190626154731","is_ascension_mode":true,"campfire_choices":[{"floor":6,"key":"REST"},{"data":"Footwork","floor":10,"key":"SMITH"},{"floor":15,"key":"REST"},{"data":"Burst","floor":24,"key":"SMITH"},{"data":"Noxious Fumes","floor":28,"key":"SMITH"},{"floor":32,"key":"REST"},{"data":"Catalyst","floor":40,"key":"SMITH"}],"neow_cost":"PERCENT_DAMAGE","seed_source_timestamp":61369062985565,"circlet_count":0,"master_deck":["AscendersBane","Defend_G","Defend_G","Defend_G","Defend_G","Defend_G","Strike_G+1","Survivor","Neutralize+1","PiercingWail","Poisoned Stab+1","PiercingWail","Footwork+1","Unload","PiercingWail","Leg Sweep","Deadly Poison","Caltrops","Burst+1","Concentrate","Tools of the Trade","Backflip","Deadly Poison","Noxious Fumes+1","Acrobatics","Catalyst+1","Wraith Form v2","Normality","PiercingWail"],"relics":["Ring of the Snake","The Specimen","MawBank","Juzu Bracelet","Velvet Choker","Lantern","Dream Catcher","Snake Skull","Busted Crown","Strange Spoon","Mango","Pantograph"],"potions_floor_usage":[7,23,29,30,30,37,41],"damage_taken":[{"damage":10,"enemies":"Small Slimes","floor":1,"turns":5},{"damage":3,"enemies":"2 Louse","floor":2,"turns":4},{"damage":13,"enemies":"Lagavulin","floor":7,"turns":9},{"damage":0,"enemies":"Cultist","floor":8,"turns":3},{"damage":0,"enemies":"Looter","floor":11,"turns":4},{"damage":1,"enemies":"Blue Slaver","floor":13,"turns":4},{"damage":30,"enemies":"Hexaghost","floor":16,"turns":12},{"damage":13,"enemies":"2 Thieves","floor":18,"turns":4},{"damage":0,"enemies":"Spheric Guardian","floor":21,"turns":7},{"damage":1,"enemies":"Book of Stabbing","floor":23,"turns":6},{"damage":15,"enemies":"Snake Plant","floor":29,"turns":4},{"damage":7,"enemies":"Slavers","floor":30,"turns":4},{"damage":7,"enemies":"Colosseum Slavers","floor":31,"turns":4},{"damage":36,"enemies":"Champ","floor":33,"turns":13},{"damage":10,"enemies":"3 Darklings","floor":35,"turns":7},{"damage":3,"enemies":"Orb Walker","floor":37,"turns":5},{"damage":0,"enemies":"4 Shapes","floor":39,"turns":7},{"damage":77,"enemies":"Reptomancer","floor":41,"turns":3}],"seed_played":"-8739181521995721916","potions_obtained":[{"floor":2,"key":"Fire Potion"},{"floor":7,"key":"Explosive Potion"},{"floor":8,"key":"Swift Potion"},{"floor":22,"key":"Dexterity Potion"},{"floor":23,"key":"SneckoOil"},{"floor":29,"key":"LiquidBronze"},{"floor":33,"key":"EssenceOfSteel"}],"is_trial":false,"path_per_floor":["M","M","$","?","?","R","E","M","T","R","M","?","M","$","R","B",null,"M","?","?","M","?","E","R","$","T","?","R","M","E","?","R","B",null,"M","?","M","$","M","R","E"],"character_chosen":"THE_SILENT","items_purchased":["PiercingWail","Footwork","Deadly Poison","Caltrops","Noxious Fumes","Strange Spoon","Mango","Pantograph","PowerPotion"],"campfire_rested":3,"item_purchase_floors":[3,3,14,14,25,38,38,38,38],"current_hp_per_floor":[34,31,31,11,11,30,17,17,17,17,17,17,16,16,35,5,51,38,38,51,51,51,50,50,50,50,50,50,35,28,21,40,4,51,41,41,38,52,52,52,0],"gold":220,"neow_bonus":"ONE_RARE_RELIC","is_prod":false,"is_daily":false,"chose_seed":false,"campfire_upgraded":4,"win_rate":0,"timestamp":1561578451,"path_taken":["M","M","$","?","?","R","E","?","T","R","M","?","M","$","R","BOSS","M","?","?","M","?","E","R","$","T","?","R","M","E","?","R","BOSS","M","?","M","$","M","R","E"],"build_version":"2019-01-23","purchased_purges":2,"victory":false,"max_hp_per_floor":[66,66,66,66,66,66,66,66,66,66,66,66,66,66,66,66,66,66,66,66,66,66,66,66,66,66,66,66,66,66,66,66,66,66,66,66,66,80,80,80,80],"card_choices":[{"not_picked":["Outmaneuver","Heel Hook"],"picked":"PiercingWail","floor":1},{"not_picked":["Dagger Spray","Predator"],"picked":"Poisoned Stab","floor":2},{"not_picked":["Dagger Throw","Dodge and Roll"],"picked":"Unload","floor":7},{"not_picked":["Deflect","Riddle With Holes"],"picked":"PiercingWail","floor":8},{"not_picked":["Quick Slash","Prepared"],"picked":"Leg Sweep","floor":11},{"not_picked":["Underhanded Strike","Choke","Dodge and Roll"],"picked":"SKIP","floor":13},{"not_picked":["Die Die Die","Grand Finale"],"picked":"Burst","floor":16},{"not_picked":["Deflect","Dagger Spray","Acrobatics"],"picked":"SKIP","floor":18},{"not_picked":["Masterful Stab","Tools of the Trade"],"picked":"Backflip","floor":21},{"not_picked":["Dodge and Roll","Glass Knife"],"picked":"Deadly Poison","floor":23},{"not_picked":["Underhanded Strike","Expertise","Outmaneuver"],"picked":"SKIP","floor":29},{"not_picked":["Flying Knee+1","A Thousand Cuts"],"picked":"Acrobatics","floor":30},{"not_picked":["Slice+1","Deadly Poison"],"picked":"Catalyst","floor":32},{"not_picked":["Die Die Die","Envenom"],"picked":"Wraith Form v2","floor":33},{"not_picked":["Outmaneuver"],"picked":"SKIP","floor":35},{"not_picked":["Blade Dance"],"picked":"SKIP","floor":37},{"not_picked":[],"picked":"PiercingWail","floor":39}],"player_experience":720863,"relics_obtained":[{"floor":7,"key":"MawBank"},{"floor":9,"key":"Juzu Bracelet"},{"floor":23,"key":"Lantern"},{"floor":26,"key":"Dream Catcher"},{"floor":30,"key":"Snake Skull"}],"event_choices":[{"damage_healed":0,"gold_gain":0,"player_choice":"Entered Light","damage_taken":20,"max_hp_gain":0,"max_hp_loss":0,"event_name":"Shining Light","floor":4,"gold_loss":0,"cards_upgraded":["Neutralize","Strike_G"]},{"damage_healed":0,"gold_gain":0,"player_choice":"Forge","damage_taken":0,"max_hp_gain":0,"max_hp_loss":0,"event_name":"Accursed Blacksmith","floor":5,"gold_loss":0,"cards_upgraded":["Poisoned Stab"]},{"damage_healed":0,"gold_gain":0,"player_choice":"Fled","damage_taken":0,"max_hp_gain":0,"max_hp_loss":0,"event_name":"Scrap Ooze","floor":12,"gold_loss":0},{"damage_healed":0,"gold_gain":0,"cards_transformed":["Strike_G","Strike_G"],"player_choice":"Became Test Subject","damage_taken":0,"max_hp_gain":0,"max_hp_loss":0,"event_name":"Drug Dealer","floor":19,"gold_loss":0,"cards_obtained":["Concentrate","Tools of the Trade"]},{"damage_healed":13,"gold_gain":0,"player_choice":"Heal","damage_taken":0,"max_hp_gain":0,"max_hp_loss":0,"event_name":"The Library","floor":20,"gold_loss":0},{"damage_healed":0,"gold_gain":0,"player_choice":"Got Potions","damage_taken":0,"max_hp_gain":0,"max_hp_loss":0,"event_name":"Lab","floor":22,"gold_loss":0},{"cards_removed":["Strike_G"],"damage_healed":0,"gold_gain":0,"player_choice":"Purged","damage_taken":0,"max_hp_gain":0,"max_hp_loss":0,"event_name":"Purifier","floor":27,"gold_loss":0},{"damage_healed":0,"gold_gain":0,"player_choice":"Fight","damage_taken":0,"max_hp_gain":0,"max_hp_loss":0,"event_name":"Colosseum","floor":31,"gold_loss":0},{"damage_healed":0,"gold_gain":0,"player_choice":"Fled From Nobs","damage_taken":0,"max_hp_gain":0,"max_hp_loss":0,"event_name":"Colosseum","floor":31,"gold_loss":0},{"damage_healed":0,"gold_gain":999,"player_choice":"Gold","damage_taken":0,"max_hp_gain":0,"max_hp_loss":0,"event_name":"MindBloom","floor":36,"gold_loss":0,"cards_obtained":["Normality","Normality"]}],"is_beta":false,"boss_relics":[{"not_picked":["Empty Cage","Black Star"],"picked":"Velvet Choker"},{"not_picked":["Coffee Dripper","Ring of the Serpent"],"picked":"Busted Crown"}],"items_purged_floors":[14,38],"is_endless":false,"potions_floor_spawned":[2,7,8,23,29,33],"killed_by":"Reptomancer","ascension_level":19}