{"gold_per_floor":[115,126,144,155,168,197,207,207,207,221,240,252,48,74,74,177,177,193,206,305,255,268,268],"floor_reached":23,"playtime":1243,"items_purged":[],"score":334,"play_id":"dbeefbbc-b728-4eb6-b488-1a203e4a9b27","local_time":"20190622140422","is_ascension_mode":true,"campfire_choices":[{"floor":8,"key":"REST"},{"floor":15,"key":"REST"}],"neow_cost":"NONE","seed_source_timestamp":428114064841803,"circlet_count":0,"master_deck":["AscendersBane","Zap+1","Dualcast","Streamline","Barrage","Ball Lightning","Rebound","Conserve Battery","Sweeping Beam","Melter","Steam","Ball Lightning","Coolheaded","Machine Learning","Darkness","Lockon","Steam Power","White Noise","Auto Shields","Aggregate","Redo","Machine Learning","Hologram+1","Defragment"],"relics":["Cracked Core","Bottled Lightning","Symbiotic Virus","ClockworkSouvenir","Mango","Pandora\u0027s Box"],"potions_floor_usage":[6,12,16,23,23],"damage_taken":[{"damage":1,"enemies":"Cultist","floor":1,"turns":3},{"damage":0,"enemies":"2 Louse","floor":2,"turns":2},{"damage":7,"enemies":"Jaw Worm","floor":3,"turns":3},{"damage":14,"enemies":"3 Louse","floor":4,"turns":3},{"damage":17,"enemies":"Looter","floor":5,"turns":3},{"damage":23,"enemies":"3 Sentries","floor":6,"turns":5},{"damage":0,"enemies":"Large Slime","floor":7,"turns":4},{"damage":14,"enemies":"Exordium Thugs","floor":10,"turns":2},{"damage":4,"enemies":"Looter","floor":11,"turns":2},{"damage":0,"enemies":"Large Slime","floor":12,"turns":3},{"damage":9,"enemies":"Lagavulin","floor":14,"turns":4},{"damage":31,"enemies":"Hexaghost","floor":16,"turns":9},{"damage":11,"enemies":"Spheric Guardian","floor":18,"turns":3},{"damage":7,"enemies":"Chosen","floor":19,"turns":5},{"damage":35,"enemies":"Snake Plant","floor":22,"turns":3},{"damage":19,"enemies":"Gremlin Leader","floor":23,"turns":5}],"seed_played":"-418085352454895046","potions_obtained":[{"floor":2,"key":"FocusPotion"},{"floor":6,"key":"FairyPotion"},{"floor":7,"key":"Energy Potion"},{"floor":10,"key":"AttackPotion"},{"floor":12,"key":"Explosive Potion"},{"floor":16,"key":"Dexterity Potion"}],"is_trial":false,"path_per_floor":["M","M","M","M","M","E","M","R","T","M","M","M","$","E","R","B",null,"M","M","?","?","M","E"],"character_chosen":"DEFECT","items_purchased":["ClockworkSouvenir"],"campfire_rested":2,"item_purchase_floors":[13],"current_hp_per_floor":[67,67,60,46,29,6,6,28,28,14,10,10,10,15,41,10,69,58,51,51,51,16,0],"gold":268,"neow_bonus":"UPGRADE_CARD","is_prod":false,"is_daily":false,"chose_seed":false,"campfire_upgraded":0,"win_rate":0,"timestamp":1561223062,"path_taken":["M","M","M","M","M","E","M","R","T","M","?","?","?","E","R","BOSS","M","?","?","?","M","E"],"build_version":"2019-01-23","purchased_purges":0,"victory":false,"max_hp_per_floor":[75,75,75,75,75,75,75,75,75,75,75,75,75,89,89,89,89,89,89,89,89,89,89],"card_choices":[{"not_picked":["Barrage","Hologram"],"picked":"Streamline","floor":1},{"not_picked":["White Noise","Capacitor"],"picked":"Barrage","floor":2},{"not_picked":["Storm","Gash"],"picked":"Ball Lightning","floor":3},{"not_picked":["BootSequence","Beam Cell"],"picked":"Rebound","floor":4},{"not_picked":["Tempest","Aggregate"],"picked":"Conserve Battery","floor":5},{"not_picked":["Go for the Eyes","Tempest"],"picked":"Sweeping Beam","floor":6},{"not_picked":["Streamline","Sweeping Beam","Rebound"],"picked":"SKIP","floor":7},{"not_picked":["Static Discharge","Sunder"],"picked":"Melter","floor":10},{"not_picked":["Hello World","Gash"],"picked":"Steam","floor":11},{"not_picked":["Gash","Echo Form"],"picked":"Ball Lightning","floor":12},{"not_picked":["Cold Snap","Steam"],"picked":"Coolheaded","floor":14},{"not_picked":["Buffer","Hyperbeam"],"picked":"Machine Learning","floor":16},{"not_picked":["Turbo","Storm"],"picked":"Hologram+1","floor":18},{"not_picked":["Stack","Turbo"],"picked":"Defragment","floor":19},{"not_picked":["Ball Lightning","Streamline","Rebound+1"],"picked":"SKIP","floor":22},{"not_picked":["Ball Lightning","Streamline","Rebound+1"],"picked":"SKIP","floor":22}],"player_experience":1143210,"relics_obtained":[{"floor":6,"key":"Bottled Lightning"},{"floor":9,"key":"Symbiotic Virus"},{"floor":14,"key":"Mango"}],"event_choices":[{"damage_healed":0,"gold_gain":99,"player_choice":"Stole From Cult","damage_taken":0,"max_hp_gain":0,"max_hp_loss":0,"event_name":"Nest","floor":20,"gold_loss":0},{"damage_healed":0,"gold_gain":0,"player_choice":"Bet on Owner","damage_taken":0,"max_hp_gain":0,"max_hp_loss":0,"event_name":"The Joust","floor":21,"gold_loss":50}],"is_beta":false,"boss_relics":[{"not_picked":["Eternal Feather","Cursed Key"],"picked":"Pandora\u0027s Box"}],"items_purged_floors":[],"is_endless":false,"potions_floor_spawned":[2,6,7,10,12,16,22],"killed_by":"Gremlin Leader","ascension_level":12}