{"gold_per_floor":[112,124,141,141,152,187,187,218,218,218,218],"floor_reached":11,"playtime":388,"items_purged":[],"score":141,"play_id":"c21205cc-3cd8-490c-a3b3-ffd692e55afd","local_time":"20190624150444","is_ascension_mode":true,"campfire_choices":[{"floor":7,"key":"REST"},{"floor":10,"key":"REST"}],"neow_cost":"NONE","seed_source_timestamp":272782934734100,"circlet_count":0,"master_deck":["AscendersBane","Defend_G","Defend_G","Defend_G","Defend_G","Defend_G","Strike_G","Strike_G","Strike_G","Strike_G","Survivor","Neutralize","Deadly Poison","Bouncing Flask","Noxious Fumes","Blur","Poisoned Stab","Footwork","Sucker Punch"],"relics":["Ring of the Snake","Paper Crane","Juzu Bracelet","Bottled Tornado","Matryoshka"],"potions_floor_usage":[5,5],"damage_taken":[{"damage":0,"enemies":"Jaw Worm","floor":1,"turns":4},{"damage":0,"enemies":"Cultist","floor":2,"turns":3},{"damage":1,"enemies":"2 Louse","floor":3,"turns":3},{"damage":0,"enemies":"Gremlin Gang","floor":5,"turns":5},{"damage":41,"enemies":"3 Sentries","floor":6,"turns":7},{"damage":20,"enemies":"Lagavulin","floor":8,"turns":6},{"damage":40,"enemies":"Gremlin Nob","floor":11,"turns":5}],"seed_played":"5913292828627190156","potions_obtained":[{"floor":1,"key":"Block Potion"},{"floor":2,"key":"SkillPotion"}],"is_trial":false,"path_per_floor":["M","M","M","?","M","E","R","E","T","R","E"],"character_chosen":"THE_SILENT","items_purchased":[],"campfire_rested":2,"item_purchase_floors":[],"current_hp_per_floor":[59,59,58,58,58,17,36,16,16,35,0],"gold":218,"neow_bonus":"TRANSFORM_CARD","is_prod":false,"is_daily":false,"chose_seed":false,"campfire_upgraded":0,"win_rate":0,"timestamp":1561403084,"path_taken":["M","M","M","?","?","E","R","E","T","R","E"],"build_version":"2019-01-23","purchased_purges":0,"victory":false,"max_hp_per_floor":[66,66,66,66,66,66,66,66,66,66,66],"card_choices":[{"not_picked":["Flying Knee","Sucker Punch"],"picked":"Bouncing Flask","floor":1},{"not_picked":["Flying Knee","Terror"],"picked":"Noxious Fumes","floor":2},{"not_picked":["PiercingWail","Acrobatics"],"picked":"Blur","floor":3},{"not_picked":["Skewer","Choke"],"picked":"Poisoned Stab","floor":5},{"not_picked":["Finisher","Bane"],"picked":"Footwork","floor":6},{"not_picked":["Sucker Punch","Prepared","Endless Agony"],"picked":"SKIP","floor":8},{"not_picked":["Prepared","Endless Agony"],"picked":"Sucker Punch","floor":8}],"player_experience":1346814,"relics_obtained":[{"floor":4,"key":"Paper Crane"},{"floor":6,"key":"Juzu Bracelet"},{"floor":8,"key":"Bottled Tornado"},{"floor":9,"key":"Matryoshka"}],"event_choices":[{"damage_healed":0,"gold_gain":0,"player_choice":"Relic","damage_taken":0,"max_hp_gain":0,"max_hp_loss":0,"event_name":"Wheel of Change","floor":4,"gold_loss":0}],"is_beta":false,"boss_relics":[],"items_purged_floors":[],"is_endless":false,"potions_floor_spawned":[1,2],"killed_by":"Gremlin Nob","ascension_level":14}