{"gold_per_floor":[113,131,145,320,86,86,118,131,156,189,189,139,139,164,164,261,261,271,287,287,287,387,387,421,439,466,466,476,282,282,232,232,232],"floor_reached":33,"playtime":1088,"items_purged":["Doubt","Strike_R","Strike_R","Strike_R"],"score":295,"play_id":"b66b8a84-54fd-4456-81d5-a04e425ece2b","local_time":"20190606172407","is_ascension_mode":true,"campfire_choices":[{"data":"Juggernaut","floor":6,"key":"SMITH"},{"data":"Demon Form","floor":11,"key":"SMITH"},{"floor":13,"key":"REST"},{"data":"Body Slam","floor":15,"key":"SMITH"},{"floor":23,"key":"REST"},{"floor":27,"key":"REST"},{"data":"Flex","floor":30,"key":"SMITH"},{"floor":32,"key":"REST"}],"neow_cost":"NONE","seed_source_timestamp":876431173280,"circlet_count":0,"master_deck":["Strike_R","Strike_R","Defend_R","Defend_R","Defend_R","Defend_R","Bash","Flex+1","Twin Strike","Juggernaut+1","Demon Form+1","Heavy Blade","Body Slam+1","Demon Form","True Grit+1","Body Slam+1","Shrug It Off","Flex+1"],"relics":["Burning Blood","NeowsBlessing","Smiling Mask","Anchor","Ancient Tea Set","Bag of Preparation","Lizard Tail","WingedGreaves","Regal Pillow","Happy Flower"],"potions_floor_usage":[18,20,24,25],"damage_taken":[{"damage":0,"enemies":"Cultist","floor":1,"turns":1},{"damage":0,"enemies":"Small Slimes","floor":2,"turns":1},{"damage":0,"enemies":"2 Louse","floor":3,"turns":1},{"damage":39,"enemies":"Lagavulin","floor":7,"turns":8},{"damage":10,"enemies":"Looter","floor":8,"turns":3},{"damage":14,"enemies":"Gremlin Nob","floor":10,"turns":3},{"damage":13,"enemies":"Lagavulin","floor":14,"turns":5},{"damage":32,"enemies":"Hexaghost","floor":16,"turns":6},{"damage":35,"enemies":"Shell Parasite","floor":18,"turns":5},{"damage":11,"enemies":"Chosen","floor":19,"turns":5},{"damage":14,"enemies":"Colosseum Slavers","floor":20,"turns":5},{"damage":70,"enemies":"Slavers","floor":24,"turns":7},{"damage":36,"enemies":"Centurion and Healer","floor":25,"turns":6},{"damage":12,"enemies":"Snake Plant","floor":28,"turns":4},{"damage":83,"enemies":"Collector","floor":33,"turns":7}],"seed_played":"-1376184861923428599","potions_obtained":[{"floor":8,"key":"Dexterity Potion"},{"floor":14,"key":"Ancient Potion"},{"floor":16,"key":"Energy Potion"},{"floor":24,"key":"Fire Potion"}],"is_trial":false,"path_per_floor":["M","M","M","?","$","R","E","M","T","E","R","$","R","E","R","B",null,"M","M","?","?","?","R","E","M","T","R","M","$","R","$","R","B"],"character_chosen":"IRONCLAD","items_purchased":["Juggernaut","Happy Flower"],"campfire_rested":4,"item_purchase_floors":[5,29],"current_hp_per_floor":[80,80,80,80,80,80,47,43,43,35,35,35,59,52,52,26,80,51,46,38,38,38,62,45,15,15,54,48,48,48,48,80,0],"gold":232,"neow_bonus":"THREE_ENEMY_KILL","is_prod":false,"is_daily":false,"chose_seed":false,"campfire_upgraded":4,"win_rate":0,"timestamp":1559859847,"path_taken":["M","M","?","?","$","R","E","M","T","E","R","$","R","E","R","BOSS","M","M","?","?","?","R","E","M","T","R","?","$","R","?","R","BOSS"],"build_version":"2019-01-23","purchased_purges":4,"victory":false,"max_hp_per_floor":[80,80,80,80,80,80,80,80,80,80,80,80,80,80,80,80,80,80,80,80,80,80,80,80,80,80,80,80,80,80,80,80,80],"card_choices":[{"not_picked":["Heavy Blade","Havoc"],"picked":"Flex","floor":1},{"not_picked":["Evolve","Headbutt","Power Through"],"picked":"SKIP","floor":2},{"not_picked":["Pommel Strike","Wild Strike"],"picked":"Twin Strike","floor":3},{"not_picked":["Clothesline","Armaments"],"picked":"Demon Form","floor":7},{"not_picked":["Warcry","Pommel Strike"],"picked":"Heavy Blade","floor":8},{"not_picked":["Reckless Charge","Inflame"],"picked":"Body Slam","floor":10},{"not_picked":["Corruption","Pommel Strike","Fire Breathing"],"picked":"SKIP","floor":14},{"not_picked":["Juggernaut","Immolate"],"picked":"Demon Form","floor":16},{"not_picked":["Second Wind","Perfected Strike"],"picked":"True Grit+1","floor":18},{"not_picked":["Heavy Blade","Perfected Strike"],"picked":"Body Slam+1","floor":19},{"not_picked":["Flame Barrier","Entrench"],"picked":"Shrug It Off","floor":24},{"not_picked":["Warcry+1","Wild Strike"],"picked":"Flex+1","floor":25},{"not_picked":["Intimidate","Perfected Strike","Twin Strike"],"picked":"SKIP","floor":28}],"player_experience":115670,"relics_obtained":[{"floor":7,"key":"Smiling Mask"},{"floor":9,"key":"Anchor"},{"floor":10,"key":"Ancient Tea Set"},{"floor":14,"key":"Bag of Preparation"},{"floor":24,"key":"WingedGreaves"},{"floor":26,"key":"Regal Pillow"}],"event_choices":[{"damage_healed":0,"gold_gain":175,"player_choice":"AGREE","damage_taken":0,"max_hp_gain":0,"max_hp_loss":0,"event_name":"Liars Game","floor":4,"gold_loss":0,"cards_obtained":["Doubt"]},{"damage_healed":0,"gold_gain":0,"player_choice":"Fight","damage_taken":0,"max_hp_gain":0,"max_hp_loss":0,"event_name":"Colosseum","floor":20,"gold_loss":0},{"damage_healed":0,"gold_gain":0,"player_choice":"Fled From Nobs","damage_taken":0,"max_hp_gain":0,"max_hp_loss":0,"event_name":"Colosseum","floor":20,"gold_loss":0},{"damage_healed":0,"gold_gain":0,"player_choice":"Ignored","damage_taken":0,"max_hp_gain":0,"max_hp_loss":0,"event_name":"Ghosts","floor":21,"gold_loss":0},{"damage_healed":0,"gold_gain":100,"player_choice":"Pray","damage_taken":0,"max_hp_gain":0,"max_hp_loss":0,"event_name":"Golden Shrine","floor":22,"gold_loss":0}],"is_beta":false,"boss_relics":[{"not_picked":["Snecko Eye","Runic Dome"],"picked":"Lizard Tail"}],"items_purged_floors":[5,12,29,31],"is_endless":false,"potions_floor_spawned":[8,14,16,24],"killed_by":"Collector","ascension_level":1}