{"gold_per_floor":[113,113,288,288,134,166,185,185,185,203,235,247,247,264,264,365,365,375,375,375,474,34,34,34,34,86,113,113,28,28,39,39,140,140,153,153,153,153,167,167],"floor_reached":40,"playtime":1015,"items_purged":["Doubt","Storm"],"score":652,"play_id":"39a29af3-7a8c-4ea9-8f97-558632c5b4cf","local_time":"20190626203335","is_ascension_mode":true,"campfire_choices":[{"data":"Melter","floor":8,"key":"SMITH"},{"data":"Ball Lightning","floor":13,"key":"SMITH"},{"data":"Rip and Tear","floor":15,"key":"SMITH"},{"data":"Sunder","floor":23,"key":"SMITH"},{"floor":25,"key":"REST"},{"floor":28,"key":"REST"},{"floor":30,"key":"REST"},{"floor":32,"key":"REST"}],"neow_cost":"NONE","seed_source_timestamp":241443361087042,"circlet_count":0,"master_deck":["Zap+1","Dualcast","Genetic Algorithm","Melter+1","Streamline+1","Sweeping Beam+1","Ball Lightning+1","Ball Lightning","Rip and Tear+1","Meteor Strike","Fusion","Capacitor","Sunder+1","Buffer","Reinforced Body","Creative AI","Panacea","Sweeping Beam","Echo Form","Conserve Battery+1"],"relics":["Cracked Core","NeowsBlessing","Unceasing Top","Whetstone","The Courier","Pandora\u0027s Box","OrangePellets","DataDisk","Centennial Puzzle","Blue Candle","Calipers","Runic Pyramid"],"potions_floor_usage":[27,27,33,33,40],"damage_taken":[{"damage":0,"enemies":"Small Slimes","floor":1,"turns":1},{"damage":0,"enemies":"3 Sentries","floor":6,"turns":1},{"damage":0,"enemies":"2 Louse","floor":7,"turns":1},{"damage":0,"enemies":"Cultist","floor":10,"turns":2},{"damage":16,"enemies":"Gremlin Nob","floor":11,"turns":3},{"damage":8,"enemies":"Exordium Thugs","floor":12,"turns":3},{"damage":8,"enemies":"Large Slime","floor":14,"turns":3},{"damage":0,"enemies":"Slime Boss","floor":16,"turns":5},{"damage":33,"enemies":"2 Thieves","floor":18,"turns":3},{"damage":50,"enemies":"Slavers","floor":27,"turns":3},{"damage":12,"enemies":"Shell Parasite","floor":31,"turns":3},{"damage":48,"enemies":"Automaton","floor":33,"turns":8},{"damage":10,"enemies":"3 Shapes","floor":35,"turns":2},{"damage":16,"enemies":"Orb Walker","floor":39,"turns":3},{"damage":61,"enemies":"Giant Head","floor":40,"turns":6}],"seed_played":"-4272020670773311848","potions_obtained":[{"floor":7,"key":"FocusPotion"},{"floor":11,"key":"Swift Potion"},{"floor":12,"key":"SteroidPotion"},{"floor":31,"key":"Strength Potion"},{"floor":39,"key":"SteroidPotion"}],"is_trial":false,"path_per_floor":["M","?","?","?","$","E","M","R","T","M","E","M","R","M","R","B",null,"M","?","?","?","$","R","$","R","T","E","R","?","R","M","R","B",null,"M","?","?","$","M","E"],"character_chosen":"DEFECT","items_purchased":["Melter","OrangePellets","DataDisk","Panacea"],"campfire_rested":4,"item_purchase_floors":[5,22,22,22],"current_hp_per_floor":[68,68,68,68,68,68,68,68,68,68,52,44,44,36,36,36,65,32,32,32,32,32,32,32,54,54,4,26,26,48,36,58,10,59,49,49,49,49,33,0],"gold":167,"neow_bonus":"THREE_ENEMY_KILL","is_prod":false,"is_daily":false,"chose_seed":false,"campfire_upgraded":4,"win_rate":0,"timestamp":1561595615,"path_taken":["M","?","?","?","$","E","?","R","T","M","E","M","R","M","R","BOSS","M","?","?","?","$","R","?","R","T","E","R","?","R","?","R","BOSS","M","?","?","$","M","E"],"build_version":"2019-01-23","purchased_purges":2,"victory":false,"max_hp_per_floor":[75,75,75,75,75,75,75,75,75,75,75,75,75,75,75,75,75,75,75,75,75,75,75,75,75,75,75,75,75,75,75,75,75,75,75,75,71,71,71,71],"card_choices":[{"not_picked":["Redo","Steam"],"picked":"Genetic Algorithm","floor":1},{"not_picked":["Amplify","Steam"],"picked":"Streamline","floor":6},{"not_picked":["Capacitor","Heatsinks"],"picked":"Sweeping Beam","floor":7},{"not_picked":["Consume","Redo"],"picked":"Ball Lightning","floor":10},{"not_picked":["Barrage","Turbo","Redo"],"picked":"SKIP","floor":11},{"not_picked":["Leap","Reprogram"],"picked":"Ball Lightning","floor":12},{"not_picked":["Streamline","Heatsinks"],"picked":"Rip and Tear","floor":14},{"not_picked":["Amplify","Multi-Cast"],"picked":"Meteor Strike","floor":16},{"not_picked":["Darkness","Hologram+1"],"picked":"Reinforced Body","floor":18},{"not_picked":["Capacitor","Turbo"],"picked":"Sweeping Beam","floor":27},{"not_picked":["Gash","Capacitor","Stack+1"],"picked":"SKIP","floor":31},{"not_picked":["Hyperbeam","Seek"],"picked":"Echo Form","floor":33},{"not_picked":["Auto Shields+1","Storm","Skim+1"],"picked":"SKIP","floor":35},{"not_picked":["Ball Lightning+1","Storm"],"picked":"Conserve Battery+1","floor":39}],"player_experience":175838,"relics_obtained":[{"floor":6,"key":"Unceasing Top"},{"floor":9,"key":"Whetstone"},{"floor":11,"key":"The Courier"},{"floor":26,"key":"Centennial Puzzle"},{"floor":27,"key":"Blue Candle"}],"event_choices":[{"damage_healed":0,"gold_gain":0,"player_choice":"Grow","damage_taken":0,"max_hp_gain":0,"max_hp_loss":0,"event_name":"Living Wall","floor":2,"gold_loss":0,"cards_upgraded":["Zap"]},{"damage_healed":0,"gold_gain":175,"player_choice":"AGREE","damage_taken":0,"max_hp_gain":0,"max_hp_loss":0,"event_name":"Liars Game","floor":3,"gold_loss":0,"cards_obtained":["Doubt"]},{"cards_removed":["Strike_B"],"damage_healed":0,"gold_gain":0,"player_choice":"Offered Basic","damage_taken":0,"max_hp_gain":0,"max_hp_loss":0,"event_name":"Bonfire Elementals","floor":4,"gold_loss":0},{"damage_healed":0,"gold_gain":0,"cards_transformed":["Hello World","Hello World"],"player_choice":"Became Test Subject","damage_taken":0,"max_hp_gain":0,"max_hp_loss":0,"event_name":"Drug Dealer","floor":19,"gold_loss":0,"cards_obtained":["Creative AI","Storm"]},{"cards_removed":["Redo"],"damage_healed":0,"gold_gain":0,"player_choice":"Elegance","damage_taken":0,"max_hp_gain":0,"max_hp_loss":0,"event_name":"Back to Basics","floor":20,"gold_loss":0},{"damage_healed":0,"gold_gain":99,"player_choice":"Stole From Cult","damage_taken":0,"max_hp_gain":0,"max_hp_loss":0,"event_name":"Nest","floor":21,"gold_loss":0},{"damage_healed":0,"gold_gain":0,"player_choice":"Obtained Relic","damage_taken":0,"relics_obtained":["Calipers"],"max_hp_gain":0,"max_hp_loss":0,"event_name":"Addict","floor":29,"gold_loss":85},{"damage_healed":0,"gold_gain":0,"player_choice":"Ignored","damage_taken":0,"max_hp_gain":0,"max_hp_loss":0,"event_name":"Tomb of Lord Red Mask","floor":36,"gold_loss":0},{"damage_healed":0,"gold_gain":0,"player_choice":"Max HP","damage_taken":0,"max_hp_gain":0,"max_hp_loss":4,"event_name":"Winding Halls","floor":37,"gold_loss":0}],"is_beta":false,"boss_relics":[{"not_picked":["FrozenCore","Eternal Feather"],"picked":"Pandora\u0027s Box"},{"not_picked":["Tiny House","Runic Dome"],"picked":"Runic Pyramid"}],"items_purged_floors":[5,22],"is_endless":false,"potions_floor_spawned":[7,11,12,14,18,31,39],"killed_by":"Giant Head","ascension_level":7}