{"gold_per_floor":[114,114,114,134,134,163,177,210,210,223,223,239,273,290,290,364,364,384,82,98,108,108,108],"floor_reached":23,"playtime":1620,"items_purged":[],"score":417,"play_id":"145339a7-0ba2-4683-acbe-e970690b240a","local_time":"20190627085056","is_ascension_mode":true,"campfire_choices":[{"floor":11,"key":"REST"},{"data":"Deadly Poison","floor":15,"key":"SMITH"}],"neow_cost":"NONE","seed_source_timestamp":0,"circlet_count":0,"master_deck":["AscendersBane","Defend_G","Defend_G","Defend_G","Defend_G","Defend_G","Strike_G","Strike_G","Strike_G","Strike_G","Survivor","Neutralize+1","Quick Slash","Backflip","Flying Knee","Crippling Poison","Deadly Poison+1","Escape Plan","Poisoned Stab","Adrenaline","Backflip","Poisoned Stab","Predator"],"special_seed":0,"relics":["Ring of the Snake","NeowsBlessing","Potion Belt","Paper Crane","Art of War","Kunai","Bag of Marbles","Eternal Feather","Ginger"],"potions_floor_usage":[20,22,22,23],"damage_taken":[{"damage":0.0,"enemies":"Jaw Worm","floor":1.0,"turns":1.0},{"damage":0.0,"enemies":"2 Louse","floor":4.0,"turns":1.0},{"damage":0.0,"enemies":"Gremlin Nob","floor":6.0,"turns":1.0},{"damage":0.0,"enemies":"Small Slimes","floor":7.0,"turns":3.0},{"damage":12.0,"enemies":"3 Sentries","floor":8.0,"turns":16.0},{"damage":0.0,"enemies":"Exordium Wildlife","floor":10.0,"turns":6.0},{"damage":3,"enemies":"Large Slime","floor":12,"turns":8},{"damage":13,"enemies":"Lagavulin","floor":13,"turns":8},{"damage":1,"enemies":"Looter","floor":14,"turns":4},{"damage":16,"enemies":"Hexaghost","floor":16,"turns":11},{"damage":14,"enemies":"Shell Parasite","floor":18,"turns":7},{"damage":1,"enemies":"Spheric Guardian","floor":20,"turns":5},{"damage":7,"enemies":"Shelled Parasite and Fungi","floor":21,"turns":9},{"damage":18,"enemies":"Colosseum Slavers","floor":22,"turns":4},{"damage":34,"enemies":"Gremlin Leader","floor":23,"turns":7}],"seed_played":"-7852468100372943815","potions_obtained":[{"floor":4.0,"key":"Ancient Potion"},{"floor":7.0,"key":"EssenceOfSteel"},{"floor":8.0,"key":"SneckoOil"},{"floor":13,"key":"FearPotion"},{"floor":14,"key":"Regen Potion"},{"floor":20,"key":"Dexterity Potion"}],"is_trial":false,"path_per_floor":["M","?","?","M","?","E","M","E","T","M","R","M","E","M","R","B",null,"M","$","M","M","?","E"],"character_chosen":"THE_SILENT","items_purchased":["Ginger"],"campfire_rested":1,"item_purchase_floors":[19],"current_hp_per_floor":[59,59,52,52,41,41,41,29,29,29,48,45,32,31,31,15,53,39,39,38,31,13,0],"gold":108,"neow_bonus":"THREE_ENEMY_KILL","is_prod":false,"is_daily":false,"chose_seed":false,"campfire_upgraded":1,"win_rate":0,"timestamp":1561636256,"path_taken":["M","?","?","M","?","E","M","E","T","?","R","M","E","M","R","BOSS","M","$","M","M","?","E"],"build_version":"2019-01-23","purchased_purges":0,"victory":false,"max_hp_per_floor":[66,66,66,66,66,66,66,66,66,66,66,66,66,66,66,66,66,66,66,66,66,66,66],"card_choices":[{"not_picked":["Cloak And Dagger","Outmaneuver"],"picked":"Quick Slash","floor":1.0},{"not_picked":["Accuracy","Dagger Spray"],"picked":"Backflip","floor":4.0},{"not_picked":["Distraction","Blade Dance"],"picked":"Flying Knee","floor":6.0},{"not_picked":["Poisoned Stab","Flying Knee"],"picked":"Crippling Poison","floor":7.0},{"not_picked":["Dodge and Roll","Blade Dance"],"picked":"Deadly Poison","floor":8.0},{"not_picked":["Reflex","Well Laid Plans"],"picked":"Escape Plan","floor":10.0},{"not_picked":["Dodge and Roll","Dagger Throw","Reflex"],"picked":"SKIP","floor":12},{"not_picked":["Phantasmal Killer","Acrobatics","Tactician"],"picked":"SKIP","floor":13},{"not_picked":["Setup","Calculated Gamble"],"picked":"Poisoned Stab","floor":14},{"not_picked":["Die Die Die","Storm of Steel"],"picked":"Adrenaline","floor":16},{"not_picked":["Riddle With Holes","Backstab"],"picked":"Backflip","floor":18},{"not_picked":["Concentrate","Dagger Spray+1"],"picked":"Poisoned Stab","floor":20},{"not_picked":["Cloak And Dagger","Crippling Poison"],"picked":"Predator","floor":21}],"player_experience":1199763,"relics_obtained":[{"floor":6.0,"key":"Paper Crane"},{"floor":8.0,"key":"Art of War"},{"floor":9.0,"key":"Kunai"},{"floor":13,"key":"Bag of Marbles"}],"event_choices":[{"damage_healed":0.0,"max_hp_gain":0.0,"max_hp_loss":0.0,"gold_gain":0.0,"event_name":"Living Wall","player_choice":"Grow","floor":2.0,"gold_loss":0.0,"damage_taken":0.0,"cards_upgraded":["Neutralize"]},{"cards_removed":["Strike_G"],"damage_healed":0.0,"max_hp_gain":0.0,"max_hp_loss":0.0,"gold_gain":0.0,"event_name":"Golden Wing","player_choice":"Card Removal","floor":3.0,"gold_loss":0.0,"damage_taken":7.0},{"damage_healed":0.0,"max_hp_gain":0.0,"max_hp_loss":0.0,"gold_gain":0.0,"event_name":"Scrap Ooze","player_choice":"Success","floor":5.0,"gold_loss":0.0,"damage_taken":11.0,"relics_obtained":["Potion Belt"]},{"damage_healed":0,"gold_gain":0,"player_choice":"Fight","damage_taken":0,"max_hp_gain":0,"max_hp_loss":0,"event_name":"Colosseum","floor":22,"gold_loss":0},{"damage_healed":0,"gold_gain":0,"player_choice":"Fled From Nobs","damage_taken":0,"max_hp_gain":0,"max_hp_loss":0,"event_name":"Colosseum","floor":22,"gold_loss":0}],"is_beta":false,"boss_relics":[{"not_picked":["Cursed Key","Pandora\u0027s Box"],"picked":"Eternal Feather"}],"items_purged_floors":[],"is_endless":false,"potions_floor_spawned":[4,7,8,13,14,18,20],"killed_by":"Gremlin Leader","ascension_level":15}