{"gold_per_floor":[113,113,126,150,2,2,2,2,2,22,56,74,94,127,127,257,257,278,294,118,136,161,194,194,194],"floor_reached":25,"playtime":953,"items_purged":["Writhe","Strike_B"],"score":351,"play_id":"06711c17-6b39-4975-9b8c-b129ac024ba5","local_time":"20190624135520","is_ascension_mode":true,"campfire_choices":[{"data":"Defragment","floor":6,"key":"SMITH"},{"data":"Zap","floor":8,"key":"SMITH"},{"data":"Rip and Tear","floor":15,"key":"SMITH"},{"data":"Capacitor","floor":24,"key":"SMITH"}],"neow_cost":"CURSE","seed_source_timestamp":44803640962047,"circlet_count":0,"master_deck":["Strike_B","Strike_B","Strike_B","Defend_B","Defend_B","Defend_B","Defend_B","Zap+1","Dualcast","Creative AI","Cold Snap","Ball Lightning","Defragment+1","Rip and Tear+1","Chaos","Glacier","Coolheaded","Ball Lightning","Gash","Electrodynamics","Hologram+1","Leap+1","Capacitor+1","Sweeping Beam","Compile Driver+1","Machine Learning"],"relics":["Cracked Core","Golden Idol","Meat on the Bone","Oddly Smooth Stone","Shuriken","Nuclear Battery","Dodecahedron"],"potions_floor_usage":[16,25,25],"damage_taken":[{"damage":3,"enemies":"Small Slimes","floor":1,"turns":4},{"damage":2,"enemies":"Jaw Worm","floor":3,"turns":4},{"damage":4,"enemies":"Cultist","floor":4,"turns":3},{"damage":6,"enemies":"Exordium Wildlife","floor":10,"turns":2},{"damage":11,"enemies":"Lagavulin","floor":11,"turns":6},{"damage":0,"enemies":"2 Fungi Beasts","floor":12,"turns":3},{"damage":20,"enemies":"Gremlin Gang","floor":13,"turns":4},{"damage":13,"enemies":"Gremlin Nob","floor":14,"turns":4},{"damage":21,"enemies":"Slime Boss","floor":16,"turns":12},{"damage":0,"enemies":"Spheric Guardian","floor":18,"turns":3},{"damage":8,"enemies":"3 Byrds","floor":19,"turns":4},{"damage":17,"enemies":"Centurion and Healer","floor":21,"turns":6},{"damage":0,"enemies":"3 Cultists","floor":22,"turns":3},{"damage":0,"enemies":"Gremlin Leader","floor":23,"turns":5},{"damage":49,"enemies":"Slavers","floor":25,"turns":3}],"seed_played":"1975794138376147399","potions_obtained":[{"floor":10,"key":"SkillPotion"},{"floor":13,"key":"Fire Potion"},{"floor":14,"key":"Energy Potion"},{"floor":16,"key":"Energy Potion"},{"floor":18,"key":"Dexterity Potion"}],"is_trial":false,"path_per_floor":["M","?","M","M","$","R","?","R","T","M","E","M","M","E","R","B",null,"M","M","$","M","M","E","R","E"],"character_chosen":"DEFECT","items_purchased":["Rip and Tear","Capacitor"],"campfire_rested":0,"item_purchase_floors":[5,20],"current_hp_per_floor":[65,65,63,59,59,59,59,59,59,53,42,42,34,33,33,24,58,58,50,50,45,45,45,45,0],"gold":194,"neow_bonus":"THREE_RARE_CARDS","is_prod":false,"is_daily":false,"chose_seed":false,"campfire_upgraded":4,"win_rate":0,"timestamp":1561398920,"path_taken":["M","?","M","M","$","R","?","R","T","M","E","?","M","E","R","BOSS","M","M","$","M","M","E","R","E"],"build_version":"2019-01-23","purchased_purges":2,"victory":false,"max_hp_per_floor":[75,69,69,69,69,69,69,69,69,69,69,69,69,69,69,69,69,69,69,69,69,69,69,69,69],"card_choices":[{"not_picked":["Machine Learning","Fission"],"picked":"Creative AI","floor":0},{"not_picked":["Streamline","Lockon"],"picked":"Cold Snap","floor":1},{"not_picked":["Undo","Compile Driver"],"picked":"Ball Lightning","floor":3},{"not_picked":["BootSequence","Aggregate"],"picked":"Defragment","floor":4},{"not_picked":["Redo","Rebound"],"picked":"Chaos","floor":10},{"not_picked":["Hyperbeam","Streamline"],"picked":"Glacier","floor":11},{"not_picked":["Redo","Leap"],"picked":"Coolheaded","floor":12},{"not_picked":["Coolheaded","Sweeping Beam"],"picked":"Ball Lightning","floor":13},{"not_picked":["Auto Shields","Steam Power"],"picked":"Gash","floor":14},{"not_picked":["All For One","Reboot"],"picked":"Electrodynamics","floor":16},{"not_picked":["Leap+1","Beam Cell"],"picked":"Hologram+1","floor":18},{"not_picked":["Cold Snap","Rebound"],"picked":"Leap+1","floor":19},{"not_picked":["Streamline+1","Hello World"],"picked":"Sweeping Beam","floor":21},{"not_picked":["Turbo","Beam Cell+1"],"picked":"Compile Driver+1","floor":22},{"not_picked":["Steam+1","Auto Shields"],"picked":"Machine Learning","floor":23}],"player_experience":161813,"relics_obtained":[{"floor":9,"key":"Meat on the Bone"},{"floor":11,"key":"Oddly Smooth Stone"},{"floor":14,"key":"Shuriken"},{"floor":23,"key":"Dodecahedron"}],"event_choices":[{"damage_healed":0,"gold_gain":0,"player_choice":"Lose Max HP","damage_taken":0,"relics_obtained":["Golden Idol"],"max_hp_gain":0,"max_hp_loss":6,"event_name":"Golden Idol","floor":2,"gold_loss":0},{"damage_healed":0,"gold_gain":0,"player_choice":"Leave","damage_taken":0,"max_hp_gain":0,"max_hp_loss":0,"event_name":"The Cleric","floor":7,"gold_loss":0}],"is_beta":false,"boss_relics":[{"not_picked":["Calling Bell","Busted Crown"],"picked":"Nuclear Battery"}],"items_purged_floors":[5,20],"is_endless":false,"potions_floor_spawned":[10,13,14,16,18],"killed_by":"Slavers","ascension_level":7}