{"gold_per_floor":[217,272,272,30,50,68,68,68,68,94,106,116,139,154,154,251,251,269,269,287,306,321,321,232,232,232,263,188,188,140,170,170,170],"floor_reached":33,"playtime":1437,"items_purged":[],"score":265,"play_id":"eda2ea74-ddb3-4ed1-8ea8-ef4d3da49341","local_time":"20190322044510","is_ascension_mode":false,"campfire_choices":[{"data":"Shrug It Off","floor":7,"key":"SMITH"},{"floor":15,"key":"REST"},{"data":"Regret","floor":23,"key":"PURGE"},{"floor":25,"key":"REST"},{"data":"Barricade","floor":29,"key":"SMITH"},{"data":"Inflame","floor":32,"key":"SMITH"}],"neow_cost":"NONE","seed_source_timestamp":385136086058192,"circlet_count":0,"master_deck":["Strike_R","Strike_R","Strike_R","Defend_R","Defend_R","Defend_R","Defend_R","Bash","Clothesline","Shrug It Off+1","Anger+1","Sword Boomerang+1","Fiend Fire+1","Pommel Strike+1","Inflame+1","Barricade+1","Shrug It Off+1","Double Tap","Inflame+1","Body Slam+1","Cleave+1","Corruption","True Grit","True Grit","Armaments","Writhe"],"relics":["Burning Blood","Molten Egg 2","Charon\u0027s Ashes","Peace Pipe","Smiling Mask","Oddly Smooth Stone","Runic Pyramid","Self Forming Clay","Orichalcum","Tiny Chest"],"potions_floor_usage":[16,16,16],"damage_taken":[{"damage":7,"enemies":"2 Louse","floor":1,"turns":2},{"damage":9,"enemies":"Jaw Worm","floor":5,"turns":4},{"damage":0,"enemies":"Small Slimes","floor":6,"turns":3},{"damage":37,"enemies":"3 Sentries","floor":10,"turns":7},{"damage":35,"enemies":"Gremlin Gang","floor":11,"turns":6},{"damage":2,"enemies":"Large Slime","floor":12,"turns":2},{"damage":12,"enemies":"Exordium Thugs","floor":14,"turns":4},{"damage":31,"enemies":"Hexaghost","floor":16,"turns":7},{"damage":6,"enemies":"Chosen","floor":18,"turns":2},{"damage":56,"enemies":"3 Byrds","floor":20,"turns":8},{"damage":6,"enemies":"Snake Plant","floor":21,"turns":3},{"damage":10,"enemies":"Shelled Parasite and Fungi","floor":22,"turns":2},{"damage":15,"enemies":"Book of Stabbing","floor":27,"turns":4},{"damage":13,"enemies":"Champ","floor":33,"turns":5}],"seed_played":"6827611900664159279","potions_obtained":[{"floor":5,"key":"SkillPotion"},{"floor":10,"key":"Regen Potion"},{"floor":12,"key":"PowerPotion"},{"floor":21,"key":"SmokeBomb"}],"is_trial":false,"path_per_floor":["M","?","?","$","M","M","R","?","T","E","M","M","T","M","R","B",null,"M","?","M","M","M","R","$","R","T","E","?","R","$","?","R","B"],"character_chosen":"IRONCLAD","items_purchased":["Molten Egg 2","Corruption","True Grit","Armaments"],"campfire_rested":2,"item_purchase_floors":[4,24,24,30],"current_hp_per_floor":[79,79,79,79,76,80,80,80,80,49,20,24,24,18,42,26,80,80,80,30,30,26,26,26,50,50,41,41,41,41,41,41,28],"gold":170,"neow_bonus":"HUNDRED_GOLD","is_prod":false,"is_daily":false,"chose_seed":false,"campfire_upgraded":3,"win_rate":0.0,"timestamp":1553244310,"path_taken":["M","?","?","$","M","M","R","?","T","E","M","M","?","M","R","BOSS","M","?","?","M","M","R","$","R","T","E","?","R","?","?","R","BOSS"],"build_version":"2019-01-23","purchased_purges":0,"victory":false,"max_hp_per_floor":[80,80,80,80,80,80,80,80,80,80,80,80,80,80,80,80,80,80,80,80,80,80,80,80,80,80,80,80,80,80,80,80,80],"card_choices":[{"not_picked":["Flex","Warcry"],"picked":"Clothesline","floor":1},{"not_picked":["Armaments","Body Slam+1"],"picked":"Shrug It Off","floor":5},{"not_picked":["Flex","Clothesline+1"],"picked":"Anger+1","floor":6},{"not_picked":["Shockwave","Armaments"],"picked":"Sword Boomerang+1","floor":10},{"not_picked":["Blood for Blood+1","True Grit"],"picked":"Fiend Fire+1","floor":11},{"not_picked":["Clash+1","Clothesline+1"],"picked":"Pommel Strike+1","floor":12},{"not_picked":["Seeing Red","Flex"],"picked":"Inflame","floor":14},{"not_picked":["Impervious","Reaper+1"],"picked":"Barricade","floor":16},{"not_picked":["Sword Boomerang+1","Warcry"],"picked":"Shrug It Off+1","floor":18},{"not_picked":["Anger+1","Pommel Strike+1"],"picked":"Inflame+1","floor":20},{"not_picked":["Sword Boomerang+1","Anger+1"],"picked":"Body Slam+1","floor":21},{"not_picked":["Perfected Strike+1","Sword Boomerang+1"],"picked":"Cleave+1","floor":22},{"not_picked":["Corruption","Berserk"],"picked":"True Grit","floor":27}],"player_experience":46122,"relics_obtained":[{"floor":9,"key":"Peace Pipe"},{"floor":10,"key":"Smiling Mask"},{"floor":13,"key":"Oddly Smooth Stone"},{"floor":26,"key":"Self Forming Clay"},{"floor":27,"key":"Orichalcum"}],"event_choices":[{"damage_healed":0,"gold_gain":55,"player_choice":"Gained Gold","damage_taken":0,"max_hp_gain":0,"max_hp_loss":0,"event_name":"Golden Wing","floor":2,"gold_loss":0},{"damage_healed":0,"gold_gain":0,"player_choice":"Leave","damage_taken":0,"max_hp_gain":0,"max_hp_loss":0,"event_name":"The Cleric","floor":3,"gold_loss":0},{"damage_healed":0,"gold_gain":0,"player_choice":"Box","damage_taken":0,"relics_obtained":["Charon\u0027s Ashes"],"max_hp_gain":0,"max_hp_loss":0,"event_name":"Big Fish","floor":8,"gold_loss":0,"cards_obtained":["Regret"]},{"damage_healed":0,"gold_gain":0,"cards_transformed":["Strike_R"],"player_choice":"Transformed","damage_taken":0,"max_hp_gain":0,"max_hp_loss":0,"event_name":"Transmorgrifier","floor":19,"gold_loss":0,"cards_obtained":["Double Tap"]},{"cards_removed":["Strike_R"],"damage_healed":0,"gold_gain":0,"player_choice":"Gave Gold","damage_taken":0,"max_hp_gain":0,"max_hp_loss":0,"event_name":"Beggar","floor":28,"gold_loss":75},{"damage_healed":0,"gold_gain":0,"player_choice":"Opened","damage_taken":0,"relics_obtained":["Tiny Chest"],"max_hp_gain":0,"max_hp_loss":0,"event_name":"The Mausoleum","floor":31,"gold_loss":0,"cards_obtained":["Writhe"]}],"is_beta":false,"boss_relics":[{"not_picked":["Eternal Feather","Philosopher\u0027s Stone"],"picked":"Runic Pyramid"}],"items_purged_floors":[],"is_endless":false,"potions_floor_spawned":[5,10,12,14,21],"killed_by":"Champ","ascension_level":0}