{"gold_per_floor":[367,386,402,413,1,27,27,52,78,78,93,103,123,140,140,236,236,248,248,259,59,69,69,69],"floor_reached":24,"playtime":1311,"items_purged":["Regret"],"score":244,"play_id":"e7cf2b60-e2c5-4e20-99b4-a67e7a4dafc3","local_time":"20190421060414","is_ascension_mode":true,"campfire_choices":[{"floor":7,"key":"REST"},{"data":"Neutralize","floor":10,"key":"SMITH"},{"floor":15,"key":"REST"},{"data":"Catalyst","floor":23,"key":"SMITH"}],"neow_cost":"CURSE","seed_source_timestamp":40251157633804,"circlet_count":0,"master_deck":["Defend_G","Defend_G","Defend_G","Defend_G","Defend_G","Strike_G+1","Strike_G","Strike_G","Strike_G","Strike_G","Survivor","Neutralize+1","Dagger Throw","Cloak And Dagger","Flying Knee+1","Deadly Poison","Well Laid Plans","Bouncing Flask","Footwork","Catalyst+1","Footwork","Quick Slash","Deadly Poison","Malaise","PiercingWail","Backflip+1","Dodge and Roll"],"relics":["Ring of the Snake","Kunai","Whetstone","Orichalcum","Runic Pyramid","Nloth\u0027s Gift","OrangePellets"],"potions_floor_usage":[8,14,20,24,24,24],"damage_taken":[{"damage":9,"enemies":"Cultist","floor":1,"turns":5},{"damage":1,"enemies":"Small Slimes","floor":2,"turns":3},{"damage":13,"enemies":"2 Louse","floor":3,"turns":3},{"damage":6,"enemies":"2 Fungi Beasts","floor":4,"turns":4},{"damage":32,"enemies":"Gremlin Nob","floor":6,"turns":5},{"damage":18,"enemies":"3 Sentries","floor":8,"turns":3},{"damage":5,"enemies":"Large Slime","floor":11,"turns":6},{"damage":3,"enemies":"3 Louse","floor":12,"turns":3},{"damage":1,"enemies":"Looter","floor":13,"turns":3},{"damage":0,"enemies":"Lots of Slimes","floor":14,"turns":4},{"damage":5,"enemies":"Hexaghost","floor":16,"turns":8},{"damage":13,"enemies":"Shell Parasite","floor":18,"turns":4},{"damage":16,"enemies":"2 Thieves","floor":20,"turns":4},{"damage":4,"enemies":"Sentry and Sphere","floor":22,"turns":4},{"damage":40,"enemies":"Gremlin Leader","floor":24,"turns":4}],"seed_played":"9087421229213907457","potions_obtained":[{"floor":3,"key":"SkillPotion"},{"floor":6,"key":"SpeedPotion"},{"floor":11,"key":"SpeedPotion"},{"floor":12,"key":"Energy Potion"},{"floor":13,"key":"AttackPotion"},{"floor":16,"key":"PowerPotion"},{"floor":20,"key":"FearPotion"}],"is_trial":false,"path_per_floor":["M","M","M","M","$","E","R","E","T","R","M","M","M","M","R","B",null,"M","?","M","$","M","R","E"],"character_chosen":"THE_SILENT","items_purchased":["Well Laid Plans","Kunai","OrangePellets"],"campfire_rested":2,"item_purchase_floors":[5,5,21],"current_hp_per_floor":[61,60,47,41,41,9,30,12,12,12,7,4,3,3,24,19,70,57,57,41,41,37,37,0],"gold":69,"neow_bonus":"TWO_FIFTY_GOLD","is_prod":false,"is_daily":false,"chose_seed":false,"campfire_upgraded":2,"win_rate":0,"timestamp":1555841054,"path_taken":["M","?","M","?","$","E","R","E","T","R","M","M","M","M","R","BOSS","M","?","M","$","M","R","E"],"build_version":"2019-01-23","purchased_purges":1,"victory":false,"max_hp_per_floor":[70,70,70,70,70,70,70,70,70,70,70,70,70,70,70,70,70,70,70,70,70,70,70,70],"card_choices":[{"not_picked":["Sucker Punch","Finisher"],"picked":"Dagger Throw","floor":1},{"not_picked":["Bane","Underhanded Strike"],"picked":"Cloak And Dagger","floor":2},{"not_picked":["Caltrops","Deflect"],"picked":"Flying Knee","floor":3},{"not_picked":["Masterful Stab","Deflect"],"picked":"Deadly Poison","floor":4},{"not_picked":["Flying Knee","Sucker Punch"],"picked":"Bouncing Flask","floor":6},{"not_picked":["Accuracy","Well Laid Plans"],"picked":"Footwork","floor":8},{"not_picked":["Poisoned Stab","Prepared"],"picked":"Catalyst","floor":11},{"not_picked":["Acrobatics","Slice"],"picked":"Footwork","floor":12},{"not_picked":["Underhanded Strike","Endless Agony"],"picked":"Quick Slash","floor":13},{"not_picked":["Slice","Escape Plan"],"picked":"Deadly Poison","floor":14},{"not_picked":["Unload","Burst"],"picked":"Malaise","floor":16},{"not_picked":["All Out Attack","Dodge and Roll"],"picked":"PiercingWail","floor":18},{"not_picked":["Acrobatics","Cloak And Dagger"],"picked":"Backflip+1","floor":20},{"not_picked":["PiercingWail","Dagger Throw"],"picked":"Dodge and Roll","floor":22}],"player_experience":97774,"relics_obtained":[{"floor":6,"key":"Whetstone"},{"floor":8,"key":"Potion Belt"},{"floor":9,"key":"Orichalcum"}],"event_choices":[{"damage_healed":0,"gold_gain":0,"player_choice":"Traded Relic","damage_taken":0,"relics_obtained":["Nloth\u0027s Gift"],"max_hp_gain":0,"max_hp_loss":0,"event_name":"N\u0027loth","floor":19,"relics_lost":["Potion Belt"],"gold_loss":0}],"is_beta":false,"boss_relics":[{"not_picked":["Orrery","Lizard Tail"],"picked":"Runic Pyramid"}],"items_purged_floors":[5],"is_endless":false,"potions_floor_spawned":[3,6,11,12,13,16,20],"killed_by":"Gremlin Leader","ascension_level":3}