{"gold_per_floor":[109,109,123,172,191,191,234,234,286,298,330,361,397,409,421,532,544,571,583,595,607,444,444,544,562,589,589],"floor_reached":27,"playtime":1089,"items_purged":["Writhe"],"score":359,"play_id":"5b9173f8-8751-4e1f-8f7f-c3e9a1db10d4","local_time":"20190622102043","is_ascension_mode":true,"campfire_choices":[{"data":"Infinite Blades","floor":6,"key":"SMITH"},{"floor":8,"key":"REST"},{"floor":10,"key":"REST"},{"floor":15,"key":"REST"},{"floor":23,"key":"REST"}],"neow_cost":"NONE","seed_source_timestamp":414850316581927,"circlet_count":0,"master_deck":["AscendersBane","Defend_G+1","Defend_G+1","Defend_G+1","Defend_G+1","Defend_G+1","Strike_G+1","Strike_G+1","Strike_G+1","Strike_G+1","Strike_G+1","Survivor","Neutralize","PiercingWail","All Out Attack","Infinite Blades+1","Dagger Spray","Sucker Punch","Predator","Backstab","Crippling Poison+1","After Image","Necronomicurse","Footwork","Prepared","Prepared+1","Caltrops"],"relics":["Ring of the Snake","Golden Idol","Dream Catcher","Oddly Smooth Stone","MawBank","Busted Crown","Necronomicon","Ancient Tea Set","War Paint"],"potions_floor_usage":[16,16],"damage_taken":[{"damage":3,"enemies":"Jaw Worm","floor":1,"turns":6},{"damage":6,"enemies":"Cultist","floor":3,"turns":6},{"damage":7,"enemies":"Small Slimes","floor":5,"turns":4},{"damage":45,"enemies":"Lagavulin","floor":7,"turns":11},{"damage":0,"enemies":"Blue Slaver","floor":11,"turns":4},{"damage":7,"enemies":"3 Louse","floor":12,"turns":3},{"damage":4,"enemies":"Red Slaver","floor":13,"turns":2},{"damage":19,"enemies":"Slime Boss","floor":16,"turns":10},{"damage":16,"enemies":"2 Thieves","floor":18,"turns":5},{"damage":14,"enemies":"Shell Parasite","floor":25,"turns":5},{"damage":34,"enemies":"Slavers","floor":27,"turns":2}],"seed_played":"3201672952300168160","potions_obtained":[{"floor":7,"key":"Block Potion"},{"floor":11,"key":"PowerPotion"},{"floor":16,"key":"Poison Potion"},{"floor":18,"key":"LiquidBronze"}],"is_trial":false,"path_per_floor":["M","?","M","T","M","R","E","R","T","R","M","M","M","$","R","B",null,"M","?","?","?","$","R","?","M","T","E"],"character_chosen":"THE_SILENT","items_purchased":["Footwork","Prepared"],"campfire_rested":4,"item_purchase_floors":[22,22],"current_hp_per_floor":[62,62,56,56,49,49,4,24,24,44,44,37,33,33,53,34,59,43,43,27,27,27,47,47,33,33,0],"gold":589,"neow_bonus":"TEN_PERCENT_HP_BONUS","is_prod":false,"is_daily":false,"chose_seed":false,"campfire_upgraded":1,"win_rate":0,"timestamp":1561209643,"path_taken":["M","?","M","?","M","R","E","R","T","R","M","M","?","$","R","BOSS","M","?","?","?","$","R","?","M","T","E"],"build_version":"2019-01-23","purchased_purges":1,"victory":false,"max_hp_per_floor":[72,67,67,67,67,67,67,67,67,67,67,67,67,67,67,67,67,67,67,67,67,67,67,67,67,67,67],"card_choices":[{"not_picked":["Deflect","Bane"],"picked":"PiercingWail","floor":1},{"not_picked":["Dodge and Roll","Prepared"],"picked":"All Out Attack","floor":3},{"not_picked":["Sucker Punch","PiercingWail"],"picked":"Infinite Blades","floor":5},{"not_picked":["Phantasmal Killer","Underhanded Strike"],"picked":"Dagger Spray","floor":7},{"not_picked":["Endless Agony","Blade Dance"],"picked":"Sucker Punch","floor":8},{"not_picked":["Tactician","Reflex"],"picked":"Predator","floor":10},{"not_picked":["Poisoned Stab","Dagger Throw","Slice"],"picked":"SKIP","floor":11},{"not_picked":["Poisoned Stab","Dagger Throw"],"picked":"Backstab","floor":12},{"not_picked":["Tactician","Expertise","Dodge and Roll"],"picked":"SKIP","floor":13},{"not_picked":["Burst","Choke"],"picked":"Crippling Poison","floor":15},{"not_picked":["Venomology","Doppelganger"],"picked":"After Image","floor":16},{"not_picked":["Deflect"],"picked":"SKIP","floor":18},{"not_picked":[],"picked":"Prepared","floor":23},{"not_picked":[],"picked":"Caltrops","floor":25}],"player_experience":1134692,"relics_obtained":[{"floor":4,"key":"Dream Catcher"},{"floor":7,"key":"Oddly Smooth Stone"},{"floor":9,"key":"MawBank"},{"floor":20,"key":"Necronomicon"},{"floor":26,"key":"War Paint"}],"event_choices":[{"damage_healed":0,"gold_gain":0,"player_choice":"Lose Max HP","damage_taken":0,"relics_obtained":["Golden Idol"],"max_hp_gain":0,"max_hp_loss":5,"event_name":"Golden Idol","floor":2,"gold_loss":0},{"damage_healed":0,"gold_gain":0,"player_choice":"Simplicity","damage_taken":0,"max_hp_gain":0,"max_hp_loss":0,"event_name":"Back to Basics","floor":19,"gold_loss":0,"cards_upgraded":["Defend_G","Defend_G","Defend_G","Defend_G","Defend_G","Strike_G","Strike_G","Strike_G","Strike_G","Strike_G"]},{"damage_healed":0,"gold_gain":0,"player_choice":"Obtained Book","damage_taken":16,"max_hp_gain":0,"max_hp_loss":0,"event_name":"Cursed Tome","floor":20,"gold_loss":0},{"damage_healed":0,"gold_gain":0,"player_choice":"Opened","damage_taken":0,"relics_obtained":["Ancient Tea Set"],"max_hp_gain":0,"max_hp_loss":0,"event_name":"The Mausoleum","floor":21,"gold_loss":0,"cards_obtained":["Writhe"]},{"damage_healed":0,"gold_gain":100,"player_choice":"Pray","damage_taken":0,"max_hp_gain":0,"max_hp_loss":0,"event_name":"Golden Shrine","floor":24,"gold_loss":0}],"is_beta":false,"boss_relics":[{"not_picked":["Coffee Dripper","Eternal Feather"],"picked":"Busted Crown"}],"items_purged_floors":[22],"is_endless":false,"potions_floor_spawned":[7,11,16,18,25],"killed_by":"Slavers","ascension_level":14}