{"gold_per_floor":[109,109,125,50,61,92,92,109,156,223,223,238,238,256,256,360,360,370,520,520],"floor_reached":20,"playtime":875,"items_purged":[],"score":220,"play_id":"03d38103-8be1-4507-8fe7-b51188cd653e","local_time":"20190613201107","is_ascension_mode":true,"campfire_choices":[{"data":"Zap","floor":7,"key":"SMITH"},{"data":"Dualcast","floor":11,"key":"SMITH"},{"data":"Storm","floor":13,"key":"SMITH"},{"data":"Defragment","floor":15,"key":"SMITH"}],"neow_cost":"NONE","seed_source_timestamp":181382577362968,"circlet_count":0,"master_deck":["Zap+1","Dualcast+1","Hyperbeam","Ball Lightning","Hello World","Defragment+1","Storm+1","Capacitor","Seek","Melter","Go for the Eyes","Undo","Core Surge","Rip and Tear","Self Repair","Doom and Gloom","Static Discharge","Conserve Battery"],"relics":["Cracked Core","SsserpentHead","Letter Opener","Lantern","Pandora\u0027s Box","Turnip","Matryoshka"],"potions_floor_usage":[16,19,19,20],"damage_taken":[{"damage":0,"enemies":"Small Slimes","floor":1,"turns":3},{"damage":0,"enemies":"Cultist","floor":3,"turns":3},{"damage":0,"enemies":"2 Louse","floor":5,"turns":1},{"damage":20,"enemies":"Gremlin Nob","floor":6,"turns":3},{"damage":0,"enemies":"2 Fungi Beasts","floor":8,"turns":1},{"damage":0,"enemies":"Large Slime","floor":10,"turns":3},{"damage":0,"enemies":"Exordium Thugs","floor":12,"turns":1},{"damage":6,"enemies":"Looter","floor":14,"turns":2},{"damage":28,"enemies":"Hexaghost","floor":16,"turns":7},{"damage":0,"enemies":"Spheric Guardian","floor":18,"turns":2},{"damage":35,"enemies":"Colosseum Slavers","floor":19,"turns":3},{"damage":26,"enemies":"Colosseum Nobs","floor":19,"turns":4},{"damage":4,"enemies":"3 Byrds","floor":20,"turns":1}],"seed_played":"-1524282643196516347","potions_obtained":[{"floor":3,"key":"GamblersBrew"},{"floor":6,"key":"Dexterity Potion"},{"floor":12,"key":"Regen Potion"},{"floor":14,"key":"Explosive Potion"},{"floor":18,"key":"Poison Potion"},{"floor":19,"key":"Fire Potion"}],"is_trial":false,"path_per_floor":["M","?","M","$","M","E","R","M","T","M","R","M","R","M","R","B",null,"M","?","M"],"character_chosen":"DEFECT","items_purchased":["Hello World"],"campfire_rested":0,"item_purchase_floors":[4],"current_hp_per_floor":[75,75,75,75,75,55,55,55,55,55,55,55,55,49,49,36,65,65,4,0],"gold":520,"neow_bonus":"ONE_RANDOM_RARE_CARD","is_prod":false,"is_daily":false,"chose_seed":false,"campfire_upgraded":4,"win_rate":0,"timestamp":1560474667,"path_taken":["M","?","M","$","M","E","R","M","T","?","R","M","R","M","R","BOSS","M","?","M"],"build_version":"2019-01-23","purchased_purges":0,"victory":false,"max_hp_per_floor":[75,75,75,75,75,75,75,75,75,75,75,75,75,75,75,75,75,75,75,75],"card_choices":[{"not_picked":["Beam Cell","Leap","Streamline"],"picked":"SKIP","floor":1},{"not_picked":["Tempest","Gash"],"picked":"Ball Lightning","floor":3},{"not_picked":["Redo","Reprogram","Self Repair"],"picked":"SKIP","floor":5},{"not_picked":["Streamline","Echo Form"],"picked":"Defragment","floor":6},{"not_picked":["Stack","Chaos"],"picked":"Storm","floor":8},{"not_picked":["Defragment","Turbo"],"picked":"Capacitor","floor":10},{"not_picked":["Sweeping Beam","Leap","Gash"],"picked":"SKIP","floor":12},{"not_picked":["Self Repair","Ball Lightning","Streamline"],"picked":"SKIP","floor":14},{"not_picked":["Buffer","Fission"],"picked":"Seek","floor":16},{"not_picked":["Steam","Rip and Tear","Hello World"],"picked":"SKIP","floor":18},{"not_picked":["FTL","Storm"],"picked":"Conserve Battery","floor":19}],"player_experience":250552,"relics_obtained":[{"floor":6,"key":"Letter Opener"},{"floor":9,"key":"Lantern"},{"floor":19,"key":"Turnip"},{"floor":19,"key":"Matryoshka"}],"event_choices":[{"damage_healed":0,"gold_gain":0,"player_choice":"Trade","damage_taken":0,"relics_obtained":["SsserpentHead"],"max_hp_gain":0,"max_hp_loss":0,"event_name":"FaceTrader","floor":2,"gold_loss":0},{"damage_healed":0,"gold_gain":0,"player_choice":"Fight","damage_taken":0,"max_hp_gain":0,"max_hp_loss":0,"event_name":"Colosseum","floor":19,"gold_loss":0},{"damage_healed":0,"gold_gain":0,"player_choice":"Fought Nobs","damage_taken":0,"max_hp_gain":0,"max_hp_loss":0,"event_name":"Colosseum","floor":19,"gold_loss":0}],"is_beta":false,"boss_relics":[{"not_picked":["Snecko Eye","Orrery"],"picked":"Pandora\u0027s Box"}],"items_purged_floors":[],"is_endless":false,"potions_floor_spawned":[3,6,12,14,18,19,19],"killed_by":"3 Byrds","ascension_level":5}