{"gold_per_floor":[112,112,64,64,83,83,116,116,116,150,167,178,178,53,53,53],"floor_reached":16,"playtime":531,"items_purged":["Strike_G"],"score":146,"play_id":"cd796d6c-f448-4582-974a-bf24f7ce7f5f","local_time":"20190624144808","is_ascension_mode":true,"campfire_choices":[{"data":"Wraith Form v2","floor":6,"key":"SMITH"},{"data":"Neutralize","floor":8,"key":"SMITH"},{"data":"Night Terror","floor":13,"key":"SMITH"},{"data":"Deadly Poison","floor":15,"key":"SMITH"}],"neow_cost":"NONE","seed_source_timestamp":48393555504866,"circlet_count":0,"master_deck":["Defend_G","Defend_G","Defend_G","Defend_G","Defend_G","Strike_G","Strike_G","Strike_G","Strike_G","Survivor","Neutralize+1","Wraith Form v2+1","Blade Dance","Cloak And Dagger","Escape Plan","Dagger Spray+1","Endless Agony","Backstab","Blur","Cloak And Dagger","Night Terror+1","Deadly Poison+1"],"relics":["Ring of the Snake","Kunai","Question Card","Snake Skull"],"potions_floor_usage":[10],"damage_taken":[{"damage":16,"enemies":"Jaw Worm","floor":1,"turns":7},{"damage":1,"enemies":"Cultist","floor":5,"turns":4},{"damage":17,"enemies":"3 Sentries","floor":7,"turns":7},{"damage":11,"enemies":"Lagavulin","floor":10,"turns":8},{"damage":1,"enemies":"2 Louse","floor":11,"turns":2},{"damage":0,"enemies":"Looter","floor":12,"turns":3},{"damage":18,"enemies":"Hexaghost","floor":16,"turns":9}],"seed_played":"-424951403159361824","potions_obtained":[{"floor":7,"key":"Swift Potion"},{"floor":11,"key":"Ancient Potion"}],"is_trial":false,"path_per_floor":["M","?","$","?","M","R","E","R","T","E","M","M","R","$","R","B"],"character_chosen":"THE_SILENT","items_purchased":["Dagger Spray","Deadly Poison"],"campfire_rested":0,"item_purchase_floors":[3,14],"current_hp_per_floor":[47,47,47,47,46,46,29,29,29,18,17,17,17,17,17,0],"gold":53,"neow_bonus":"ONE_RANDOM_RARE_CARD","is_prod":false,"is_daily":false,"chose_seed":false,"campfire_upgraded":4,"win_rate":0,"timestamp":1561402088,"path_taken":["M","?","?","?","M","R","E","R","T","E","M","M","R","$","R","BOSS"],"build_version":"2019-01-23","purchased_purges":1,"victory":false,"max_hp_per_floor":[70,70,70,70,70,70,70,70,70,70,70,70,70,70,70,70],"card_choices":[{"not_picked":["Slice","Acrobatics"],"picked":"Blade Dance","floor":1},{"not_picked":["Venomology","Bane"],"picked":"Endless Agony","floor":5},{"not_picked":["Prepared","Flechettes"],"picked":"Backstab","floor":7},{"not_picked":["Caltrops","Quick Slash","Backflip"],"picked":"Blur","floor":10},{"not_picked":["Quick Slash","Heel Hook","Underhanded Strike"],"picked":"Cloak And Dagger","floor":11},{"not_picked":["Blur","Acrobatics","Dodge and Roll"],"picked":"Night Terror","floor":12}],"player_experience":165372,"relics_obtained":[{"floor":7,"key":"Kunai"},{"floor":9,"key":"Question Card"},{"floor":10,"key":"Snake Skull"}],"event_choices":[{"damage_healed":0,"gold_gain":0,"player_choice":"2 cards matched","damage_taken":0,"max_hp_gain":0,"max_hp_loss":0,"event_name":"Match and Keep!","floor":2,"gold_loss":0,"cards_obtained":["Cloak And Dagger","Escape Plan"]},{"damage_healed":0,"gold_gain":0,"player_choice":"Grow","damage_taken":0,"max_hp_gain":0,"max_hp_loss":0,"event_name":"Living Wall","floor":4,"gold_loss":0,"cards_upgraded":["Dagger Spray"]}],"is_beta":false,"boss_relics":[],"items_purged_floors":[14],"is_endless":false,"potions_floor_spawned":[7,11],"killed_by":"Hexaghost","ascension_level":7}