{"gold_per_floor":[112,124,141,141,141,181,181,131,131,101,101,115,40,64,64,157,157,178,192,192,208,223,223,262,262,340,340,358,358,393,71,71,164,164,185,210,210,224,224,224],"floor_reached":40,"playtime":1834,"items_purged":["Doubt","Pain"],"score":724,"play_id":"65149cce-1772-43e1-808d-03c15972b774","local_time":"20190624154951","is_ascension_mode":true,"campfire_choices":[{"floor":7,"key":"REST"},{"data":"Riddle With Holes","floor":11,"key":"SMITH"},{"data":"Predator","floor":15,"key":"SMITH"},{"floor":23,"key":"REST"},{"floor":25,"key":"REST"},{"floor":29,"key":"REST"},{"floor":32,"key":"REST"}],"neow_cost":"NONE","seed_source_timestamp":274045029547300,"circlet_count":0,"master_deck":["AscendersBane","Defend_G","Defend_G","Defend_G","Defend_G","Defend_G","Strike_G","Strike_G","Survivor","Neutralize","Riddle With Holes+1","PiercingWail","Predator+1","Sucker Punch","Backflip","PiercingWail","Envenom","Dagger Throw","Choke","Unload","Noxious Fumes","Dagger Throw","Glass Knife","Deadly Poison+1","Sucker Punch+1"],"relics":["Cursed Key","Golden Idol","Dead Branch","Ornamental Fan","Busted Crown","Matryoshka","Snake Skull","PreservedInsect","Tiny Chest","Ginger","Black Star"],"potions_floor_usage":[6,6,22,24,30,30,33,33,36,38,40],"damage_taken":[{"damage":0,"enemies":"Cultist","floor":1,"turns":4},{"damage":0,"enemies":"2 Louse","floor":2,"turns":2},{"damage":4,"enemies":"Jaw Worm","floor":3,"turns":4},{"damage":16,"enemies":"Lagavulin","floor":6,"turns":6},{"damage":0,"enemies":"Looter","floor":10,"turns":4},{"damage":0,"enemies":"Large Slime","floor":12,"turns":5},{"damage":0,"enemies":"Gremlin Gang","floor":14,"turns":5},{"damage":17,"enemies":"Slime Boss","floor":16,"turns":12},{"damage":14,"enemies":"2 Thieves","floor":18,"turns":4},{"damage":18,"enemies":"3 Byrds","floor":19,"turns":6},{"damage":1,"enemies":"Centurion and Healer","floor":21,"turns":5},{"damage":5,"enemies":"3 Cultists","floor":22,"turns":5},{"damage":9,"enemies":"Slavers","floor":24,"turns":6},{"damage":9,"enemies":"Snake Plant","floor":28,"turns":4},{"damage":33,"enemies":"Gremlin Leader","floor":30,"turns":6},{"damage":39,"enemies":"Champ","floor":33,"turns":7},{"damage":3,"enemies":"3 Shapes","floor":35,"turns":5},{"damage":9,"enemies":"3 Darklings","floor":36,"turns":5},{"damage":7,"enemies":"4 Shapes","floor":38,"turns":5},{"damage":35,"enemies":"Nemesis","floor":40,"turns":2}],"seed_played":"-3668979681703994417","potions_obtained":[{"floor":1,"key":"Strength Potion"},{"floor":3,"key":"LiquidBronze"},{"floor":19,"key":"GhostInAJar"},{"floor":21,"key":"Strength Potion"},{"floor":27,"key":"SpeedPotion"},{"floor":27,"key":"Ancient Potion"},{"floor":33,"key":"GhostInAJar"},{"floor":35,"key":"Strength Potion"},{"floor":36,"key":"Poison Potion"}],"is_trial":false,"path_per_floor":["M","M","M","?","?","E","R","?","T","M","R","M","$","M","R","B",null,"M","M","?","M","M","R","E","R","T","?","M","R","E","$","R","B",null,"M","M","?","M","?","E"],"character_chosen":"THE_SILENT","items_purchased":["Noxious Fumes","Strength Potion","Strength Potion","Dagger Throw"],"campfire_rested":5,"item_purchase_floors":[31,31,31,31],"current_hp_per_floor":[59,59,55,39,32,16,35,35,35,35,35,35,35,35,35,18,54,40,22,22,21,16,35,26,45,45,45,36,55,22,22,41,2,50,47,38,38,31,31,0],"gold":224,"neow_bonus":"BOSS_RELIC","is_prod":false,"is_daily":false,"chose_seed":false,"campfire_upgraded":2,"win_rate":0,"timestamp":1561405791,"path_taken":["M","?","M","?","?","E","R","?","T","M","R","M","$","M","R","BOSS","M","M","?","?","M","R","E","R","T","?","M","R","E","?","R","BOSS","M","?","?","M","?","E"],"build_version":"2019-01-23","purchased_purges":2,"victory":false,"max_hp_per_floor":[66,66,66,66,66,66,66,66,66,66,66,66,66,66,66,66,66,66,66,66,66,66,66,66,66,66,66,66,66,66,66,66,66,66,66,66,66,66,66,66],"card_choices":[{"not_picked":["Bouncing Flask","Underhanded Strike"],"picked":"Riddle With Holes","floor":1},{"not_picked":["Deadly Poison","Prepared"],"picked":"PiercingWail","floor":2},{"not_picked":["Sucker Punch","Dagger Throw"],"picked":"Predator","floor":3},{"not_picked":["Grand Finale","Flying Knee"],"picked":"Sucker Punch","floor":6},{"not_picked":["Bane","Deflect"],"picked":"Backflip","floor":10},{"not_picked":["Dodge and Roll","All Out Attack"],"picked":"PiercingWail","floor":12},{"not_picked":["Cloak And Dagger","Quick Slash"],"picked":"Backstab","floor":14},{"not_picked":["Night Terror","Doppelganger"],"picked":"Envenom","floor":16},{"not_picked":[],"picked":"Dagger Throw","floor":18},{"not_picked":[],"picked":"Choke","floor":19},{"not_picked":["Outmaneuver"],"picked":"SKIP","floor":21},{"not_picked":["Setup+1"],"picked":"SKIP","floor":22},{"not_picked":[],"picked":"Unload","floor":24},{"not_picked":["Well Laid Plans"],"picked":"SKIP","floor":28},{"not_picked":["Well Laid Plans"],"picked":"SKIP","floor":28},{"not_picked":["Flying Knee"],"picked":"SKIP","floor":30},{"not_picked":[],"picked":"Glass Knife","floor":33},{"not_picked":["Outmaneuver"],"picked":"SKIP","floor":35},{"not_picked":[],"picked":"Deadly Poison+1","floor":36},{"not_picked":[],"picked":"Sucker Punch+1","floor":38}],"player_experience":1348059,"relics_obtained":[{"floor":6,"key":"Dead Branch"},{"floor":9,"key":"Ornamental Fan"},{"floor":24,"key":"Snake Skull"},{"floor":26,"key":"PreservedInsect"},{"floor":26,"key":"Tiny Chest"},{"floor":30,"key":"Ginger"}],"event_choices":[{"damage_healed":0,"gold_gain":0,"player_choice":"Take Damage","damage_taken":16,"relics_obtained":["Golden Idol"],"max_hp_gain":0,"max_hp_loss":0,"event_name":"Golden Idol","floor":4,"gold_loss":0},{"cards_removed":["Strike_G"],"damage_healed":0,"gold_gain":0,"player_choice":"Card Removal","damage_taken":7,"max_hp_gain":0,"max_hp_loss":0,"event_name":"Golden Wing","floor":5,"gold_loss":0},{"cards_removed":["Strike_G"],"damage_healed":0,"gold_gain":0,"player_choice":"Card Removal","damage_taken":0,"max_hp_gain":0,"max_hp_loss":0,"event_name":"The Cleric","floor":8,"gold_loss":50},{"cards_removed":["Backstab"],"damage_healed":0,"gold_gain":0,"player_choice":"Gave Card","damage_taken":0,"relics_obtained":["Matryoshka"],"max_hp_gain":0,"max_hp_loss":0,"event_name":"WeMeetAgain","floor":20,"gold_loss":0},{"damage_healed":0,"gold_gain":0,"player_choice":"Got Potions","damage_taken":0,"max_hp_gain":0,"max_hp_loss":0,"event_name":"Lab","floor":27,"gold_loss":0},{"damage_healed":0,"gold_gain":0,"player_choice":"Ignored","damage_taken":0,"max_hp_gain":0,"max_hp_loss":0,"event_name":"Tomb of Lord Red Mask","floor":37,"gold_loss":0},{"cards_removed":["Strike_G"],"damage_healed":0,"gold_gain":0,"player_choice":"Purged","damage_taken":0,"max_hp_gain":0,"max_hp_loss":0,"event_name":"Purifier","floor":39,"gold_loss":0}],"is_beta":false,"boss_relics":[{"not_picked":["HoveringKite","Tiny House"],"picked":"Busted Crown"},{"not_picked":["Empty Cage","Lizard Tail"],"picked":"Black Star"}],"items_purged_floors":[13,31],"is_endless":false,"potions_floor_spawned":[1,3,19,21,28,33,35,36],"killed_by":"Nemesis","ascension_level":14}