{"gold_per_floor":[111,131,131,150,160,489,489,509,509,521,534,589,601,614,614,711,711,722,722,616,616,66,97],"floor_reached":23,"playtime":1150,"items_purged":[],"score":226,"play_id":"7c8e0bc0-dc6c-497c-92c3-0e341f57e598","local_time":"20190321034816","is_ascension_mode":true,"campfire_choices":[{"data":"Zap","floor":7,"key":"SMITH"},{"floor":15,"key":"REST"}],"neow_cost":"NONE","seed_source_timestamp":295608283079479,"circlet_count":0,"master_deck":["Strike_B+1","Strike_B+1","Strike_B+1","Strike_B+1","Defend_B+1","Defend_B+1","Defend_B+1","Defend_B+1","Zap+1","Dualcast","Rebound","Auto Shields","Leap","Cold Snap","Chaos","Coolheaded","Ball Lightning","Ball Lightning","Sunder+1","Heatsinks","Streamline+1","Turbo","Defragment","Sweeping Beam","Capacitor","Conserve Battery","Doom and Gloom"],"relics":["Cracked Core","NeowsBlessing","Ornamental Fan","Old Coin","Darkstone Periapt","Gremlin Horn","Sozu","Shuriken","Whetstone","Ancient Tea Set"],"potions_floor_usage":[10,12,12,16,23],"damage_taken":[{"damage":0,"enemies":"Cultist","floor":1,"turns":1},{"damage":0,"enemies":"Small Slimes","floor":2,"turns":1},{"damage":0,"enemies":"Jaw Worm","floor":4,"turns":1},{"damage":9,"enemies":"Exordium Wildlife","floor":5,"turns":6},{"damage":27,"enemies":"Gremlin Nob","floor":6,"turns":5},{"damage":5,"enemies":"3 Louse","floor":8,"turns":3},{"damage":12,"enemies":"Lots of Slimes","floor":10,"turns":5},{"damage":0,"enemies":"Exordium Wildlife","floor":11,"turns":4},{"damage":0,"enemies":"Lagavulin Event","floor":12,"turns":6},{"damage":0,"enemies":"3 Louse","floor":13,"turns":2},{"damage":0,"enemies":"Large Slime","floor":14,"turns":5},{"damage":33,"enemies":"The Guardian","floor":16,"turns":14},{"damage":25,"enemies":"3 Byrds","floor":18,"turns":5},{"damage":53,"enemies":"Book of Stabbing","floor":23,"turns":7}],"seed_played":"9076708069531302335","potions_obtained":[{"floor":1,"key":"SkillPotion"},{"floor":2,"key":"Regen Potion"},{"floor":4,"key":"Dexterity Potion"},{"floor":12,"key":"FearPotion"},{"floor":13,"key":"Energy Potion"},{"floor":14,"key":"SkillPotion"},{"floor":16,"key":"FearPotion"}],"is_trial":false,"path_per_floor":["M","M","?","M","M","E","R","M","T","M","M","?","M","M","R","B",null,"M","?","$","?","$","E"],"character_chosen":"DEFECT","items_purchased":["Defragment","Sweeping Beam","Shuriken","Whetstone","Capacitor","Conserve Battery","Doom and Gloom"],"campfire_rested":1,"item_purchase_floors":[20,20,22,22,22,22,22],"current_hp_per_floor":[75,75,63,63,54,27,27,22,22,10,10,25,25,25,47,14,75,50,50,50,85,85,32],"gold":97,"neow_bonus":"THREE_ENEMY_KILL","is_prod":false,"is_daily":false,"chose_seed":false,"campfire_upgraded":1,"win_rate":0,"timestamp":1553154496,"path_taken":["M","?","?","M","M","E","R","M","T","M","M","?","M","?","R","BOSS","M","?","$","?","$","E"],"build_version":"2019-01-23","purchased_purges":0,"victory":false,"max_hp_per_floor":[75,75,75,75,75,75,75,75,75,75,75,75,75,75,75,75,75,75,75,75,85,85,85],"card_choices":[{"not_picked":["Turbo","Heatsinks"],"picked":"Rebound","floor":1},{"not_picked":["Stack","Steam"],"picked":"Auto Shields","floor":2},{"not_picked":["Stack","Reprogram"],"picked":"Leap","floor":4},{"not_picked":["Blizzard","Static Discharge"],"picked":"Cold Snap","floor":5},{"not_picked":["Scrape","Go for the Eyes"],"picked":"Chaos","floor":6},{"not_picked":["Steam","Heatsinks"],"picked":"Coolheaded","floor":8},{"not_picked":["Tempest","Machine Learning"],"picked":"Ball Lightning","floor":10},{"not_picked":["Beam Cell","Streamline"],"picked":"Ball Lightning","floor":11},{"not_picked":["Rebound","Cold Snap"],"picked":"Sunder","floor":12},{"not_picked":["Stack","Rebound"],"picked":"Heatsinks","floor":13},{"not_picked":["Go for the Eyes","Reinforced Body"],"picked":"Streamline","floor":14},{"not_picked":["Buffer","All For One"],"picked":"Hyperbeam","floor":16},{"not_picked":["Streamline","Stack"],"picked":"Turbo","floor":18},{"not_picked":["Chaos","Melter","Reprogram"],"picked":"SKIP","floor":23}],"player_experience":41416,"relics_obtained":[{"floor":6,"key":"Old Coin"},{"floor":9,"key":"Darkstone Periapt"},{"floor":23,"key":"Ancient Tea Set"}],"event_choices":[{"damage_healed":0,"gold_gain":0,"player_choice":"Success","damage_taken":12,"relics_obtained":["Ornamental Fan"],"max_hp_gain":0,"max_hp_loss":0,"event_name":"Scrap Ooze","floor":3,"gold_loss":0},{"damage_healed":0,"gold_gain":0,"player_choice":"Searched \u00272\u0027 times","damage_taken":0,"relics_obtained":["Gremlin Horn"],"max_hp_gain":0,"max_hp_loss":0,"event_name":"Dead Adventurer","floor":12,"gold_loss":0},{"damage_healed":0,"gold_gain":0,"player_choice":"Simplicity","damage_taken":0,"max_hp_gain":0,"max_hp_loss":0,"event_name":"Back to Basics","floor":19,"gold_loss":0,"cards_upgraded":["Strike_B","Strike_B","Strike_B","Strike_B","Defend_B","Defend_B","Defend_B","Defend_B"]},{"cards_removed":["Hyperbeam"],"damage_healed":25,"gold_gain":0,"player_choice":"Offered Rare","damage_taken":0,"max_hp_gain":10,"max_hp_loss":0,"event_name":"Bonfire Elementals","floor":21,"gold_loss":0}],"is_beta":false,"boss_relics":[{"not_picked":["Philosopher\u0027s Stone","White Beast Statue"],"picked":"Sozu"}],"items_purged_floors":[],"is_endless":false,"potions_floor_spawned":[1,2,4,12,13,14,16,23],"killed_by":"Book of Stabbing","ascension_level":1}