{"gold_per_floor":[116,133,58,58,76,104,104,130,130,130,192,192,192,242,242,338,338,338,43,43,43,43,43,43,0,0,0,0,0,0,0,0,0,0,0,0,0,0,0,0,0,0,0,0,0,0,0,0,0,0],"floor_reached":51,"playtime":10913,"items_purged":["Strike_G"],"score":1379,"play_id":"f21077dc-fdc5-40f2-bdfb-5f40921e93da","local_time":"20190625205902","is_ascension_mode":true,"campfire_choices":[{"data":"Skewer","floor":7,"key":"SMITH"},{"data":"Terror","floor":10,"key":"SMITH"},{"data":"Leg Sweep","floor":15,"key":"SMITH"},{"floor":24,"key":"REST"},{"data":"Noxious Fumes","floor":32,"key":"SMITH"},{"floor":40,"key":"REST"},{"floor":42,"key":"RECALL"},{"floor":47,"key":"REST"},{"floor":49,"key":"REST"}],"neow_cost":"NONE","seed_source_timestamp":331647098199964,"circlet_count":0,"master_deck":["AscendersBane","Defend_G+1","Defend_G+1","Defend_G+1","Defend_G+1","Defend_G+1","Strike_G+1","Strike_G+1","Survivor+1","Neutralize","Noxious Fumes+1","Skewer+1","Terror+1","Leg Sweep+1","Corpse Explosion+1","Flying Knee","Crippling Poison+1","Blur","Dodge and Roll+1","Wraith Form v2","Prepared+1","PiercingWail+1","Wraith Form v2","Wraith Form v2"],"relics":["Ring of the Snake","NeowsBlessing","Bag of Marbles","FossilizedHelix","Blue Candle","Tiny Chest","Golden Idol","Bag of Preparation","Ectoplasm","Chemical X","Nunchaku","Letter Opener","War Paint","Bottled Tornado","Bronze Scales","Pen Nib","MawBank","Fusion Hammer","Matryoshka","Singing Bowl","Vajra","Art of War","Centennial Puzzle"],"potions_floor_usage":[6,8,8,33,50,50],"damage_taken":[{"damage":0,"enemies":"2 Louse","floor":1,"turns":1},{"damage":0,"enemies":"Cultist","floor":2,"turns":1},{"damage":0,"enemies":"Jaw Worm","floor":5,"turns":1},{"damage":28,"enemies":"3 Sentries","floor":6,"turns":9},{"damage":4,"enemies":"Gremlin Nob","floor":8,"turns":4},{"damage":15,"enemies":"3 Sentries","floor":11,"turns":7},{"damage":12,"enemies":"The Guardian","floor":16,"turns":11},{"damage":10,"enemies":"3 Byrds","floor":18,"turns":5},{"damage":0,"enemies":"Colosseum Slavers","floor":20,"turns":3},{"damage":0,"enemies":"Colosseum Nobs","floor":20,"turns":6},{"damage":11,"enemies":"Book of Stabbing","floor":23,"turns":5},{"damage":0,"enemies":"2 Thieves","floor":25,"turns":3},{"damage":0,"enemies":"Snake Plant","floor":29,"turns":3},{"damage":8,"enemies":"Gremlin Leader","floor":30,"turns":3},{"damage":27,"enemies":"Automaton","floor":33,"turns":5},{"damage":0,"enemies":"Orb Walker","floor":35,"turns":3},{"damage":0,"enemies":"3 Shapes","floor":36,"turns":2},{"damage":0,"enemies":"Writhing Mass","floor":37,"turns":4},{"damage":0,"enemies":"Maw","floor":39,"turns":5},{"damage":0,"enemies":"Giant Head","floor":41,"turns":7},{"damage":2,"enemies":"Reptomancer","floor":44,"turns":7},{"damage":0,"enemies":"3 Darklings","floor":45,"turns":2},{"damage":51,"enemies":"Time Eater","floor":50,"turns":14}],"seed_played":"-481200677845041251","potions_obtained":[{"floor":1,"key":"Weak Potion"},{"floor":5,"key":"Energy Potion"},{"floor":6,"key":"EssenceOfSteel"},{"floor":23,"key":"Energy Potion"},{"floor":29,"key":"Energy Potion"},{"floor":31,"key":"GhostInAJar"},{"floor":33,"key":"FearPotion"},{"floor":37,"key":"GhostInAJar"}],"is_trial":false,"path_per_floor":["M","M","?","?","M","E","R","E","T","R","E","?","?","T","R","B",null,"M","$","?","?","T","E","R","M","T","T","$","M","E","?","R","B",null,"M","M","M","T","M","R","E","R","T","E","M","$","R","?","R","B",null],"character_chosen":"THE_SILENT","items_purchased":["Chemical X"],"campfire_rested":4,"item_purchase_floors":[19],"current_hp_per_floor":[59,59,59,59,59,31,31,27,27,27,12,34,34,34,34,22,51,41,41,41,41,41,30,48,48,48,48,48,48,40,40,40,13,48,48,48,48,48,48,60,60,60,60,58,60,60,62,62,62,11],"gold":0,"neow_bonus":"THREE_ENEMY_KILL","is_prod":false,"is_daily":false,"chose_seed":false,"campfire_upgraded":4,"win_rate":0,"timestamp":1561510742,"path_taken":["M","M","?","?","?","E","R","E","T","R","E","?","?","?","R","BOSS","M","$","?","?","?","E","R","M","T","?","?","?","E","?","R","BOSS","M","M","M","?","M","R","E","R","T","E","M","$","R","?","R","BOSS"],"build_version":"2019-01-23","purchased_purges":1,"victory":true,"max_hp_per_floor":[66,66,66,66,66,66,66,66,66,66,66,66,60,60,60,60,60,60,60,60,60,60,60,60,60,60,60,60,60,60,60,60,60,60,60,60,60,60,60,60,60,60,60,60,62,62,62,62,62,62],"card_choices":[{"not_picked":["Tactician","Finisher"],"picked":"Noxious Fumes","floor":1},{"not_picked":["Finisher","Sucker Punch"],"picked":"Skewer","floor":2},{"not_picked":["Cloak And Dagger","Underhanded Strike","Acrobatics"],"picked":"SKIP","floor":5},{"not_picked":["Predator","Heel Hook","Finisher"],"picked":"SKIP","floor":6},{"not_picked":["Sucker Punch","Endless Agony"],"picked":"Terror","floor":8},{"not_picked":["Acrobatics","Deflect"],"picked":"Leg Sweep","floor":11},{"not_picked":["Die Die Die","Envenom"],"picked":"Corpse Explosion","floor":16},{"not_picked":["Skewer","Poisoned Stab"],"picked":"Flying Knee","floor":18},{"not_picked":["Blade Dance","Leg Sweep"],"picked":"Crippling Poison+1","floor":23},{"not_picked":["Accuracy","Cloak And Dagger","Sucker Punch"],"picked":"SKIP","floor":25},{"not_picked":["Dagger Throw","Acrobatics"],"picked":"Blur","floor":29},{"not_picked":["Slice+1","Poisoned Stab"],"picked":"Dodge and Roll+1","floor":30},{"not_picked":["Envenom","Phantasmal Killer"],"picked":"Wraith Form v2","floor":33},{"not_picked":["Quick Slash","Cloak And Dagger","Riddle With Holes"],"picked":"SKIP","floor":35},{"not_picked":["Endless Agony","Underhanded Strike"],"picked":"Prepared+1","floor":36},{"not_picked":["Dodge and Roll","Acrobatics+1"],"picked":"PiercingWail+1","floor":37},{"not_picked":["Deflect","Setup","Sucker Punch"],"picked":"SKIP","floor":39},{"not_picked":["Prepared+1","PiercingWail"],"picked":"Wraith Form v2","floor":41},{"not_picked":["Endless Agony","Blade Dance"],"picked":"Wraith Form v2","floor":44},{"not_picked":["Infinite Blades","Setup","Finisher"],"picked":"Singing Bowl","floor":45}],"player_experience":693580,"relics_obtained":[{"floor":6,"key":"Bag of Marbles"},{"floor":8,"key":"FossilizedHelix"},{"floor":9,"key":"Blue Candle"},{"floor":11,"key":"Tiny Chest"},{"floor":14,"key":"Bag of Preparation"},{"floor":20,"key":"Nunchaku"},{"floor":20,"key":"Letter Opener"},{"floor":22,"key":"War Paint"},{"floor":23,"key":"Bottled Tornado"},{"floor":26,"key":"Bronze Scales"},{"floor":27,"key":"Pen Nib"},{"floor":30,"key":"MawBank"},{"floor":38,"key":"Matryoshka"},{"floor":41,"key":"Singing Bowl"},{"floor":43,"key":"Vajra"},{"floor":43,"key":"Art of War"},{"floor":44,"key":"Centennial Puzzle"}],"event_choices":[{"cards_removed":["Strike_G"],"damage_healed":0,"gold_gain":0,"player_choice":"Card Removal","damage_taken":0,"max_hp_gain":0,"max_hp_loss":0,"event_name":"The Cleric","floor":3,"gold_loss":75},{"cards_removed":["Strike_G"],"damage_healed":0,"gold_gain":0,"player_choice":"Purged","damage_taken":0,"max_hp_gain":0,"max_hp_loss":0,"event_name":"Purifier","floor":4,"gold_loss":0},{"damage_healed":22,"gold_gain":0,"player_choice":"Banana","damage_taken":0,"max_hp_gain":0,"max_hp_loss":0,"event_name":"Big Fish","floor":12,"gold_loss":0},{"damage_healed":0,"gold_gain":0,"player_choice":"Lose Max HP","damage_taken":0,"relics_obtained":["Golden Idol"],"max_hp_gain":0,"max_hp_loss":6,"event_name":"Golden Idol","floor":13,"gold_loss":0},{"damage_healed":0,"gold_gain":0,"player_choice":"Fight","damage_taken":0,"max_hp_gain":0,"max_hp_loss":0,"event_name":"Colosseum","floor":20,"gold_loss":0},{"damage_healed":0,"gold_gain":0,"player_choice":"Fought Nobs","damage_taken":0,"max_hp_gain":0,"max_hp_loss":0,"event_name":"Colosseum","floor":20,"gold_loss":0},{"damage_healed":0,"gold_gain":0,"player_choice":"Simplicity","damage_taken":0,"max_hp_gain":0,"max_hp_loss":0,"event_name":"Back to Basics","floor":21,"gold_loss":0,"cards_upgraded":["Defend_G","Defend_G","Defend_G","Defend_G","Defend_G","Strike_G","Strike_G"]},{"damage_healed":0,"gold_gain":0,"player_choice":"Got Potions","damage_taken":0,"max_hp_gain":0,"max_hp_loss":0,"event_name":"Lab","floor":31,"gold_loss":0},{"damage_healed":0,"gold_gain":0,"player_choice":"Ignored","damage_taken":0,"max_hp_gain":0,"max_hp_loss":0,"event_name":"Mysterious Sphere","floor":48,"gold_loss":0}],"is_beta":false,"boss_relics":[{"not_picked":["WristBlade","Eternal Feather"],"picked":"Ectoplasm"},{"not_picked":["Empty Cage","Sozu"],"picked":"Fusion Hammer"}],"items_purged_floors":[19],"is_endless":false,"potions_floor_spawned":[1,5,6,20,23,29,30,33,37,44,45],"ascension_level":17}