{"gold_per_floor":[115,115,40,52,52,81,81,81,107,122,297,174,191,266,266,368,368,379,129,129,129,129,129],"floor_reached":23,"playtime":1787,"items_purged":["Pain","Doubt"],"score":210,"play_id":"1fb53f84-16e7-4cba-8146-a2706ffd4d53","local_time":"20190528203522","is_ascension_mode":false,"campfire_choices":[{"data":"Dualcast","floor":8,"key":"SMITH"},{"data":"Cold Snap","floor":15,"key":"SMITH"}],"neow_cost":"NONE","seed_source_timestamp":31903847970434,"circlet_count":0,"master_deck":["Strike_B","Strike_B","Strike_B","Strike_B","Defend_B","Defend_B+1","Defend_B","Defend_B","Zap+1","Dualcast+1","Leap","Cold Snap+1","White Noise","Amplify","Glacier"],"relics":["FrozenCore","NeowsBlessing","WarpedTongs","Bag of Marbles","Blood Vial","Mummified Hand","Nilry\u0027s Codex","Ancient Tea Set"],"potions_floor_usage":[16,23,23],"damage_taken":[{"damage":0,"enemies":"2 Louse","floor":1,"turns":1},{"damage":0,"enemies":"Cultist","floor":4,"turns":1},{"damage":0,"enemies":"Gremlin Nob","floor":6,"turns":1},{"damage":0,"enemies":"Small Slimes","floor":10,"turns":2},{"damage":0,"enemies":"2 Fungi Beasts","floor":13,"turns":2},{"damage":7,"enemies":"The Guardian","floor":16,"turns":13},{"damage":0,"enemies":"Shell Parasite","floor":18,"turns":5},{"damage":54,"enemies":"Gremlin Leader","floor":23,"turns":8}],"seed_played":"-3307224803772638680","potions_obtained":[{"floor":1,"key":"Weak Potion"},{"floor":13,"key":"Weak Potion"},{"floor":16,"key":"SkillPotion"}],"is_trial":false,"path_per_floor":["M","?","$","M","?","E","?","R","T","M","?","$","M","?","R","B",null,"M","$","?","?","?","E"],"character_chosen":"DEFECT","items_purchased":["Cold Snap","Mummified Hand"],"campfire_rested":0,"item_purchase_floors":[12,19],"current_hp_per_floor":[75,75,75,75,60,60,60,60,60,62,62,62,64,53,53,48,75,75,75,59,45,45,0],"gold":129,"neow_bonus":"THREE_ENEMY_KILL","is_prod":false,"is_daily":false,"chose_seed":false,"campfire_upgraded":2,"win_rate":0.0,"timestamp":1559093722,"path_taken":["M","?","?","M","?","E","?","R","T","?","?","$","M","?","R","BOSS","M","$","?","?","?","E"],"build_version":"2019-01-23","purchased_purges":2,"victory":false,"max_hp_per_floor":[75,75,75,75,75,75,75,75,75,75,75,75,75,75,75,75,75,75,75,75,80,80,80],"card_choices":[{"not_picked":["Auto Shields","Ball Lightning","Hello World"],"picked":"SKIP","floor":1},{"not_picked":["Steam","Gash","Self Repair"],"picked":"SKIP","floor":4},{"not_picked":["Compile Driver","Creative AI","Rip and Tear"],"picked":"SKIP","floor":6},{"not_picked":["Ball Lightning","Compile Driver"],"picked":"Leap","floor":10},{"not_picked":["Gash","Leap"],"picked":"White Noise","floor":13},{"not_picked":["Thunder Strike","Biased Cognition"],"picked":"Amplify","floor":16},{"not_picked":["Steam","Compile Driver"],"picked":"Glacier","floor":18}],"player_experience":7228,"relics_obtained":[{"floor":6,"key":"Bag of Marbles"},{"floor":9,"key":"Blood Vial"},{"floor":20,"key":"Nilry\u0027s Codex"}],"event_choices":[{"damage_healed":0,"gold_gain":0,"player_choice":"Rummage","damage_taken":0,"relics_obtained":["WarpedTongs"],"max_hp_gain":0,"max_hp_loss":0,"event_name":"Accursed Blacksmith","floor":2,"gold_loss":0,"cards_obtained":["Pain"]},{"damage_healed":0,"gold_gain":0,"player_choice":"Entered Light","damage_taken":15,"max_hp_gain":0,"max_hp_loss":0,"event_name":"Shining Light","floor":5,"gold_loss":0,"cards_upgraded":["Defend_B","Zap"]},{"damage_healed":0,"gold_gain":0,"player_choice":"Ignored","damage_taken":0,"max_hp_gain":0,"max_hp_loss":0,"event_name":"NoteForYourself","floor":7,"gold_loss":0},{"damage_healed":0,"gold_gain":175,"player_choice":"AGREE","damage_taken":0,"max_hp_gain":0,"max_hp_loss":0,"event_name":"Liars Game","floor":11,"gold_loss":0,"cards_obtained":["Doubt"]},{"damage_healed":0,"gold_gain":75,"player_choice":"Gather Gold","damage_taken":11,"max_hp_gain":0,"max_hp_loss":0,"event_name":"World of Goop","floor":14,"gold_loss":0},{"damage_healed":0,"gold_gain":0,"player_choice":"Obtained Book","damage_taken":16,"max_hp_gain":0,"max_hp_loss":0,"event_name":"Cursed Tome","floor":20,"gold_loss":0},{"damage_healed":0,"gold_gain":0,"player_choice":"Shed Blood","damage_taken":19,"max_hp_gain":5,"max_hp_loss":0,"event_name":"Forgotten Altar","floor":21,"gold_loss":0},{"damage_healed":0,"gold_gain":0,"player_choice":"Opened","damage_taken":0,"relics_obtained":["Ancient Tea Set"],"max_hp_gain":0,"max_hp_loss":0,"event_name":"The Mausoleum","floor":22,"gold_loss":0}],"is_beta":false,"boss_relics":[{"not_picked":["White Beast Statue","Coffee Dripper"],"picked":"FrozenCore"}],"items_purged_floors":[3,12],"is_endless":false,"potions_floor_spawned":[1,13,16],"killed_by":"Gremlin Leader","ascension_level":0}