{"gold_per_floor":[114,131,150,161,111,111,0,0,0,0,0,0,16,36,36,140,140,155,155,155,155,2,2,2,2,74,91,108,108,136,155,155,259,259,277,76,87,103,0,0,0,16,316,336,362,362,375,401,401,401,401,401,39,67,67],"floor_reached":55,"playtime":2569,"items_purged":["Strike_B","Defend_B"],"score":836,"play_id":"9a299d3c-d509-4634-bc18-655c8cbe5015","local_time":"20190603171858","is_ascension_mode":true,"campfire_choices":[{"data":"Redo","floor":6,"key":"SMITH"},{"data":"Dualcast","floor":8,"key":"SMITH"},{"data":"Defragment","floor":15,"key":"SMITH"},{"data":"Force Field","floor":23,"key":"SMITH"},{"floor":32,"key":"REST"},{"floor":40,"key":"RECALL"},{"floor":49,"key":"REST"},{"floor":52,"key":"REST"}],"neow_cost":"NONE","seed_source_timestamp":231994038410733,"circlet_count":0,"master_deck":["Strike_B","Defend_B","Defend_B","Zap+1","Dualcast+1","Cold Snap","Redo+1","Coolheaded","White Noise","Defragment+1","Machine Learning","Electrodynamics","Force Field+1","Capacitor","White Noise","Storm+1","Barrage","Amplify","Force Field+1","BootSequence","Loop+1"],"relics":["Cracked Core","FossilizedHelix","Black Star","MutagenicStrength","Symbiotic Virus","Boot","Dodecahedron","Fusion Hammer","DollysMirror","Red Mask","Old Coin","Oddly Smooth Stone","Mango","Orichalcum","Du-Vu Doll","Bottled Lightning","Mercury Hourglass","Gremlin Horn"],"potions_floor_usage":[14,30,37,45,55,55],"damage_taken":[{"damage":2,"enemies":"Jaw Worm","floor":1,"turns":3},{"damage":0,"enemies":"Small Slimes","floor":2,"turns":3},{"damage":3,"enemies":"2 Louse","floor":3,"turns":2},{"damage":8,"enemies":"Blue Slaver","floor":4,"turns":2},{"damage":0,"enemies":"Exordium Wildlife","floor":13,"turns":2},{"damage":0,"enemies":"Large Slime","floor":14,"turns":3},{"damage":0,"enemies":"Slime Boss","floor":16,"turns":8},{"damage":0,"enemies":"3 Byrds","floor":18,"turns":1},{"damage":12,"enemies":"Chosen","floor":27,"turns":4},{"damage":0,"enemies":"Centurion and Healer","floor":28,"turns":2},{"damage":44,"enemies":"Slavers","floor":30,"turns":3},{"damage":0,"enemies":"Snecko","floor":31,"turns":3},{"damage":16,"enemies":"Automaton","floor":33,"turns":7},{"damage":0,"enemies":"Orb Walker","floor":35,"turns":3},{"damage":0,"enemies":"3 Darklings","floor":37,"turns":4},{"damage":0,"enemies":"4 Shapes","floor":38,"turns":3},{"damage":0,"enemies":"Sphere and 2 Shapes","floor":42,"turns":4},{"damage":0,"enemies":"Transient","floor":44,"turns":5},{"damage":9,"enemies":"Nemesis","floor":45,"turns":7},{"damage":10,"enemies":"Spire Growth","floor":47,"turns":4},{"damage":6,"enemies":"Giant Head","floor":48,"turns":8},{"damage":1,"enemies":"Donu and Deca","floor":50,"turns":10},{"damage":32,"enemies":"Shield and Spear","floor":54,"turns":4},{"damage":62,"enemies":"The Heart","floor":55,"turns":6}],"seed_played":"-7884831865229448610","potions_obtained":[{"floor":3,"key":"Dexterity Potion"},{"floor":16,"key":"Fire Potion"},{"floor":28,"key":"SpeedPotion"},{"floor":33,"key":"SkillPotion"},{"floor":38,"key":"Poison Potion"},{"floor":42,"key":"Block Potion"},{"floor":47,"key":"LiquidBronze"},{"floor":48,"key":"AttackPotion"}],"is_trial":false,"path_per_floor":["M","M","M","M","?","R","$","R","T","?","$","?","M","M","R","B",null,"M","?","?","?","$","R","?","$","T","M","M","$","E","M","R","B",null,"M","$","M","M","?","R","$","M","T","M","E","?","M","E","R","B",null,"R","$","E","B"],"character_chosen":"DEFECT","items_purchased":["White Noise","Capacitor","White Noise","DollysMirror","Bottled Lightning"],"campfire_rested":3,"item_purchase_floors":[7,22,22,36,53],"current_hp_per_floor":[73,73,70,62,62,62,62,62,62,62,62,62,62,62,62,62,75,75,75,61,61,61,61,61,61,61,49,49,49,5,5,29,13,80,80,80,80,80,80,80,80,80,80,80,85,85,75,69,94,93,94,94,94,62,0],"gold":67,"neow_bonus":"UPGRADE_CARD","is_prod":false,"is_daily":false,"chose_seed":false,"campfire_upgraded":4,"win_rate":0,"timestamp":1559600338,"path_taken":["M","M","M","M","?","R","$","R","T","?","$","?","M","?","R","BOSS","M","?","?","?","$","R","?","$","T","M","M","?","E","M","R","BOSS","M","$","M","?","?","R","?","M","T","M","E","?","M","E","R","BOSS","R","$","E","BOSS"],"build_version":"2019-01-23","purchased_purges":2,"victory":false,"max_hp_per_floor":[75,75,75,75,75,75,75,75,75,75,75,75,75,75,75,75,75,75,75,80,80,80,80,80,80,80,80,80,80,80,80,80,80,80,80,80,80,80,80,80,80,80,80,80,94,94,94,94,94,94,94,94,94,94,94],"card_choices":[{"not_picked":["Hologram","BootSequence"],"picked":"Cold Snap","floor":1},{"not_picked":["Stack","Turbo"],"picked":"Redo","floor":2},{"not_picked":["Barrage","Stack"],"picked":"Coolheaded","floor":3},{"not_picked":["Cold Snap","Barrage","Double Energy"],"picked":"SKIP","floor":4},{"not_picked":["Sweeping Beam","Barrage"],"picked":"Defragment","floor":13},{"not_picked":["Sweeping Beam","Coolheaded"],"picked":"Machine Learning","floor":14},{"not_picked":["Core Surge","Multi-Cast"],"picked":"Electrodynamics","floor":16},{"not_picked":["Doom and Gloom","Genetic Algorithm"],"picked":"Force Field","floor":18},{"not_picked":["Leap+1","Conserve Battery","Cold Snap"],"picked":"SKIP","floor":27},{"not_picked":["Glacier","Hello World+1"],"picked":"Storm+1","floor":28},{"not_picked":["Blizzard","Streamline"],"picked":"Barrage","floor":30},{"not_picked":["Sweeping Beam","Double Energy"],"picked":"Amplify","floor":31},{"not_picked":["Reinforced Body","Coolheaded+1","Melter+1"],"picked":"SKIP","floor":35},{"not_picked":["Storm","Cold Snap+1"],"picked":"BootSequence","floor":37},{"not_picked":["Ball Lightning+1","Coolheaded","Sweeping Beam+1"],"picked":"SKIP","floor":38},{"not_picked":["Conserve Battery","Steam+1","Gash+1"],"picked":"SKIP","floor":42},{"not_picked":["Leap+1","Redo","Capacitor"],"picked":"SKIP","floor":44},{"not_picked":["All For One","Barrage","Self Repair+1"],"picked":"SKIP","floor":45},{"not_picked":["Sweeping Beam+1","Reinforced Body","Compile Driver+1"],"picked":"SKIP","floor":47},{"not_picked":["Conserve Battery","Gash","Static Discharge+1"],"picked":"SKIP","floor":48},{"not_picked":["Hyperbeam","Redo"],"picked":"Loop+1","floor":54}],"player_experience":68434,"relics_obtained":[{"floor":26,"key":"Symbiotic Virus"},{"floor":30,"key":"Boot"},{"floor":30,"key":"Dodecahedron"},{"floor":43,"key":"Old Coin"},{"floor":45,"key":"Oddly Smooth Stone"},{"floor":45,"key":"Mango"},{"floor":48,"key":"Orichalcum"},{"floor":48,"key":"Du-Vu Doll"},{"floor":54,"key":"Mercury Hourglass"},{"floor":54,"key":"Gremlin Horn"}],"event_choices":[{"cards_removed":["Strike_B"],"damage_healed":0,"gold_gain":0,"player_choice":"Card Removal","damage_taken":0,"max_hp_gain":0,"max_hp_loss":0,"event_name":"The Cleric","floor":5,"gold_loss":50},{"damage_healed":0,"gold_gain":0,"player_choice":"Searched \u00271\u0027 times","damage_taken":0,"relics_obtained":["FossilizedHelix"],"max_hp_gain":0,"max_hp_loss":0,"event_name":"Dead Adventurer","floor":10,"gold_loss":0},{"cards_removed":["Defend_B"],"damage_healed":0,"gold_gain":0,"player_choice":"Forget","damage_taken":0,"max_hp_gain":0,"max_hp_loss":0,"event_name":"Living Wall","floor":12,"gold_loss":0},{"damage_healed":0,"gold_gain":0,"player_choice":"Inject Mutagens","damage_taken":0,"relics_obtained":["MutagenicStrength"],"max_hp_gain":0,"max_hp_loss":0,"event_name":"Drug Dealer","floor":19,"gold_loss":0},{"damage_healed":0,"gold_gain":0,"player_choice":"Shed Blood","damage_taken":19,"max_hp_gain":5,"max_hp_loss":0,"event_name":"Forgotten Altar","floor":20,"gold_loss":0},{"damage_healed":0,"gold_gain":0,"player_choice":"Ignored","damage_taken":0,"max_hp_gain":0,"max_hp_loss":0,"event_name":"Ghosts","floor":21,"gold_loss":0},{"damage_healed":0,"gold_gain":0,"player_choice":"Ignored","damage_taken":0,"max_hp_gain":0,"max_hp_loss":0,"event_name":"Vampires","floor":24,"gold_loss":0},{"damage_healed":0,"gold_gain":0,"player_choice":"Paid","damage_taken":0,"relics_obtained":["Red Mask"],"max_hp_gain":0,"max_hp_loss":0,"event_name":"Tomb of Lord Red Mask","floor":39,"gold_loss":103},{"cards_removed":["Strike_B"],"damage_healed":0,"gold_gain":0,"player_choice":"Removed Attack","damage_taken":0,"max_hp_gain":0,"max_hp_loss":0,"event_name":"Falling","floor":46,"gold_loss":0}],"is_beta":false,"boss_relics":[{"not_picked":["Lizard Tail","Runic Pyramid"],"picked":"Black Star"},{"not_picked":["Snecko Eye","Velvet Choker"],"picked":"Fusion Hammer"}],"items_purged_floors":[7,53],"is_endless":false,"potions_floor_spawned":[3,16,28,33,38,42,47,48],"killed_by":"The Heart","ascension_level":2}