{"gold_per_floor":[116,129,54,69,69,69,69,69,69,87,163,163,179,193,193,264,264,278,297,297,297,297],"floor_reached":22,"playtime":844,"items_purged":["Strike_G"],"score":377,"play_id":"c423f72c-efa7-40fa-985a-a50de380c91b","local_time":"20190626154930","is_ascension_mode":true,"campfire_choices":[{"data":"Dagger Spray","floor":6,"key":"SMITH"},{"data":"Backflip","floor":8,"key":"SMITH"},{"data":"Escape Plan","floor":12,"key":"SMITH"},{"data":"Neutralize","floor":15,"key":"SMITH"}],"neow_cost":"NONE","seed_source_timestamp":108901193288200,"circlet_count":0,"master_deck":["AscendersBane","Defend_G","Defend_G","Defend_G","Defend_G","Defend_G","Survivor","Neutralize+1","Backflip+1","Dagger Spray+1","Dash","Escape Plan+1","Leg Sweep","Escape Plan","Backflip+1","Caltrops+1","Bite","Bite","Bite","Bite","Bite","Writhe"],"relics":["Ring of the Snake","NeowsBlessing","Frozen Egg 2","Bottled Lightning","Sozu","Toxic Egg 2"],"potions_floor_usage":[16,16,18],"damage_taken":[{"damage":0,"enemies":"Small Slimes","floor":1,"turns":1},{"damage":0,"enemies":"2 Louse","floor":2,"turns":1},{"damage":0,"enemies":"Jaw Worm","floor":4,"turns":1},{"damage":0,"enemies":"Red Slaver","floor":10,"turns":3},{"damage":0,"enemies":"2 Fungi Beasts","floor":13,"turns":3},{"damage":0,"enemies":"3 Louse","floor":14,"turns":3},{"damage":48,"enemies":"The Guardian","floor":16,"turns":23},{"damage":15,"enemies":"3 Byrds","floor":18,"turns":6},{"damage":32,"enemies":"Chosen","floor":19,"turns":10},{"damage":6,"enemies":"Centurion and Healer","floor":22,"turns":12}],"seed_played":"-2325457516415322287","potions_obtained":[{"floor":1,"key":"Energy Potion"},{"floor":10,"key":"GamblersBrew"},{"floor":16,"key":"Strength Potion"}],"is_trial":false,"path_per_floor":["M","M","$","M","?","R","?","R","T","M","T","R","M","M","R","B",null,"M","M","?","?","M"],"character_chosen":"THE_SILENT","items_purchased":[],"campfire_rested":0,"item_purchase_floors":[],"current_hp_per_floor":[59,59,59,59,64,64,64,64,64,64,64,64,64,64,64,16,57,42,10,10,10,24],"gold":297,"neow_bonus":"THREE_ENEMY_KILL","is_prod":false,"is_daily":false,"chose_seed":false,"campfire_upgraded":4,"win_rate":0,"timestamp":1561578570,"path_taken":["M","M","$","M","?","R","?","R","T","M","?","R","M","?","R","BOSS","M","M","?","?","M"],"build_version":"2019-01-23","purchased_purges":1,"victory":false,"max_hp_per_floor":[66,66,66,66,71,71,71,71,71,71,71,71,71,71,71,71,71,71,71,49,49,49],"card_choices":[{"not_picked":["Concentrate","Bane"],"picked":"Backflip","floor":1},{"not_picked":["Underhanded Strike","Choke"],"picked":"Dagger Spray","floor":2},{"not_picked":["Eviscerate","Skewer"],"picked":"Dash","floor":4},{"not_picked":["Backflip","Acrobatics"],"picked":"Escape Plan","floor":10},{"not_picked":["Finisher","Accuracy+1"],"picked":"Leg Sweep","floor":13},{"not_picked":["Setup","Endless Agony"],"picked":"Escape Plan","floor":14},{"not_picked":["Predator","Prepared"],"picked":"Backflip+1","floor":18},{"not_picked":["Quick Slash","Heel Hook"],"picked":"Caltrops+1","floor":19}],"player_experience":1436293,"relics_obtained":[{"floor":9,"key":"Frozen Egg 2"},{"floor":11,"key":"Bottled Lightning"}],"event_choices":[{"damage_healed":0,"gold_gain":0,"player_choice":"Donut","damage_taken":0,"max_hp_gain":5,"max_hp_loss":0,"event_name":"Big Fish","floor":5,"gold_loss":0},{"damage_healed":0,"gold_gain":0,"player_choice":"Ignored","damage_taken":0,"max_hp_gain":0,"max_hp_loss":0,"event_name":"Liars Game","floor":7,"gold_loss":0},{"damage_healed":0,"gold_gain":0,"player_choice":"Became a vampire","damage_taken":0,"max_hp_gain":0,"max_hp_loss":22,"event_name":"Vampires","floor":20,"gold_loss":0,"cards_obtained":["Bite","Bite","Bite","Bite","Bite"]},{"damage_healed":0,"gold_gain":0,"player_choice":"Opened","damage_taken":0,"relics_obtained":["Toxic Egg 2"],"max_hp_gain":0,"max_hp_loss":0,"event_name":"The Mausoleum","floor":21,"gold_loss":0,"cards_obtained":["Writhe"]}],"is_beta":false,"boss_relics":[{"not_picked":["Black Star","Lizard Tail"],"picked":"Sozu"}],"items_purged_floors":[3],"is_endless":false,"potions_floor_spawned":[1,10,13,16,18,19],"killed_by":"Centurion and Healer","ascension_level":20}