{"gold_per_floor":[14,30,45,55,55,80,80,99,99,99,13,28,63,75,75,153,153,166,17,34,51,51,51,76,76,76,108,128,128,142,158,158,237,237,247,247,247,265,265,265,295,295,295,323,323,335,363,380,380,380,380,380,86,120,120],"floor_reached":55,"playtime":4491,"items_purged":[],"score":1252,"play_id":"a562923d-1ce2-4fbc-84dc-bd51cdb8139b","local_time":"20190626183915","is_ascension_mode":true,"campfire_choices":[{"data":"Hyperbeam","floor":10.0,"key":"SMITH"},{"data":"Buffer","floor":15.0,"key":"SMITH"},{"floor":23.0,"key":"REST"},{"floor":25.0,"key":"REST"},{"floor":29.0,"key":"REST"},{"floor":32.0,"key":"REST"},{"floor":40,"key":"REST"},{"floor":45,"key":"REST"},{"floor":49,"key":"RECALL"},{"floor":52,"key":"REST"}],"neow_cost":"NO_GOLD","seed_source_timestamp":0,"circlet_count":0,"master_deck":["AscendersBane","Zap","Dualcast","Hyperbeam+1","Go for the Eyes","Ball Lightning","Buffer+1","Leap","Buffer","Steam Power","FTL","Bandage Up","Conserve Battery","Reinforced Body","Coolheaded","Core Surge","Fission","Multi-Cast","Static Discharge+1","Stack","Loop+1","Static Discharge+1","Compile Driver+1","Storm+1","Machine Learning+1","Doom and Gloom","Hologram","Capacitor+1","Echo Form+1","Ball Lightning","Glacier","Thunder Strike","Biased Cognition+1","Biased Cognition+1"],"special_seed":0,"relics":["Cracked Core","Pen Nib","Frozen Egg 2","Ginger","Pandora\u0027s Box","Bronze Scales","Dodecahedron","Shuriken","Blood Vial","Runic Pyramid","Emotion Chip","Pear","Pantograph","Anchor","Happy Flower","Bottled Tornado"],"potions_floor_usage":[47,50,55,55],"damage_taken":[{"damage":0.0,"enemies":"Cultist","floor":1.0,"turns":4.0},{"damage":4.0,"enemies":"Small Slimes","floor":2.0,"turns":3.0},{"damage":4.0,"enemies":"Jaw Worm","floor":3.0,"turns":2.0},{"damage":0.0,"enemies":"Lots of Slimes","floor":4.0,"turns":1.0},{"damage":8.0,"enemies":"Lagavulin","floor":6.0,"turns":8.0},{"damage":0.0,"enemies":"Red Slaver","floor":8.0,"turns":3.0},{"damage":3.0,"enemies":"Looter","floor":12.0,"turns":2.0},{"damage":20.0,"enemies":"3 Sentries","floor":13.0,"turns":7.0},{"damage":0.0,"enemies":"Blue Slaver","floor":14.0,"turns":3.0},{"damage":33.0,"enemies":"Hexaghost","floor":16.0,"turns":14.0},{"damage":0.0,"enemies":"Spheric Guardian","floor":18.0,"turns":5.0},{"damage":17.0,"enemies":"2 Thieves","floor":20.0,"turns":3.0},{"damage":3.0,"enemies":"Cultist and Chosen","floor":21.0,"turns":4.0},{"damage":32.0,"enemies":"Book of Stabbing","floor":24.0,"turns":4.0},{"damage":29.0,"enemies":"Gremlin Leader","floor":27.0,"turns":6.0},{"damage":17.0,"enemies":"Snake Plant","floor":28.0,"turns":4.0},{"damage":13.0,"enemies":"Sentry and Sphere","floor":30.0,"turns":5.0},{"damage":18.0,"enemies":"Snecko","floor":31.0,"turns":5.0},{"damage":25.0,"enemies":"Automaton","floor":33.0,"turns":8.0},{"damage":13,"enemies":"Orb Walker","floor":35,"turns":3},{"damage":37,"enemies":"3 Darklings","floor":38,"turns":3},{"damage":13,"enemies":"Giant Head","floor":41,"turns":11},{"damage":21,"enemies":"Nemesis","floor":44,"turns":7},{"damage":0,"enemies":"Maw","floor":46,"turns":8},{"damage":8,"enemies":"Reptomancer","floor":47,"turns":9},{"damage":48,"enemies":"Writhing Mass","floor":48,"turns":4},{"damage":65,"enemies":"Time Eater","floor":50,"turns":11},{"damage":87,"enemies":"Shield and Spear","floor":54,"turns":4},{"damage":31,"enemies":"The Heart","floor":55,"turns":2}],"seed_played":"-136694688526927075","potions_obtained":[{"floor":2.0,"key":"Dexterity Potion"},{"floor":4.0,"key":"LiquidBronze"},{"floor":16.0,"key":"Weak Potion"},{"floor":24.0,"key":"PowerPotion"},{"floor":30.0,"key":"Ancient Potion"},{"floor":47,"key":"Regen Potion"},{"floor":54,"key":"LiquidBronze"}],"is_trial":false,"path_per_floor":["M","M","M","M","$","E","?","M","T","R","$","M","E","M","R","B",null,"M","$","M","M","?","R","E","R","T","E","M","R","M","M","R","B",null,"M","$","T","M","?","R","E","?","T","E","R","M","E","M","R","B",null,"R","$","E","B"],"character_chosen":"DEFECT","items_purchased":["Bandage Up","Bronze Scales","Happy Flower","Biased Cognition+1"],"campfire_rested":7,"item_purchase_floors":[11,19,53,53],"current_hp_per_floor":[68,64,60,60,60,52,52,52,52,52,52,53,37,41,41,12,59,63,63,50,51,51,73,43,65,65,40,29,51,44,32,54,35,65,54,54,54,19,19,41,44,44,44,29,54,64,66,24,24,5,65,85,85,2,0],"gold":120,"neow_bonus":"THREE_RARE_CARDS","is_prod":false,"is_daily":false,"chose_seed":false,"campfire_upgraded":2,"win_rate":0,"timestamp":1561585155,"path_taken":["M","?","M","M","$","E","?","M","T","R","$","M","E","M","R","BOSS","M","?","M","?","?","R","E","R","T","E","M","R","M","M","R","BOSS","M","$","?","?","?","R","E","?","T","E","R","M","E","M","R","BOSS","R","$","E","BOSS"],"build_version":"2019-01-23","purchased_purges":0,"victory":false,"max_hp_per_floor":[75,75,75,75,75,75,75,75,75,75,75,75,75,75,75,75,75,75,75,75,75,75,75,75,75,75,75,75,75,75,75,75,75,75,75,75,75,75,75,75,85,85,85,85,85,85,85,85,85,85,85,85,85,85,85],"card_choices":[{"not_picked":["Multi-Cast","Meteor Strike"],"picked":"Hyperbeam","floor":0.0},{"not_picked":["Steam Power","Redo"],"picked":"Go for the Eyes","floor":1.0},{"not_picked":["Streamline","Skim"],"picked":"Ball Lightning","floor":2.0},{"not_picked":["White Noise","Ball Lightning"],"picked":"Buffer","floor":3.0},{"not_picked":["Barrage","Stack"],"picked":"Leap","floor":4.0},{"not_picked":["Leap","Capacitor"],"picked":"Buffer","floor":6.0},{"not_picked":["Stack","Barrage"],"picked":"FTL","floor":8.0},{"not_picked":["Chill","Steam"],"picked":"Conserve Battery","floor":12.0},{"not_picked":["Stack","Melter"],"picked":"Reinforced Body","floor":13.0},{"not_picked":["Barrage","Leap"],"picked":"Coolheaded","floor":14.0},{"not_picked":["Reboot","Meteor Strike"],"picked":"Core Surge","floor":16.0},{"not_picked":["Hologram","Sunder"],"picked":"Compile Driver+1","floor":18.0},{"not_picked":["Auto Shields","Rebound","Sunder"],"picked":"SKIP","floor":20.0},{"not_picked":["Streamline","Beam Cell"],"picked":"Storm+1","floor":21.0},{"not_picked":["Coolheaded","Reprogram"],"picked":"Doom and Gloom","floor":24.0},{"not_picked":["Lockon","Leap+1"],"picked":"Hologram","floor":27.0},{"not_picked":["Tempest","Barrage","Coolheaded"],"picked":"SKIP","floor":28.0},{"not_picked":["Sunder","Loop+1"],"picked":"Capacitor+1","floor":30.0},{"not_picked":["Streamline","Reinforced Body","Leap"],"picked":"SKIP","floor":31.0},{"not_picked":["Machine Learning+1","Hyperbeam"],"picked":"Echo Form+1","floor":33.0},{"not_picked":["Skim","Stack"],"picked":"Ball Lightning","floor":35},{"not_picked":["Turbo","Coolheaded","Leap"],"picked":"SKIP","floor":38},{"not_picked":["Meteor Strike","Hello World+1","Cold Snap"],"picked":"SKIP","floor":41},{"not_picked":["Doom and Gloom+1","Coolheaded","Core Surge"],"picked":"SKIP","floor":44},{"not_picked":["Hello World+1","White Noise"],"picked":"Glacier","floor":46},{"not_picked":["Scrape","Cold Snap+1"],"picked":"Thunder Strike","floor":47},{"not_picked":["Conserve Battery","Compile Driver","Redo"],"picked":"SKIP","floor":48},{"not_picked":["Compile Driver","Conserve Battery"],"picked":"Biased Cognition+1","floor":54}],"player_experience":1194789,"relics_obtained":[{"floor":6.0,"key":"Pen Nib"},{"floor":9.0,"key":"Frozen Egg 2"},{"floor":13.0,"key":"Ginger"},{"floor":24.0,"key":"Dodecahedron"},{"floor":26.0,"key":"Shuriken"},{"floor":27.0,"key":"Blood Vial"},{"floor":37,"key":"Emotion Chip"},{"floor":41,"key":"Pear"},{"floor":44,"key":"Pantograph"},{"floor":47,"key":"Anchor"},{"floor":54,"key":"Bottled Tornado"}],"event_choices":[{"damage_healed":0.0,"max_hp_gain":0.0,"max_hp_loss":0.0,"gold_gain":0.0,"cards_transformed":["Strike_B"],"event_name":"Transmorgrifier","player_choice":"Transformed","floor":7.0,"gold_loss":0.0,"damage_taken":0.0,"cards_obtained":["Steam Power"]},{"damage_healed":0.0,"max_hp_gain":0.0,"max_hp_loss":0.0,"gold_gain":0.0,"cards_transformed":["Chaos"],"event_name":"Transmorgrifier","player_choice":"Transformed","floor":22.0,"gold_loss":0.0,"damage_taken":0.0,"cards_obtained":["Machine Learning"]},{"damage_healed":0,"gold_gain":0,"player_choice":"Ignored","damage_taken":0,"max_hp_gain":0,"max_hp_loss":0,"event_name":"Mysterious Sphere","floor":39,"gold_loss":0},{"damage_healed":0,"gold_gain":0,"player_choice":"Ignored","damage_taken":0,"max_hp_gain":0,"max_hp_loss":0,"event_name":"Tomb of Lord Red Mask","floor":42,"gold_loss":0}],"is_beta":false,"boss_relics":[{"not_picked":["Velvet Choker","Tiny House"],"picked":"Pandora\u0027s Box"},{"not_picked":["Lizard Tail","White Beast Statue"],"picked":"Runic Pyramid"}],"items_purged_floors":[],"is_endless":false,"potions_floor_spawned":[2,4,6,8,16,20,24,30,31,33,44,46,47,48,54],"killed_by":"The Heart","ascension_level":13}