{"gold_per_floor":[117,129,145,163,183,214,225,244,244,244,261,261,280,298,298,298],"floor_reached":16,"playtime":754,"items_purged":[],"score":220,"play_id":"0b3725b7-c83b-4160-a799-74634e584f5b","local_time":"20190626175918","is_ascension_mode":true,"campfire_choices":[{"floor":12,"key":"REST"},{"floor":15,"key":"REST"}],"neow_cost":"TEN_PERCENT_HP_LOSS","seed_source_timestamp":116781025660500,"circlet_count":0,"master_deck":["AscendersBane","Defend_G","Defend_G","Defend_G","Defend_G","Defend_G","Strike_G","Strike_G","Strike_G","Strike_G","Strike_G","Survivor","Neutralize","Backflip","Infinite Blades","Dagger Throw","All Out Attack","Reflex","Dagger Throw","Masterful Stab","Quick Slash","Parasite","Dagger Throw","PiercingWail","Underhanded Strike"],"relics":["Ring of the Snake","Dead Branch","Regal Pillow","Question Card"],"potions_floor_usage":[5,6,7,16],"damage_taken":[{"damage":3,"enemies":"Cultist","floor":1,"turns":5},{"damage":2,"enemies":"Jaw Worm","floor":2,"turns":7},{"damage":0,"enemies":"2 Louse","floor":3,"turns":3},{"damage":15,"enemies":"Lots of Slimes","floor":4,"turns":5},{"damage":11,"enemies":"Gremlin Gang","floor":5,"turns":4},{"damage":20,"enemies":"Gremlin Nob","floor":6,"turns":4},{"damage":4,"enemies":"Exordium Wildlife","floor":7,"turns":4},{"damage":0,"enemies":"Looter","floor":8,"turns":4},{"damage":2,"enemies":"2 Fungi Beasts","floor":11,"turns":3},{"damage":36,"enemies":"Exordium Thugs","floor":13,"turns":5},{"damage":10,"enemies":"Large Slime","floor":14,"turns":5},{"damage":39,"enemies":"The Guardian","floor":16,"turns":11}],"seed_played":"6496548020530155650","potions_obtained":[{"floor":3,"key":"Weak Potion"},{"floor":4,"key":"Block Potion"},{"floor":6,"key":"Fire Potion"},{"floor":14,"key":"SteroidPotion"}],"is_trial":false,"path_per_floor":["M","M","M","M","M","E","M","M","T","?","M","R","M","M","R","B"],"character_chosen":"THE_SILENT","items_purchased":[],"campfire_rested":2,"item_purchase_floors":[],"current_hp_per_floor":[56,54,54,39,28,8,4,4,4,19,17,50,14,4,37,0],"gold":298,"neow_bonus":"ONE_RARE_RELIC","is_prod":false,"is_daily":false,"chose_seed":false,"campfire_upgraded":0,"win_rate":0,"timestamp":1561586358,"path_taken":["M","M","M","M","?","E","M","M","T","?","M","R","M","M","R","BOSS"],"build_version":"2019-01-23","purchased_purges":0,"victory":false,"max_hp_per_floor":[60,60,60,60,60,60,60,60,60,60,60,60,60,60,60,60],"card_choices":[{"not_picked":["Infinite Blades","Accuracy"],"picked":"Backflip","floor":1},{"not_picked":["Deflect","Cloak And Dagger"],"picked":"Infinite Blades","floor":2},{"not_picked":["Blade Dance","Grand Finale"],"picked":"Dagger Throw","floor":3},{"not_picked":["Flying Knee","Blur"],"picked":"All Out Attack","floor":4},{"not_picked":["Slice","Sucker Punch"],"picked":"Reflex","floor":5},{"not_picked":["Outmaneuver","Terror"],"picked":"Dagger Throw","floor":6},{"not_picked":["Calculated Gamble","Prepared"],"picked":"Masterful Stab","floor":7},{"not_picked":["Slice","Choke"],"picked":"Quick Slash","floor":8},{"not_picked":["Dagger Spray","Prepared","Slice"],"picked":"Dagger Throw","floor":11},{"not_picked":["Caltrops","Phantasmal Killer","Outmaneuver"],"picked":"PiercingWail","floor":13},{"not_picked":["Sucker Punch","Slice","Dagger Spray"],"picked":"Underhanded Strike","floor":14}],"player_experience":1443890,"relics_obtained":[{"floor":6,"key":"Regal Pillow"},{"floor":9,"key":"Question Card"}],"event_choices":[{"damage_healed":15,"gold_gain":0,"player_choice":"Healed and dodged fight","damage_taken":0,"max_hp_gain":0,"max_hp_loss":0,"event_name":"Mushrooms","floor":10,"gold_loss":0,"cards_obtained":["Parasite"]}],"is_beta":false,"boss_relics":[],"items_purged_floors":[],"is_endless":false,"potions_floor_spawned":[3,4,6,14],"killed_by":"The Guardian","ascension_level":20}