{"gold_per_floor":[112,112,37,52,52,82,82,29,29,29,48,63,63,81,81,176,176,191,191,211,244,244,244,255,255,307,307,207,207,233,55,55,55],"floor_reached":33,"playtime":2293,"items_purged":["Strike_B","Decay","Shame"],"score":274,"play_id":"233da8a7-abc7-49c5-aa5b-7c0434af222b","local_time":"20190531073348","is_ascension_mode":true,"campfire_choices":[{"data":"Zap","floor":7,"key":"SMITH"},{"data":"Dualcast","floor":10,"key":"SMITH"},{"data":"Glacier","floor":13,"key":"SMITH"},{"data":"Hologram","floor":15,"key":"SMITH"},{"floor":23,"key":"REST"},{"floor":27,"key":"REST"},{"floor":29,"key":"REST"},{"floor":32,"key":"REST"}],"neow_cost":"NONE","seed_source_timestamp":243708463592915,"circlet_count":0,"master_deck":["Defend_B","Defend_B","Defend_B","Defend_B","Zap+1","Dualcast+1","Hologram+1","Gash","Glacier+1","Coolheaded","Conserve Battery","Electrodynamics","Writhe","Rebound","Streamline","Reinforced Body","Gash+1","Creative AI","Cold Snap"],"relics":["Cracked Core","Nunchaku","Ornamental Fan","Calling Bell","Pen Nib","Dodecahedron","Unceasing Top","Ginger","Red Mask","Blood Vial","Darkstone Periapt"],"potions_floor_usage":[18,20,21,30,30],"damage_taken":[{"damage":1,"enemies":"2 Louse","floor":1,"turns":3},{"damage":5,"enemies":"Cultist","floor":4,"turns":5},{"damage":22,"enemies":"Gremlin Nob","floor":6,"turns":5},{"damage":0,"enemies":"Jaw Worm","floor":11,"turns":2},{"damage":0,"enemies":"Looter","floor":12,"turns":3},{"damage":0,"enemies":"3 Louse","floor":14,"turns":5},{"damage":12,"enemies":"The Guardian","floor":16,"turns":17},{"damage":4,"enemies":"2 Thieves","floor":18,"turns":4},{"damage":20,"enemies":"Chosen","floor":20,"turns":6},{"damage":49,"enemies":"Masked Bandits","floor":21,"turns":6},{"damage":11,"enemies":"Centurion and Healer","floor":24,"turns":13},{"damage":18,"enemies":"Slavers","floor":30,"turns":7},{"damage":65,"enemies":"Collector","floor":33,"turns":12}],"seed_played":"-1625035160245391393","potions_obtained":[{"floor":6,"key":"Energy Potion"},{"floor":11,"key":"Poison Potion"},{"floor":16,"key":"AttackPotion"},{"floor":18,"key":"Block Potion"},{"floor":24,"key":"Ancient Potion"}],"is_trial":false,"path_per_floor":["M","?","$","M","$","E","R","$","T","R","M","M","R","M","R","B",null,"M","?","M","?","?","R","M","?","T","R","$","R","E","$","R","B"],"character_chosen":"DEFECT","items_purchased":["Coolheaded","Cold Snap"],"campfire_rested":4,"item_purchase_floors":[8,31],"current_hp_per_floor":[74,74,74,69,69,47,47,47,47,47,47,47,47,47,47,35,75,71,71,51,2,2,24,13,13,13,35,35,57,41,41,63,0],"gold":55,"neow_bonus":"TRANSFORM_CARD","is_prod":false,"is_daily":false,"chose_seed":false,"campfire_upgraded":4,"win_rate":0,"timestamp":1559306028,"path_taken":["M","?","$","M","$","E","R","?","T","R","M","M","R","M","R","BOSS","M","?","M","?","?","R","M","?","T","R","$","R","E","$","R","BOSS"],"build_version":"2019-01-23","purchased_purges":3,"victory":false,"max_hp_per_floor":[75,75,75,75,75,75,75,75,75,75,75,75,75,75,75,75,75,75,75,75,75,75,75,75,75,75,75,75,75,75,75,75,75],"card_choices":[{"not_picked":["Stack","Steam Power"],"picked":"Gash","floor":1},{"not_picked":["Skim","Cold Snap"],"picked":"Glacier","floor":4},{"not_picked":["Fusion","Reinforced Body","Leap"],"picked":"SKIP","floor":6},{"not_picked":["Compile Driver","Streamline","Barrage"],"picked":"SKIP","floor":11},{"not_picked":["Storm","Go for the Eyes"],"picked":"Conserve Battery","floor":12},{"not_picked":["Streamline","Hologram","Blizzard"],"picked":"SKIP","floor":14},{"not_picked":["Core Surge","Reboot"],"picked":"Electrodynamics","floor":16},{"not_picked":["Reinforced Body","Genetic Algorithm+1","Consume"],"picked":"SKIP","floor":18},{"not_picked":["Force Field","Steam+1","Glacier+1"],"picked":"SKIP","floor":20},{"not_picked":["Leap","Reprogram+1"],"picked":"Rebound","floor":21},{"not_picked":["Hologram","Force Field"],"picked":"Gash+1","floor":24},{"not_picked":["Rebound","Conserve Battery+1"],"picked":"Creative AI","floor":30}],"player_experience":37213,"relics_obtained":[{"floor":6,"key":"Nunchaku"},{"floor":9,"key":"Ornamental Fan"},{"floor":17,"key":"Pen Nib"},{"floor":17,"key":"Dodecahedron"},{"floor":17,"key":"Unceasing Top"},{"floor":21,"key":"Red Mask"},{"floor":26,"key":"Blood Vial"},{"floor":30,"key":"Darkstone Periapt"}],"event_choices":[{"damage_healed":0,"gold_gain":0,"player_choice":"Bought 0 Potions","damage_taken":0,"max_hp_gain":0,"max_hp_loss":0,"event_name":"The Woman in Blue","floor":2,"gold_loss":0},{"damage_healed":0,"gold_gain":0,"player_choice":"Opened","damage_taken":0,"relics_obtained":["Ginger"],"max_hp_gain":0,"max_hp_loss":0,"event_name":"The Mausoleum","floor":19,"gold_loss":0,"cards_obtained":["Writhe"]},{"damage_healed":0,"gold_gain":0,"player_choice":"Fought Bandits","damage_taken":0,"max_hp_gain":0,"max_hp_loss":0,"event_name":"Masked Bandits","floor":21,"gold_loss":0},{"damage_healed":0,"gold_gain":0,"cards_transformed":["Strike_B","Strike_B"],"player_choice":"Became Test Subject","damage_taken":0,"max_hp_gain":0,"max_hp_loss":0,"event_name":"Drug Dealer","floor":22,"gold_loss":0,"cards_obtained":["Streamline","Reinforced Body"]},{"cards_removed":["Regret"],"damage_healed":0,"gold_gain":0,"player_choice":"Elegance","damage_taken":0,"max_hp_gain":0,"max_hp_loss":0,"event_name":"Back to Basics","floor":25,"gold_loss":0}],"is_beta":false,"boss_relics":[{"not_picked":["Philosopher\u0027s Stone","Nuclear Battery"],"picked":"Calling Bell"}],"items_purged_floors":[3,28,31],"is_endless":false,"potions_floor_spawned":[6,11,16,18,24],"killed_by":"Collector","ascension_level":1}