{"gold_per_floor":[112,124,134,134,146,176,191,223,223,298,313,328,68,88,88,186,186,199,199,4,4,24,24,56,56,56,85,85,99,116,147,147,252,252,272,286,334,12,12,12,31,31,31,41,67,29,61,94,94,94],"floor_reached":51,"playtime":3929,"items_purged":["Decay"],"score":862,"play_id":"b69ad799-bc52-48f1-b9ba-78ba6fb6cb91","local_time":"20190316181813","is_ascension_mode":false,"campfire_choices":[{"data":"Zap","floor":15,"key":"SMITH"},{"data":"Machine Learning","floor":23,"key":"SMITH"},{"floor":25,"key":"REST"},{"floor":32,"key":"REST"},{"floor":40,"key":"REST"},{"floor":42,"key":"REST"},{"floor":49,"key":"REST"}],"neow_cost":"NONE","seed_source_timestamp":0,"circlet_count":0,"master_deck":["Defend_B","Defend_B","Defend_B","Defend_B","Zap+1","Dualcast","Genetic Algorithm","Sweeping Beam","Glacier","Cold Snap","Machine Learning+1","Leap","Doom and Gloom","Hologram","Coolheaded","Capacitor+1","Turbo","Rebound","Fission+1","Redo+1","Rebound+1","Turbo+1","FTL","Storm+1","Compile Driver","Blizzard","Static Discharge+1","Undo+1","Consume+1","Steam+1","Stack+1","Echo Form+1","Echo Form+1","Defragment+1","White Noise+1","Writhe","Skim+1","Defragment+1","Loop+1","Double Energy+1"],"special_seed":0,"relics":["Cracked Core","NeowsBlessing","Anchor","Meat on the Bone","Frozen Egg 2","Membership Card","Astrolabe","Toxic Egg 2","Blood Vial","WingedGreaves","Red Mask","Pocketwatch","Sozu","Du-Vu Doll","Mummified Hand","Pear","PreservedInsect","Gremlin Horn","Peace Pipe","Ornamental Fan"],"potions_floor_usage":[16,31],"damage_taken":[{"damage":0,"enemies":"Cultist","floor":1,"turns":1},{"damage":0,"enemies":"2 Louse","floor":2,"turns":1},{"damage":0,"enemies":"Jaw Worm","floor":3,"turns":1},{"damage":17,"enemies":"Exordium Thugs","floor":5,"turns":6},{"damage":18,"enemies":"3 Sentries","floor":6,"turns":9},{"damage":0,"enemies":"Blue Slaver","floor":7,"turns":5},{"damage":4,"enemies":"Lagavulin","floor":8,"turns":12},{"damage":1,"enemies":"Red Slaver","floor":11,"turns":3},{"damage":8,"enemies":"Looter","floor":12,"turns":4},{"damage":0,"enemies":"Large Slime","floor":14,"turns":7},{"damage":32,"enemies":"Slime Boss","floor":16,"turns":11},{"damage":9,"enemies":"3 Byrds","floor":18,"turns":6},{"damage":0,"enemies":"Spheric Guardian","floor":22,"turns":3},{"damage":56,"enemies":"Book of Stabbing","floor":24,"turns":9},{"damage":20,"enemies":"Masked Bandits","floor":27,"turns":4},{"damage":14,"enemies":"Snake Plant","floor":29,"turns":5},{"damage":10,"enemies":"Chosen and Byrds","floor":30,"turns":10},{"damage":22,"enemies":"Slavers","floor":31,"turns":7},{"damage":4,"enemies":"Collector","floor":33,"turns":9},{"damage":1,"enemies":"3 Darklings","floor":35,"turns":8},{"damage":19,"enemies":"3 Shapes","floor":36,"turns":4},{"damage":45,"enemies":"2 Orb Walkers","floor":37,"turns":4},{"damage":31,"enemies":"Sphere and 2 Shapes","floor":41,"turns":4},{"damage":0,"enemies":"Spire Growth","floor":44,"turns":4},{"damage":2,"enemies":"Nemesis","floor":45,"turns":5},{"damage":0,"enemies":"Giant Head","floor":47,"turns":6},{"damage":16,"enemies":"Reptomancer","floor":48,"turns":4},{"damage":0,"enemies":"Awakened One","floor":50,"turns":9}],"seed_played":"-7632165023413982451","potions_obtained":[{"floor":1,"key":"Swift Potion"},{"floor":3,"key":"Fire Potion"},{"floor":16,"key":"Dexterity Potion"},{"floor":24,"key":"Fire Potion"},{"floor":29,"key":"Regen Potion"},{"floor":33,"key":"Swift Potion"}],"is_trial":false,"path_per_floor":["M","M","M","?","M","E","M","E","T","?","M","M","$","M","R","B",null,"M","?","$","?","M","R","E","R","T","?","?","M","M","E","R","B",null,"M","M","?","$","?","R","M","R","T","M","E","$","E","E","R","B",null],"character_chosen":"DEFECT","items_purchased":["Membership Card","Capacitor+1","Turbo","Toxic Egg 2","Storm+1","Compile Driver","Defragment+1","Mummified Hand","White Noise+1","Pear"],"campfire_rested":5,"item_purchase_floors":[13,13,13,20,20,20,38,38,38,38],"current_hp_per_floor":[75,75,75,68,51,33,33,29,29,18,29,33,33,45,45,25,75,66,66,66,66,66,66,22,44,44,38,38,38,42,49,71,69,75,74,56,25,35,56,81,52,77,77,79,79,79,81,67,85,85],"gold":94,"neow_bonus":"THREE_ENEMY_KILL","is_prod":false,"is_daily":false,"chose_seed":false,"campfire_upgraded":2,"win_rate":0.0,"timestamp":1552774693,"path_taken":["M","M","?","?","M","E","M","E","T","?","M","?","$","M","R","BOSS","M","?","$","?","?","R","E","R","T","?","?","M","M","E","R","BOSS","M","M","?","?","?","R","M","R","T","M","E","$","E","E","R","BOSS"],"build_version":"2019-01-23","purchased_purges":1,"victory":true,"max_hp_per_floor":[75,75,75,75,75,75,75,75,75,75,75,75,75,75,75,75,75,75,75,75,75,75,75,75,75,75,75,75,75,75,75,75,75,75,75,75,75,85,85,85,85,85,85,85,85,85,85,85,85,85],"card_choices":[{"not_picked":["Auto Shields","Turbo"],"picked":"Genetic Algorithm","floor":1},{"not_picked":["Leap","Barrage"],"picked":"Sweeping Beam","floor":2},{"not_picked":["Sweeping Beam","Streamline"],"picked":"Glacier","floor":3},{"not_picked":["Redo","Go for the Eyes"],"picked":"Cold Snap","floor":5},{"not_picked":["Conserve Battery","Go for the Eyes"],"picked":"Machine Learning","floor":6},{"not_picked":["FTL","Rebound"],"picked":"Leap","floor":7},{"not_picked":["Compile Driver","Coolheaded"],"picked":"Doom and Gloom","floor":8},{"not_picked":["Stack","Lockon"],"picked":"Hologram","floor":11},{"not_picked":["Steam","Hologram"],"picked":"Coolheaded","floor":12},{"not_picked":["Cold Snap","Darkness"],"picked":"Rebound","floor":14},{"not_picked":["Buffer+1","Reboot"],"picked":"Fission","floor":16},{"not_picked":["Cold Snap","Streamline"],"picked":"FTL","floor":18},{"not_picked":["Leap+1","Turbo+1"],"picked":"Blizzard","floor":22},{"not_picked":["Scrape","Auto Shields+1"],"picked":"Static Discharge+1","floor":24},{"not_picked":["Hologram+1","Melter"],"picked":"Undo+1","floor":27},{"not_picked":["Turbo+1","Coolheaded+1","Consume+1"],"picked":"SKIP","floor":29},{"not_picked":["Turbo+1","Coolheaded+1"],"picked":"Consume+1","floor":29},{"not_picked":["Fission+1","Force Field+1"],"picked":"Steam+1","floor":30},{"not_picked":["Streamline","Beam Cell"],"picked":"Stack+1","floor":31},{"not_picked":["Machine Learning+1","Meteor Strike"],"picked":"Echo Form+1","floor":33},{"not_picked":["Turbo+1","Auto Shields+1","Redo+1"],"picked":"SKIP","floor":35},{"not_picked":["Turbo+1","Compile Driver+1","Sweeping Beam+1"],"picked":"SKIP","floor":36},{"not_picked":["Self Repair+1","Heatsinks+1"],"picked":"Echo Form+1","floor":37},{"not_picked":["Streamline","Ball Lightning+1","Rebound"],"picked":"SKIP","floor":41},{"not_picked":["Doom and Gloom","Compile Driver"],"picked":"Skim+1","floor":44},{"not_picked":["Reboot+1","Stack+1"],"picked":"Defragment+1","floor":45},{"not_picked":["Sunder","Defragment+1"],"picked":"Loop+1","floor":47},{"not_picked":["Leap+1","Go for the Eyes+1"],"picked":"Double Energy+1","floor":48}],"player_experience":26594,"relics_obtained":[{"floor":6,"key":"Anchor"},{"floor":8,"key":"Meat on the Bone"},{"floor":9,"key":"Frozen Egg 2"},{"floor":24,"key":"Blood Vial"},{"floor":26,"key":"WingedGreaves"},{"floor":27,"key":"Red Mask"},{"floor":31,"key":"Pocketwatch"},{"floor":37,"key":"Du-Vu Doll"},{"floor":43,"key":"PreservedInsect"},{"floor":45,"key":"Gremlin Horn"},{"floor":47,"key":"Peace Pipe"},{"floor":48,"key":"Ornamental Fan"}],"event_choices":[{"cards_removed":["Strike_B"],"damage_healed":0,"gold_gain":0,"player_choice":"Card Removal","damage_taken":7,"max_hp_gain":0,"max_hp_loss":0,"event_name":"Golden Wing","floor":4,"gold_loss":0},{"damage_healed":0,"gold_gain":75,"player_choice":"Gather Gold","damage_taken":11,"max_hp_gain":0,"max_hp_loss":0,"event_name":"World of Goop","floor":10,"gold_loss":0},{"damage_healed":0,"gold_gain":0,"player_choice":"Ignored","damage_taken":0,"max_hp_gain":0,"max_hp_loss":0,"event_name":"Beggar","floor":19,"gold_loss":0},{"damage_healed":0,"gold_gain":0,"player_choice":"Upgraded","damage_taken":0,"max_hp_gain":0,"max_hp_loss":0,"event_name":"Upgrade Shrine","floor":21,"gold_loss":0,"cards_upgraded":["Fission"]},{"damage_healed":0,"gold_gain":0,"player_choice":"Fought Bandits","damage_taken":0,"max_hp_gain":0,"max_hp_loss":0,"event_name":"Masked Bandits","floor":27,"gold_loss":0},{"damage_healed":0,"gold_gain":0,"player_choice":"Smashed Altar","damage_taken":0,"max_hp_gain":0,"max_hp_loss":0,"event_name":"Forgotten Altar","floor":28,"gold_loss":0,"cards_obtained":["Decay"]},{"damage_healed":0,"gold_gain":0,"player_choice":"Fight","damage_taken":0,"max_hp_gain":0,"max_hp_loss":0,"event_name":"Mysterious Sphere","floor":37,"gold_loss":0},{"damage_healed":21,"gold_gain":0,"player_choice":"Writhe","damage_taken":0,"max_hp_gain":0,"max_hp_loss":0,"event_name":"Winding Halls","floor":39,"gold_loss":0,"cards_obtained":["Writhe"]}],"is_beta":false,"boss_relics":[{"not_picked":["White Beast Statue","Eternal Feather"],"picked":"Astrolabe"},{"not_picked":["Philosopher\u0027s Stone","Orrery"],"picked":"Sozu"}],"items_purged_floors":[46],"is_endless":false,"potions_floor_spawned":[1,3,16,24,29,33,35,45,48],"ascension_level":0}