{"gold_per_floor":[110,110,133,148,169,169,169,213,266,266,290,334,334,357,357,488,488,503,518,209,232,232,232,83,83,106,124,167,167,182,182],"floor_reached":31,"playtime":1970,"items_purged":["Defend_B","Strike_B"],"score":334,"play_id":"4edc93ab-fa08-4a70-addc-316315d97d50","local_time":"20190621233241","is_ascension_mode":true,"campfire_choices":[{"data":"Genetic Algorithm","floor":6,"key":"SMITH"},{"floor":10,"key":"REST"},{"floor":13,"key":"REST"},{"floor":15,"key":"REST"},{"data":"Chill","floor":23,"key":"SMITH"}],"neow_cost":"TEN_PERCENT_HP_LOSS","seed_source_timestamp":52929541297884,"circlet_count":0,"master_deck":["Strike_B","Defend_B","Defend_B","Zap","Dualcast","Go for the Eyes","FTL","Chill+1","Glacier","Coolheaded","Genetic Algorithm+1","Heatsinks","Barrage","Cold Snap","Leap","Fission","Sunder","Tempest","Storm","Conserve Battery","Leap","Ball Lightning","Self Repair","Redo+1","Capacitor","Rebound+1"],"relics":["Cracked Core","Golden Idol","Bottled Flame","Vajra","PreservedInsect","Snecko Eye","Bag of Marbles","Art of War","Lantern"],"potions_floor_usage":[8,8,12,16,21,27,28],"damage_taken":[{"damage":10,"enemies":"Small Slimes","floor":1,"turns":4},{"damage":0,"enemies":"2 Louse","floor":3,"turns":3},{"damage":0,"enemies":"Cultist","floor":4,"turns":3},{"damage":4,"enemies":"Red Slaver","floor":5,"turns":3},{"damage":21,"enemies":"Lagavulin","floor":8,"turns":12},{"damage":3,"enemies":"3 Louse","floor":11,"turns":4},{"damage":22,"enemies":"Gremlin Nob","floor":12,"turns":4},{"damage":0,"enemies":"Large Slime","floor":14,"turns":6},{"damage":26,"enemies":"Slime Boss","floor":16,"turns":13},{"damage":2,"enemies":"3 Byrds","floor":18,"turns":6},{"damage":7,"enemies":"Chosen","floor":19,"turns":4},{"damage":6,"enemies":"Snake Plant","floor":21,"turns":3},{"damage":13,"enemies":"Snecko","floor":27,"turns":6},{"damage":33,"enemies":"Book of Stabbing","floor":28,"turns":6},{"damage":8,"enemies":"Centurion and Healer","floor":30,"turns":4},{"damage":8,"enemies":"Chosen and Byrds","floor":31,"turns":1}],"seed_played":"-7174884227769952094","potions_obtained":[{"floor":1,"key":"SteroidPotion"},{"floor":4,"key":"Poison Potion"},{"floor":5,"key":"Weak Potion"},{"floor":14,"key":"SteroidPotion"},{"floor":18,"key":"AttackPotion"},{"floor":21,"key":"Energy Potion"},{"floor":27,"key":"EssenceOfSteel"},{"floor":30,"key":"SpeedPotion"}],"is_trial":false,"path_per_floor":["M","?","M","M","M","R","?","E","T","R","M","E","R","M","R","B",null,"M","M","$","M","?","R","$","?","T","M","E","?","M","M"],"character_chosen":"DEFECT","items_purchased":["Storm","Conserve Battery","Bag of Marbles","Ball Lightning"],"campfire_rested":3,"item_purchase_floors":[20,20,20,24],"current_hp_per_floor":[58,41,41,41,37,37,30,9,9,29,26,4,24,24,44,18,56,54,47,47,41,41,41,41,41,41,35,9,9,8,0],"gold":182,"neow_bonus":"TRANSFORM_TWO_CARDS","is_prod":false,"is_daily":false,"chose_seed":false,"campfire_upgraded":2,"win_rate":0,"timestamp":1561174361,"path_taken":["M","?","M","M","M","R","?","E","T","R","M","E","R","M","R","BOSS","M","M","$","M","?","R","$","?","T","M","E","?","M","M"],"build_version":"2019-01-23","purchased_purges":2,"victory":false,"max_hp_per_floor":[68,68,68,68,68,68,68,68,68,68,68,68,68,68,68,68,68,68,68,68,68,68,68,68,68,68,68,68,68,68,68],"card_choices":[{"not_picked":["Steam","Redo"],"picked":"Chill","floor":1},{"not_picked":["Chill","Ball Lightning"],"picked":"Glacier","floor":3},{"not_picked":["Go for the Eyes","Rebound"],"picked":"Coolheaded","floor":4},{"not_picked":["Compile Driver","Lockon"],"picked":"Genetic Algorithm","floor":5},{"not_picked":["Beam Cell","Multi-Cast"],"picked":"Heatsinks","floor":8},{"not_picked":["Sweeping Beam","Melter"],"picked":"Barrage","floor":11},{"not_picked":["Lockon","Steam"],"picked":"Cold Snap","floor":12},{"not_picked":["Rebound","Gash"],"picked":"Leap","floor":14},{"not_picked":["Hyperbeam","Thunder Strike"],"picked":"Fission","floor":16},{"not_picked":["Steam+1","Doom and Gloom+1"],"picked":"Sunder","floor":18},{"not_picked":["Beam Cell","Rebound"],"picked":"Tempest","floor":19},{"not_picked":["FTL","Steam"],"picked":"Leap","floor":21},{"not_picked":["Force Field+1","Beam Cell"],"picked":"Redo+1","floor":27},{"not_picked":["Barrage","Redo+1"],"picked":"Capacitor","floor":28},{"not_picked":["Coolheaded","Hologram"],"picked":"Rebound+1","floor":30}],"player_experience":315293,"relics_obtained":[{"floor":8,"key":"Bottled Flame"},{"floor":9,"key":"Vajra"},{"floor":12,"key":"PreservedInsect"},{"floor":26,"key":"Art of War"},{"floor":28,"key":"Lantern"}],"event_choices":[{"damage_healed":0,"gold_gain":0,"player_choice":"Take Damage","damage_taken":17,"relics_obtained":["Golden Idol"],"max_hp_gain":0,"max_hp_loss":0,"event_name":"Golden Idol","floor":2,"gold_loss":0},{"cards_removed":["Strike_B"],"damage_healed":0,"gold_gain":0,"player_choice":"Card Removal","damage_taken":7,"max_hp_gain":0,"max_hp_loss":0,"event_name":"Golden Wing","floor":7,"gold_loss":0},{"damage_healed":0,"gold_gain":0,"player_choice":"Ignored","damage_taken":0,"max_hp_gain":0,"max_hp_loss":0,"event_name":"Ghosts","floor":22,"gold_loss":0},{"damage_healed":0,"gold_gain":0,"player_choice":"Read","damage_taken":0,"max_hp_gain":0,"max_hp_loss":0,"event_name":"The Library","floor":25,"gold_loss":0,"cards_obtained":["Self Repair"]},{"damage_healed":0,"gold_gain":0,"player_choice":"Ignored","damage_taken":0,"max_hp_gain":0,"max_hp_loss":0,"event_name":"N\u0027loth","floor":29,"gold_loss":0}],"is_beta":false,"boss_relics":[{"not_picked":["Runic Dome","FrozenCore"],"picked":"Snecko Eye"}],"items_purged_floors":[20,24],"is_endless":false,"potions_floor_spawned":[1,4,5,14,18,21,27,30],"killed_by":"Chosen and Byrds","ascension_level":5}