{"gold_per_floor":[109,126,12,23,98,98,98,116,116,116,141,141,157,175,175,254,254,267,267,81,93,107,107,142,152,205,205,236,265,465,476,476,476],"floor_reached":33,"playtime":1080,"items_purged":["Strike_G","Strike_G"],"score":531,"play_id":"f6023bfd-0804-4950-ac0a-86f471f5f8b0","local_time":"20190625133439","is_ascension_mode":true,"campfire_choices":[{"data":"Backstab","floor":6,"key":"SMITH"},{"data":"Masterful Stab","floor":10,"key":"SMITH"},{"data":"Bouncing Flask","floor":15,"key":"SMITH"},{"floor":23,"key":"REST"},{"floor":27,"key":"REST"},{"floor":32,"key":"REST"}],"neow_cost":"NONE","seed_source_timestamp":14175774216500,"circlet_count":0,"master_deck":["AscendersBane","Defend_G","Defend_G","Defend_G","Defend_G","Defend_G","Strike_G","Strike_G","Strike_G+1","Survivor","Neutralize","Masterful Stab+1","PiercingWail+1","Backstab+1","PiercingWail","Dash","Caltrops+1","Bouncing Flask+1","Glass Knife","Leg Sweep","Bane","Cloak And Dagger+1","Acrobatics","Dash","PiercingWail+1","Backstab","Bouncing Flask+1"],"relics":["Ring of the Snake","NeowsBlessing","Frozen Egg 2","Ginger","Mercury Hourglass","Fusion Hammer","Bottled Lightning","Bag of Preparation","Toxic Egg 2","Red Mask"],"potions_floor_usage":[11,11,22,24,31,33],"damage_taken":[{"damage":0,"enemies":"Cultist","floor":1,"turns":1},{"damage":0,"enemies":"Small Slimes","floor":2,"turns":1},{"damage":0,"enemies":"Jaw Worm","floor":4,"turns":1},{"damage":0,"enemies":"Exordium Wildlife","floor":8,"turns":5},{"damage":2,"enemies":"Lagavulin","floor":11,"turns":4},{"damage":0,"enemies":"Looter","floor":13,"turns":2},{"damage":0,"enemies":"3 Louse","floor":14,"turns":3},{"damage":17,"enemies":"The Guardian","floor":16,"turns":9},{"damage":13,"enemies":"Shell Parasite","floor":18,"turns":4},{"damage":2,"enemies":"Chosen","floor":21,"turns":4},{"damage":0,"enemies":"Sentry and Sphere","floor":22,"turns":5},{"damage":21,"enemies":"Book of Stabbing","floor":24,"turns":4},{"damage":0,"enemies":"Snake Plant","floor":25,"turns":3},{"damage":14,"enemies":"Gremlin Leader","floor":28,"turns":7},{"damage":5,"enemies":"Masked Bandits","floor":29,"turns":4},{"damage":9,"enemies":"Shelled Parasite and Fungi","floor":31,"turns":3},{"damage":71,"enemies":"Champ","floor":33,"turns":10}],"seed_played":"-7572577321876434036","potions_obtained":[{"floor":2,"key":"Energy Potion"},{"floor":8,"key":"Strength Potion"},{"floor":21,"key":"Regen Potion"},{"floor":28,"key":"Energy Potion"},{"floor":29,"key":"AttackPotion"}],"is_trial":false,"path_per_floor":["M","M","$","M","?","R","?","M","T","R","E","T","M","M","R","B",null,"M","?","$","M","M","R","E","M","T","R","E","?","?","M","R","B"],"character_chosen":"THE_SILENT","items_purchased":["Backstab","LiquidBronze"],"campfire_rested":3,"item_purchase_floors":[3,20],"current_hp_per_floor":[59,59,59,59,48,48,28,28,28,28,26,26,26,26,26,9,52,39,39,39,37,52,66,45,45,45,64,50,45,45,36,55,0],"gold":476,"neow_bonus":"THREE_ENEMY_KILL","is_prod":false,"is_daily":false,"chose_seed":false,"campfire_upgraded":3,"win_rate":0,"timestamp":1561484079,"path_taken":["M","M","$","M","?","R","?","M","T","R","E","?","?","M","R","BOSS","M","?","$","M","M","R","E","M","T","R","E","?","?","M","R","BOSS"],"build_version":"2019-01-23","purchased_purges":2,"victory":false,"max_hp_per_floor":[66,66,66,66,66,66,66,66,66,66,66,66,66,66,66,66,66,66,66,66,66,66,66,66,66,66,66,66,66,66,66,66,66],"card_choices":[{"not_picked":["Backflip","Distraction"],"picked":"Masterful Stab","floor":1},{"not_picked":["Setup","Deadly Poison"],"picked":"PiercingWail","floor":2},{"not_picked":["Deflect","Slice"],"picked":"PiercingWail","floor":4},{"not_picked":["Cloak And Dagger","Terror"],"picked":"Dash","floor":8},{"not_picked":["Flechettes","Heel Hook"],"picked":"Caltrops+1","floor":11},{"not_picked":["Poisoned Stab","Eviscerate"],"picked":"Bouncing Flask","floor":13},{"not_picked":["Dagger Throw","Cloak And Dagger","Skewer"],"picked":"SKIP","floor":14},{"not_picked":["Die Die Die","Venomology"],"picked":"Glass Knife","floor":16},{"not_picked":["Concentrate+1","Flying Knee"],"picked":"Leg Sweep","floor":18},{"not_picked":["Dagger Spray","Concentrate"],"picked":"Bane","floor":21},{"not_picked":["Dodge and Roll","Dagger Spray"],"picked":"Cloak And Dagger+1","floor":22},{"not_picked":["Crippling Poison","Dagger Spray"],"picked":"Acrobatics","floor":24},{"not_picked":["Outmaneuver","Endless Agony+1"],"picked":"Dash","floor":25},{"not_picked":["Unload","Prepared","PiercingWail"],"picked":"SKIP","floor":28},{"not_picked":["Unload","Prepared"],"picked":"PiercingWail","floor":28},{"not_picked":["Flying Knee","Slice"],"picked":"Backstab","floor":29},{"not_picked":["Sucker Punch","Slice"],"picked":"Bouncing Flask+1","floor":31}],"player_experience":1405553,"relics_obtained":[{"floor":9,"key":"Frozen Egg 2"},{"floor":11,"key":"Ginger"},{"floor":12,"key":"Mercury Hourglass"},{"floor":24,"key":"Bottled Lightning"},{"floor":26,"key":"Bag of Preparation"},{"floor":28,"key":"Toxic Egg 2"},{"floor":29,"key":"Red Mask"}],"event_choices":[{"damage_healed":0,"gold_gain":75,"player_choice":"Gather Gold","damage_taken":11,"max_hp_gain":0,"max_hp_loss":0,"event_name":"World of Goop","floor":5,"gold_loss":0},{"damage_healed":0,"gold_gain":0,"player_choice":"Entered Light","damage_taken":20,"max_hp_gain":0,"max_hp_loss":0,"event_name":"Shining Light","floor":7,"gold_loss":0,"cards_upgraded":["Strike_G","PiercingWail"]},{"damage_healed":0,"gold_gain":0,"player_choice":"Ignored","damage_taken":0,"max_hp_gain":0,"max_hp_loss":0,"event_name":"Cursed Tome","floor":19,"gold_loss":0},{"damage_healed":0,"gold_gain":0,"player_choice":"Fought Bandits","damage_taken":0,"max_hp_gain":0,"max_hp_loss":0,"event_name":"Masked Bandits","floor":29,"gold_loss":0},{"damage_healed":0,"gold_gain":250,"player_choice":"Bet on Owner","damage_taken":0,"max_hp_gain":0,"max_hp_loss":0,"event_name":"The Joust","floor":30,"gold_loss":50}],"is_beta":false,"boss_relics":[{"not_picked":["Eternal Feather","Tiny House"],"picked":"Fusion Hammer"}],"items_purged_floors":[3,20],"is_endless":false,"potions_floor_spawned":[2,8,21,28,29],"killed_by":"Champ","ascension_level":17}