{"gold_per_floor":[18,31,31,48,48,48,58,58,58,71,87,97,97,151,151,222,222,238,238,238,255,255,282,300,300],"floor_reached":25,"playtime":1096,"items_purged":[],"score":355,"play_id":"360d4994-81b8-4c4e-b7ea-adc998ea9779","local_time":"20190625153901","is_ascension_mode":true,"campfire_choices":[{"data":"Apotheosis","floor":6.0,"key":"SMITH"},{"floor":8.0,"key":"REST"},{"floor":13.0,"key":"REST"},{"floor":15.0,"key":"REST"}],"neow_cost":"NO_GOLD","seed_source_timestamp":0,"circlet_count":0,"master_deck":["AscendersBane","Strike_B+1","Strike_B","Strike_B","Defend_B","Defend_B","Defend_B","Zap","Dualcast","Apotheosis+1","Forethought","Ball Lightning+1","Hologram","Doom and Gloom","FTL","Static Discharge","Seek+1","FTL","Gash","BootSequence"],"special_seed":0,"relics":["Cracked Core","Kunai","Whetstone","Runic Pyramid","Dodecahedron","Omamori"],"potions_floor_usage":[18],"damage_taken":[{"damage":6.0,"enemies":"Cultist","floor":1.0,"turns":4.0},{"damage":8.0,"enemies":"Small Slimes","floor":2.0,"turns":2.0},{"damage":14.0,"enemies":"2 Louse","floor":4.0,"turns":3.0},{"damage":12.0,"enemies":"Large Slime","floor":7.0,"turns":4.0},{"damage":23.0,"enemies":"Lots of Slimes","floor":10.0,"turns":3.0},{"damage":5.0,"enemies":"Exordium Thugs","floor":11.0,"turns":4.0},{"damage":1.0,"enemies":"Large Slime","floor":12.0,"turns":4.0},{"damage":18.0,"enemies":"The Guardian","floor":16.0,"turns":7.0},{"damage":0,"enemies":"Spheric Guardian","floor":18,"turns":3},{"damage":6,"enemies":"3 Byrds","floor":21,"turns":2},{"damage":18,"enemies":"Gremlin Leader","floor":23,"turns":6},{"damage":26,"enemies":"Snake Plant","floor":24,"turns":4},{"damage":17,"enemies":"Centurion and Healer","floor":25,"turns":2}],"seed_played":"-780313218195061458","potions_obtained":[{"floor":4.0,"key":"FearPotion"},{"floor":10.0,"key":"Swift Potion"},{"floor":12.0,"key":"Explosive Potion"},{"floor":16.0,"key":"FearPotion"},{"floor":24,"key":"Energy Potion"}],"is_trial":false,"path_per_floor":["M","M","?","M","?","R","M","R","T","M","M","M","R","T","R","B",null,"M","?","?","M","?","E","M","M"],"character_chosen":"DEFECT","items_purchased":[],"campfire_rested":3,"item_purchase_floors":[],"current_hp_per_floor":[62,54,47,33,33,33,21,43,43,20,15,14,36,36,58,40,66,66,66,66,60,60,42,16,0],"gold":300,"neow_bonus":"RANDOM_COLORLESS_2","is_prod":false,"is_daily":false,"chose_seed":false,"campfire_upgraded":1,"win_rate":0,"timestamp":1561487941,"path_taken":["M","?","?","M","?","R","M","R","T","M","?","M","R","?","R","BOSS","M","?","?","M","?","E","M","?"],"build_version":"2019-01-23","purchased_purges":0,"victory":false,"max_hp_per_floor":[75,75,75,75,75,75,75,75,75,75,75,75,75,75,75,75,75,75,75,75,75,75,75,75,75],"card_choices":[{"not_picked":["Loop","Aggregate"],"picked":"Ball Lightning","floor":1.0},{"not_picked":["Tempest","Redo","Barrage"],"picked":"SKIP","floor":2.0},{"not_picked":["Turbo","Gash"],"picked":"Hologram","floor":4.0},{"not_picked":["Redo","Stack"],"picked":"Doom and Gloom","floor":7.0},{"not_picked":["Compile Driver","Sweeping Beam"],"picked":"FTL","floor":10.0},{"not_picked":["Compile Driver","Go for the Eyes","Stack"],"picked":"SKIP","floor":11.0},{"not_picked":["Hello World","Ball Lightning"],"picked":"Static Discharge","floor":12.0},{"not_picked":["Meteor Strike","Hyperbeam"],"picked":"Seek","floor":16.0},{"not_picked":["Cold Snap","Streamline"],"picked":"FTL","floor":18},{"not_picked":["Compile Driver","Skim"],"picked":"Gash","floor":21},{"not_picked":["Tempest","BootSequence","Rebound"],"picked":"SKIP","floor":23},{"not_picked":["Gash+1","Compile Driver"],"picked":"BootSequence","floor":24}],"player_experience":1180698,"relics_obtained":[{"floor":9.0,"key":"Kunai"},{"floor":14.0,"key":"Whetstone"},{"floor":23,"key":"Omamori"}],"event_choices":[{"cards_removed":["Strike_B"],"damage_healed":0.0,"max_hp_gain":0.0,"max_hp_loss":0.0,"gold_gain":0.0,"event_name":"Golden Wing","player_choice":"Card Removal","floor":3.0,"gold_loss":0.0,"damage_taken":7.0},{"cards_removed":["Defend_B"],"damage_healed":0.0,"max_hp_gain":0.0,"max_hp_loss":0.0,"gold_gain":0.0,"event_name":"Wheel of Change","player_choice":"Card Removal","floor":5.0,"gold_loss":0.0,"damage_taken":0.0},{"damage_healed":0,"gold_gain":0,"player_choice":"Opened","damage_taken":0,"relics_obtained":["Dodecahedron"],"max_hp_gain":0,"max_hp_loss":0,"event_name":"The Mausoleum","floor":19,"gold_loss":0,"cards_obtained":["Writhe"]},{"cards_removed":["Writhe"],"damage_healed":0,"gold_gain":0,"player_choice":"Elegance","damage_taken":0,"max_hp_gain":0,"max_hp_loss":0,"event_name":"Back to Basics","floor":20,"gold_loss":0},{"damage_healed":0,"gold_gain":0,"player_choice":"Forge","damage_taken":0,"max_hp_gain":0,"max_hp_loss":0,"event_name":"Accursed Blacksmith","floor":22,"gold_loss":0,"cards_upgraded":["Seek"]}],"is_beta":false,"boss_relics":[{"not_picked":["Tiny House","White Beast Statue"],"picked":"Runic Pyramid"}],"items_purged_floors":[],"is_endless":false,"potions_floor_spawned":[4,10,12,16,24],"killed_by":"Centurion and Healer","ascension_level":13}