{"gold_per_floor":[111,125,139,109,124,124,151,83,83,83,108,119,137,148,148,249,249,266,4,4,4,14,39,39,58,84,98,98,98,108,108,108,108],"floor_reached":33,"playtime":2718,"items_purged":[],"score":281,"play_id":"399b349c-7b01-485e-9caa-043dbc464752","local_time":"20190223061525","is_ascension_mode":false,"campfire_choices":[{"data":"Cleave","floor":6,"key":"SMITH"},{"floor":15,"key":"REST"},{"floor":32,"key":"REST"}],"neow_cost":"NONE","seed_source_timestamp":93528552890208,"circlet_count":0,"master_deck":["Strike_R+1","Strike_R+1","Strike_R+1","Strike_R+1","Strike_R+1","Defend_R+1","Defend_R+1","Defend_R+1","Defend_R+1","Bash","Armaments","Headbutt","Battle Trance","Cleave+1","Flame Barrier","Bludgeon","Shrug It Off","Dropkick","Pommel Strike","Juggernaut","Feed","Corruption+1","Dual Wield+1","Fiend Fire","Headbutt+1","Anger","Uppercut"],"relics":["Burning Blood","Blood Vial","Lantern","Sundial","Sozu","Dodecahedron","Paper Frog","Pen Nib"],"potions_floor_usage":[25,28,30],"damage_taken":[{"damage":1,"enemies":"Cultist","floor":1,"turns":4},{"damage":1,"enemies":"2 Louse","floor":2,"turns":4},{"damage":8,"enemies":"Jaw Worm","floor":3,"turns":3},{"damage":10,"enemies":"Looter","floor":5,"turns":4},{"damage":57,"enemies":"Gremlin Nob","floor":7,"turns":6},{"damage":17,"enemies":"3 Sentries","floor":11,"turns":6},{"damage":19,"enemies":"Exordium Thugs","floor":12,"turns":4},{"damage":0,"enemies":"Exordium Wildlife","floor":13,"turns":4},{"damage":10,"enemies":"Gremlin Gang","floor":14,"turns":4},{"damage":65,"enemies":"Slime Boss","floor":16,"turns":14},{"damage":12,"enemies":"2 Thieves","floor":18,"turns":4},{"damage":7,"enemies":"Shell Parasite","floor":22,"turns":5},{"damage":64,"enemies":"Gremlin Leader","floor":23,"turns":9},{"damage":26,"enemies":"Centurion and Healer","floor":25,"turns":5},{"damage":20,"enemies":"Snecko","floor":27,"turns":4},{"damage":0,"enemies":"Sentry and Sphere","floor":28,"turns":1},{"damage":10,"enemies":"Centurion and Healer","floor":30,"turns":5},{"damage":47,"enemies":"Champ","floor":33,"turns":6}],"seed_played":"-8178971699184896005","potions_obtained":[{"floor":4,"key":"BloodPotion"},{"floor":4,"key":"Poison Potion"},{"floor":5,"key":"FearPotion"},{"floor":7,"key":"SmokeBomb"}],"is_trial":false,"path_per_floor":["M","M","M","?","M","R","E","$","T","?","E","M","M","M","R","B",null,"M","$","?","$","M","E","$","M","T","M","M","?","M","$","R","B"],"character_chosen":"IRONCLAD","items_purchased":["Bludgeon","Dodecahedron"],"campfire_rested":2,"item_purchase_floors":[8,19],"current_hp_per_floor":[88,88,86,86,82,82,31,31,31,60,51,40,48,46,72,15,88,85,85,85,85,86,30,30,21,21,9,17,17,15,15,42,0],"gold":108,"neow_bonus":"TEN_PERCENT_HP_BONUS","is_prod":false,"is_daily":false,"chose_seed":false,"campfire_upgraded":1,"win_rate":0.0,"timestamp":1550920525,"path_taken":["M","M","M","?","?","R","E","?","T","?","E","?","M","M","R","BOSS","M","$","?","?","?","E","$","M","T","M","M","?","M","?","R","BOSS"],"build_version":"2019-01-23","purchased_purges":0,"victory":false,"max_hp_per_floor":[88,88,88,88,88,88,88,88,88,88,88,88,88,88,88,88,88,91,91,91,91,91,91,91,91,91,91,91,91,91,91,91,91],"card_choices":[{"not_picked":["Body Slam","Sword Boomerang"],"picked":"Armaments","floor":1},{"not_picked":["Clash","Metallicize"],"picked":"Headbutt","floor":2},{"not_picked":["Sword Boomerang","Anger"],"picked":"Battle Trance","floor":3},{"not_picked":["Perfected Strike","Power Through"],"picked":"Cleave","floor":5},{"not_picked":["Headbutt","Shrug It Off"],"picked":"Flame Barrier","floor":7},{"not_picked":["Intimidate","Body Slam"],"picked":"Shrug It Off","floor":11},{"not_picked":["Iron Wave","Warcry"],"picked":"Dropkick","floor":12},{"not_picked":["Clash","Body Slam"],"picked":"Pommel Strike","floor":13},{"not_picked":["Fire Breathing","Cleave"],"picked":"Juggernaut","floor":14},{"not_picked":["Dark Embrace","Fiend Fire"],"picked":"Feed","floor":16},{"not_picked":["Pommel Strike+1","Armaments"],"picked":"Corruption+1","floor":18},{"not_picked":["Intimidate+1","Iron Wave"],"picked":"Dual Wield+1","floor":22},{"not_picked":["Shrug It Off","Berserk"],"picked":"Fiend Fire","floor":23},{"not_picked":["Thunderclap","Rampage+1"],"picked":"Headbutt+1","floor":25},{"not_picked":["Perfected Strike","Body Slam"],"picked":"Anger","floor":27},{"not_picked":["Thunderclap+1","Juggernaut"],"picked":"Uppercut","floor":30}],"player_experience":4898,"relics_obtained":[{"floor":7,"key":"Blood Vial"},{"floor":9,"key":"Lantern"},{"floor":11,"key":"Sundial"},{"floor":23,"key":"Paper Frog"},{"floor":26,"key":"Pen Nib"}],"event_choices":[{"damage_healed":0,"gold_gain":0,"player_choice":"Bought 2 Potions","damage_taken":0,"max_hp_gain":0,"max_hp_loss":0,"event_name":"The Woman in Blue","floor":4,"gold_loss":0},{"damage_healed":29,"gold_gain":0,"player_choice":"Banana","damage_taken":0,"max_hp_gain":0,"max_hp_loss":0,"event_name":"Big Fish","floor":10,"gold_loss":0},{"damage_healed":0,"gold_gain":0,"player_choice":"Got Potions","damage_taken":0,"max_hp_gain":0,"max_hp_loss":0,"event_name":"Lab","floor":20,"gold_loss":0},{"damage_healed":0,"gold_gain":0,"player_choice":"Simplicity","damage_taken":0,"max_hp_gain":0,"max_hp_loss":0,"event_name":"Back to Basics","floor":29,"gold_loss":0,"cards_upgraded":["Strike_R","Strike_R","Strike_R","Strike_R","Strike_R","Defend_R","Defend_R","Defend_R","Defend_R"]}],"is_beta":false,"boss_relics":[{"not_picked":["Tiny House","Fusion Hammer"],"picked":"Sozu"}],"items_purged_floors":[],"is_endless":false,"potions_floor_spawned":[5,7,12,13,14,25,30],"killed_by":"Champ","ascension_level":0}