{"gold_per_floor":[119,136,12,12,12,55,89,89,89,128,78,93,93,127,127,255,255,274,307,222,222,238,238,257,296,296,296,296],"floor_reached":28,"playtime":1001,"items_purged":["Strike_B"],"score":374,"play_id":"da93f8d7-607c-492c-85b0-2e5de44946e3","local_time":"20190626194323","is_ascension_mode":true,"campfire_choices":[{"data":"Ball Lightning","floor":8,"key":"SMITH"},{"data":"Doom and Gloom","floor":15,"key":"SMITH"},{"floor":23,"key":"REST"},{"floor":27,"key":"REST"}],"neow_cost":"NONE","seed_source_timestamp":238445227054487,"circlet_count":0,"master_deck":["Defend_B","Defend_B","Defend_B","Defend_B","Zap","Dualcast","Ball Lightning+1","Conserve Battery","Coolheaded","BootSequence","Doom and Gloom+1","Static Discharge+1","Creative AI+1","Compile Driver+1","Static Discharge+1","FTL+1","Capacitor+1","Conserve Battery+1","Core Surge","Barrage"],"relics":["Cracked Core","NeowsBlessing","Golden Idol","Orichalcum","Odd Mushroom","Mango","Frozen Egg 2","Pen Nib","Astrolabe","Red Mask","Nloth\u0027s Gift","Shuriken","Du-Vu Doll"],"potions_floor_usage":[19,25],"damage_taken":[{"damage":0,"enemies":"Cultist","floor":1,"turns":1},{"damage":0,"enemies":"Jaw Worm","floor":2,"turns":1},{"damage":0,"enemies":"3 Sentries","floor":6,"turns":1},{"damage":8,"enemies":"The Mushroom Lair","floor":7,"turns":5},{"damage":17,"enemies":"Lagavulin","floor":10,"turns":8},{"damage":0,"enemies":"Small Slimes","floor":12,"turns":2},{"damage":17,"enemies":"3 Sentries","floor":14,"turns":5},{"damage":17,"enemies":"The Guardian","floor":16,"turns":9},{"damage":15,"enemies":"Shell Parasite","floor":18,"turns":6},{"damage":32,"enemies":"Masked Bandits","floor":19,"turns":3},{"damage":18,"enemies":"Spheric Guardian","floor":22,"turns":3},{"damage":8,"enemies":"Cultist and Chosen","floor":24,"turns":5},{"damage":27,"enemies":"Book of Stabbing","floor":25,"turns":4},{"damage":28,"enemies":"Slavers","floor":28,"turns":2}],"seed_played":"1273906010314807569","potions_obtained":[{"floor":2,"key":"GamblersBrew"},{"floor":12,"key":"Strength Potion"},{"floor":22,"key":"Regen Potion"}],"is_trial":false,"path_per_floor":["M","M","$","?","$","E","?","R","T","E","?","M","$","E","R","B",null,"M","?","?","?","M","R","M","E","T","R","E"],"character_chosen":"DEFECT","items_purchased":["SteroidPotion"],"campfire_rested":2,"item_purchase_floors":[3],"current_hp_per_floor":[68,68,68,68,68,68,60,60,74,57,57,57,57,40,40,23,68,53,21,21,21,3,27,19,1,1,25,0],"gold":296,"neow_bonus":"THREE_ENEMY_KILL","is_prod":false,"is_daily":false,"chose_seed":false,"campfire_upgraded":2,"win_rate":0,"timestamp":1561592603,"path_taken":["M","M","?","?","$","E","?","R","T","E","?","?","?","E","R","BOSS","M","?","?","?","?","R","M","E","T","R","E"],"build_version":"2019-01-23","purchased_purges":1,"victory":false,"max_hp_per_floor":[75,75,75,69,69,69,69,69,83,83,83,83,83,83,83,83,83,83,83,83,83,83,83,83,83,83,83,83],"card_choices":[{"not_picked":["Steam","Streamline"],"picked":"Ball Lightning","floor":1},{"not_picked":["Stack","Lockon"],"picked":"Conserve Battery","floor":2},{"not_picked":["Biased Cognition","Static Discharge"],"picked":"Coolheaded","floor":6},{"not_picked":["Double Energy","Rebound"],"picked":"Gash","floor":7},{"not_picked":["Blizzard","Beam Cell"],"picked":"BootSequence","floor":10},{"not_picked":["Loop+1","Cold Snap"],"picked":"Doom and Gloom","floor":12},{"not_picked":["Blizzard","Steam"],"picked":"Static Discharge+1","floor":14},{"not_picked":["Buffer+1","Seek"],"picked":"Creative AI+1","floor":16},{"not_picked":["Reprogram+1","Barrage","Hello World+1"],"picked":"SKIP","floor":18},{"not_picked":["Turbo","Compile Driver"],"picked":"Capacitor+1","floor":19},{"not_picked":["Turbo","Streamline+1"],"picked":"Conserve Battery+1","floor":22},{"not_picked":["Leap","Cold Snap+1"],"picked":"Core Surge","floor":24},{"not_picked":["Redo","Streamline"],"picked":"Barrage","floor":25}],"player_experience":172877,"relics_obtained":[{"floor":6,"key":"Orichalcum"},{"floor":7,"key":"Odd Mushroom"},{"floor":9,"key":"Mango"},{"floor":10,"key":"Frozen Egg 2"},{"floor":14,"key":"Pen Nib"},{"floor":19,"key":"Red Mask"},{"floor":25,"key":"Shuriken"},{"floor":26,"key":"Du-Vu Doll"}],"event_choices":[{"damage_healed":0,"gold_gain":0,"player_choice":"Lose Max HP","damage_taken":0,"relics_obtained":["Golden Idol"],"max_hp_gain":0,"max_hp_loss":6,"event_name":"Golden Idol","floor":4,"gold_loss":0},{"damage_healed":0,"gold_gain":0,"player_choice":"Fought Mushrooms","damage_taken":0,"max_hp_gain":0,"max_hp_loss":0,"event_name":"Mushrooms","floor":7,"gold_loss":0},{"cards_removed":["Strike_B"],"damage_healed":0,"gold_gain":0,"player_choice":"Card Removal","damage_taken":0,"max_hp_gain":0,"max_hp_loss":0,"event_name":"The Cleric","floor":11,"gold_loss":50},{"damage_healed":0,"gold_gain":0,"player_choice":"Fought Bandits","damage_taken":0,"max_hp_gain":0,"max_hp_loss":0,"event_name":"Masked Bandits","floor":19,"gold_loss":0},{"damage_healed":0,"gold_gain":0,"player_choice":"Obtained Relic","damage_taken":0,"relics_obtained":["Juzu Bracelet"],"max_hp_gain":0,"max_hp_loss":0,"event_name":"Addict","floor":20,"gold_loss":85},{"damage_healed":0,"gold_gain":0,"player_choice":"Traded Relic","damage_taken":0,"relics_obtained":["Nloth\u0027s Gift"],"max_hp_gain":0,"max_hp_loss":0,"event_name":"N\u0027loth","floor":21,"relics_lost":["Juzu Bracelet"],"gold_loss":0}],"is_beta":false,"boss_relics":[{"not_picked":["Runic Dome","Eternal Feather"],"picked":"Astrolabe"}],"items_purged_floors":[3],"is_endless":false,"potions_floor_spawned":[2,12,16,22],"killed_by":"Slavers","ascension_level":7}