{"gold_per_floor":[118,133,153,153,169,200,214,214],"floor_reached":8,"playtime":478,"items_purged":[],"score":120,"play_id":"db52e306-fdd9-4520-8435-f9c41fcbb6bf","local_time":"20190623151030","is_ascension_mode":true,"campfire_choices":[],"neow_cost":"NONE","seed_source_timestamp":519248125208584,"circlet_count":0,"master_deck":["AscendersBane","Strike_R","Strike_R","Strike_R","Strike_R","Strike_R","Defend_R","Defend_R","Defend_R","Defend_R","Bash","Battle Trance","Iron Wave","Cleave","Iron Wave","Pommel Strike"],"relics":["Burning Blood","Bronze Scales","Kunai"],"potions_floor_usage":[5,6,7],"damage_taken":[{"damage":19,"enemies":"Cultist","floor":1,"turns":6},{"damage":9,"enemies":"2 Louse","floor":2,"turns":3},{"damage":7,"enemies":"Small Slimes","floor":3,"turns":4},{"damage":6,"enemies":"Exordium Wildlife","floor":5,"turns":7},{"damage":30,"enemies":"3 Sentries","floor":6,"turns":7},{"damage":23,"enemies":"Exordium Thugs","floor":7,"turns":4},{"damage":30,"enemies":"Lagavulin","floor":8,"turns":8}],"seed_played":"-6878467144962253462","potions_obtained":[{"floor":2,"key":"Block Potion"},{"floor":5,"key":"Regen Potion"},{"floor":6,"key":"Poison Potion"}],"is_trial":false,"path_per_floor":["M","M","M","?","M","E","M","E"],"character_chosen":"IRONCLAD","items_purchased":[],"campfire_rested":0,"item_purchase_floors":[],"current_hp_per_floor":[62,59,58,47,47,38,21,0],"gold":214,"neow_bonus":"TEN_PERCENT_HP_BONUS","is_prod":false,"is_daily":false,"chose_seed":false,"campfire_upgraded":0,"win_rate":0,"timestamp":1561313430,"path_taken":["M","?","M","?","M","E","M","E"],"build_version":"2019-01-23","purchased_purges":0,"victory":false,"max_hp_per_floor":[82,82,82,82,82,82,82,82],"card_choices":[{"not_picked":["Heavy Blade","Cleave"],"picked":"Battle Trance","floor":1},{"not_picked":["Clash","Twin Strike"],"picked":"Iron Wave","floor":2},{"not_picked":["Perfected Strike","Reckless Charge","Warcry"],"picked":"SKIP","floor":3},{"not_picked":["True Grit","Blood for Blood"],"picked":"Cleave","floor":5},{"not_picked":["Dark Embrace","Cleave"],"picked":"Iron Wave","floor":6},{"not_picked":["Sever Soul","Disarm"],"picked":"Pommel Strike","floor":7}],"player_experience":1161317,"relics_obtained":[{"floor":6,"key":"Kunai"}],"event_choices":[{"damage_healed":0,"gold_gain":0,"player_choice":"Success","damage_taken":11,"relics_obtained":["Bronze Scales"],"max_hp_gain":0,"max_hp_loss":0,"event_name":"Scrap Ooze","floor":4,"gold_loss":0}],"is_beta":false,"boss_relics":[],"items_purged_floors":[],"is_endless":false,"potions_floor_spawned":[2,5,6],"killed_by":"Lagavulin","ascension_level":20}