{"gold_per_floor":[114,29,43,55,66,66,80,5,57,88,88,100,100,129,129,129],"floor_reached":16,"playtime":777,"items_purged":["Strike_G"],"score":134,"play_id":"814618ab-1421-435e-9212-410c8889674e","local_time":"20190620120159","is_ascension_mode":true,"campfire_choices":[{"data":"Noxious Fumes","floor":6,"key":"SMITH"},{"data":"Tools of the Trade","floor":11,"key":"SMITH"},{"data":"Footwork","floor":13,"key":"SMITH"},{"floor":15,"key":"REST"}],"neow_cost":"NONE","seed_source_timestamp":74765894853391,"circlet_count":0,"master_deck":["Defend_G","Defend_G","Defend_G","Defend_G","Defend_G","Strike_G","Strike_G","Strike_G","Survivor","Neutralize","Footwork+1","Noxious Fumes+1","Acrobatics","Tools of the Trade+1"],"relics":["Ring of the Snake","Blue Candle","Blood Vial","Vajra","Bottled Lightning"],"potions_floor_usage":[5,14,16,16],"damage_taken":[{"damage":0,"enemies":"2 Louse","floor":1,"turns":4},{"damage":0,"enemies":"Cultist","floor":3,"turns":4},{"damage":0,"enemies":"Jaw Worm","floor":4,"turns":5},{"damage":2,"enemies":"3 Louse","floor":5,"turns":6},{"damage":13,"enemies":"Gremlin Gang","floor":7,"turns":6},{"damage":22,"enemies":"3 Sentries","floor":10,"turns":8},{"damage":3,"enemies":"2 Fungi Beasts","floor":12,"turns":5},{"damage":17,"enemies":"Gremlin Nob","floor":14,"turns":6},{"damage":43,"enemies":"Slime Boss","floor":16,"turns":12}],"seed_played":"2161577023492182355","potions_obtained":[{"floor":3,"key":"GhostInAJar"},{"floor":4,"key":"Ancient Potion"},{"floor":12,"key":"GhostInAJar"},{"floor":14,"key":"SpeedPotion"}],"is_trial":false,"path_per_floor":["M","?","M","M","M","R","M","$","T","E","R","M","R","E","R","B"],"character_chosen":"THE_SILENT","items_purchased":[],"campfire_rested":1,"item_purchase_floors":[],"current_hp_per_floor":[70,70,70,70,68,68,55,55,55,35,35,34,34,19,40,0],"gold":129,"neow_bonus":"REMOVE_CARD","is_prod":false,"is_daily":false,"chose_seed":false,"campfire_upgraded":3,"win_rate":0,"timestamp":1561050119,"path_taken":["M","?","?","M","M","R","M","$","T","E","R","M","R","E","R","BOSS"],"build_version":"2019-01-23","purchased_purges":1,"victory":false,"max_hp_per_floor":[70,70,70,70,70,70,70,70,70,70,70,70,70,70,70,70],"card_choices":[{"not_picked":["Slice","Bane"],"picked":"Footwork","floor":1},{"not_picked":["Flechettes","Bane","Dagger Spray"],"picked":"SKIP","floor":3},{"not_picked":["Blade Dance","Deflect","Sucker Punch"],"picked":"SKIP","floor":4},{"not_picked":["Deflect","Glass Knife"],"picked":"Noxious Fumes","floor":5},{"not_picked":["Slice","Predator"],"picked":"Acrobatics","floor":7},{"not_picked":["Caltrops","Tactician"],"picked":"Tools of the Trade","floor":10},{"not_picked":["Sucker Punch","Riddle With Holes","Backstab"],"picked":"SKIP","floor":12},{"not_picked":["Poisoned Stab","Dagger Throw","Cloak And Dagger"],"picked":"SKIP","floor":14}],"player_experience":277432,"relics_obtained":[{"floor":9,"key":"Blood Vial"},{"floor":10,"key":"Vajra"},{"floor":14,"key":"Bottled Lightning"}],"event_choices":[{"damage_healed":0,"gold_gain":0,"player_choice":"Paid Gold","damage_taken":0,"relics_obtained":["Blue Candle"],"max_hp_gain":0,"max_hp_loss":0,"event_name":"WeMeetAgain","floor":2,"gold_loss":85}],"is_beta":false,"boss_relics":[],"items_purged_floors":[8],"is_endless":false,"potions_floor_spawned":[3,4,12,14],"killed_by":"Slime Boss","ascension_level":4}