{"gold_per_floor":[110,110,60,113,113,113,156,170,170,5,24,62,62,76,76,200,200,219,48,48,72,95,95,119,119,119,152,176,176,176],"floor_reached":30,"playtime":1526,"items_purged":[],"score":335,"play_id":"e25bde8b-b4dd-4e7e-9322-8cfa3c078a28","local_time":"20190626183358","is_ascension_mode":true,"campfire_choices":[{"data":"Twin Strike","floor":6,"key":"SMITH"},{"data":"Inflame","floor":13,"key":"SMITH"},{"data":"Bash","floor":15,"key":"SMITH"},{"data":"Limit Break","floor":23,"key":"SMITH"},{"floor":25,"key":"REST"},{"data":"Armaments","floor":29,"key":"SMITH"}],"neow_cost":"NONE","seed_source_timestamp":233755332856342,"circlet_count":0,"master_deck":["Defend_R","Defend_R","Defend_R","Defend_R","Bash+1","Twin Strike+1","Anger","Reaper","Cleave","Inflame+1","Power Through","Warcry","Pummel","Limit Break+1","Corruption+1","Feel No Pain+1","Metallicize+1","Feel No Pain","Armaments+1","Heavy Blade+1","Iron Wave+1","True Grit+1","Seeing Red+1","Intimidate+1"],"relics":["Burning Blood","Dream Catcher","Golden Idol","Blood Vial","Lantern","Darkstone Periapt","Kunai","Astrolabe","Bronze Scales","Toxic Egg 2","Meat on the Bone"],"potions_floor_usage":[16,22,27,30],"damage_taken":[{"damage":11,"enemies":"Cultist","floor":1,"turns":4},{"damage":24,"enemies":"Gremlin Nob","floor":7,"turns":4},{"damage":4,"enemies":"2 Louse","floor":8,"turns":2},{"damage":2,"enemies":"Jaw Worm","floor":11,"turns":2},{"damage":20,"enemies":"3 Sentries","floor":12,"turns":7},{"damage":0,"enemies":"3 Louse","floor":14,"turns":3},{"damage":39,"enemies":"The Guardian","floor":16,"turns":11},{"damage":21,"enemies":"Shell Parasite","floor":18,"turns":4},{"damage":8,"enemies":"Spheric Guardian","floor":21,"turns":5},{"damage":24,"enemies":"Snake Plant","floor":22,"turns":5},{"damage":31,"enemies":"Centurion and Healer","floor":24,"turns":12},{"damage":29,"enemies":"Slavers","floor":27,"turns":10},{"damage":14,"enemies":"3 Cultists","floor":28,"turns":5},{"damage":45,"enemies":"Book of Stabbing","floor":30,"turns":5}],"seed_played":"3941957603767683769","potions_obtained":[{"floor":1,"key":"Dexterity Potion"},{"floor":7,"key":"Fire Potion"},{"floor":8,"key":"Energy Potion"},{"floor":21,"key":"Block Potion"},{"floor":28,"key":"Ancient Potion"}],"is_trial":false,"path_per_floor":["M","?","?","T","?","R","E","M","T","$","M","E","R","M","R","B",null,"M","$","?","M","M","R","M","R","T","E","M","R","E"],"character_chosen":"IRONCLAD","items_purchased":["Cleave","Inflame","Power Through","Bronze Scales","Armaments"],"campfire_rested":1,"item_purchase_floors":[10,10,10,19,19],"current_hp_per_floor":[67,67,67,67,67,67,51,55,55,55,61,49,49,57,57,30,63,50,50,50,50,38,38,15,37,37,16,32,32,0],"gold":176,"neow_bonus":"RANDOM_COMMON_RELIC","is_prod":false,"is_daily":false,"chose_seed":false,"campfire_upgraded":5,"win_rate":0,"timestamp":1561588438,"path_taken":["M","?","?","?","?","R","E","M","T","$","M","E","R","M","R","BOSS","M","$","?","M","M","R","M","R","T","E","M","R","E"],"build_version":"2019-01-23","purchased_purges":0,"victory":false,"max_hp_per_floor":[80,74,74,74,74,74,74,74,74,74,74,74,74,74,74,74,74,74,74,74,74,74,74,74,74,74,74,74,74,74],"card_choices":[{"not_picked":["Flame Barrier","Shrug It Off"],"picked":"Twin Strike","floor":1},{"not_picked":["Heavy Blade","Feel No Pain"],"picked":"Anger","floor":7},{"not_picked":["Iron Wave","Pommel Strike"],"picked":"Reaper","floor":8},{"not_picked":["Searing Blow","Metallicize"],"picked":"Warcry","floor":11},{"not_picked":["Flex","Perfected Strike"],"picked":"Pummel","floor":12},{"not_picked":["Cleave","Evolve","Clash"],"picked":"SKIP","floor":14},{"not_picked":["Bludgeon","Brutality"],"picked":"Limit Break","floor":16},{"not_picked":["Anger","Cleave"],"picked":"Feel No Pain","floor":18},{"not_picked":["Warcry","Havoc"],"picked":"Heavy Blade+1","floor":21},{"not_picked":["Twin Strike","Pummel","Wild Strike+1"],"picked":"SKIP","floor":22},{"not_picked":["Headbutt","Bloodletting"],"picked":"Iron Wave+1","floor":24},{"not_picked":["Entrench","Shrug It Off"],"picked":"True Grit+1","floor":25},{"not_picked":["Clash","Thunderclap"],"picked":"Seeing Red+1","floor":27},{"not_picked":["Anger","Flex+1"],"picked":"Intimidate+1","floor":28}],"player_experience":168252,"relics_obtained":[{"floor":4,"key":"Blood Vial"},{"floor":7,"key":"Lantern"},{"floor":9,"key":"Darkstone Periapt"},{"floor":12,"key":"Kunai"},{"floor":26,"key":"Toxic Egg 2"},{"floor":27,"key":"Meat on the Bone"}],"event_choices":[{"damage_healed":0,"gold_gain":0,"player_choice":"Lose Max HP","damage_taken":0,"relics_obtained":["Golden Idol"],"max_hp_gain":0,"max_hp_loss":6,"event_name":"Golden Idol","floor":2,"gold_loss":0},{"cards_removed":["Strike_R"],"damage_healed":0,"gold_gain":0,"player_choice":"Card Removal","damage_taken":0,"max_hp_gain":0,"max_hp_loss":0,"event_name":"The Cleric","floor":3,"gold_loss":50},{"damage_healed":0,"gold_gain":0,"player_choice":"Ignored","damage_taken":0,"max_hp_gain":0,"max_hp_loss":0,"event_name":"Liars Game","floor":5,"gold_loss":0},{"cards_removed":["Strike_R"],"damage_healed":0,"gold_gain":0,"player_choice":"Offered Basic","damage_taken":0,"max_hp_gain":0,"max_hp_loss":0,"event_name":"Bonfire Elementals","floor":20,"gold_loss":0}],"is_beta":false,"boss_relics":[{"not_picked":["Ectoplasm","Eternal Feather"],"picked":"Astrolabe"}],"items_purged_floors":[],"is_endless":false,"potions_floor_spawned":[1,7,8,21,28],"killed_by":"Book of Stabbing","ascension_level":6}