{"gold_per_floor":[116,126,126,126,126,126,144,160,160,160,219,230,243,109,109,109],"floor_reached":16,"playtime":697,"items_purged":[],"score":120,"play_id":"5f156bc4-fd93-4640-b7f0-09ab3d81fb00","local_time":"20181106161313","is_ascension_mode":true,"campfire_choices":[{"data":"1","floor":6,"key":"LIFT"},{"floor":10,"key":"REST"},{"data":"2","floor":15,"key":"LIFT"}],"neow_cost":"PERCENT_DAMAGE","seed_source_timestamp":32586955714460,"circlet_count":0,"master_deck":["Strike_B+1","Strike_B","Strike_B","Strike_B","Defend_B","Defend_B","Defend_B","Defend_B","Zap","Dualcast","Streamline+1","FTL","Gash","Cold Snap","Conserve Battery","Dramatic Entrance","Sweeping Beam"],"relics":["Cracked Core","Girya","Emotion Chip","Sundial"],"potions_floor_usage":[],"damage_taken":[{"damage":1,"enemies":"Cultist","floor":1,"turns":3},{"damage":6,"enemies":"Small Slimes","floor":2,"turns":3},{"damage":2,"enemies":"Jaw Worm","floor":7,"turns":3},{"damage":8,"enemies":"3 Louse","floor":8,"turns":2},{"damage":11,"enemies":"Looter","floor":12,"turns":2},{"damage":5,"enemies":"Exordium Wildlife","floor":13,"turns":3},{"damage":22,"enemies":"The Guardian","floor":16,"turns":8}],"seed_played":"3529994952204662359","potions_obtained":[{"floor":12,"key":"FairyPotion"}],"is_trial":false,"path_per_floor":["M","M","T","?","?","R","M","M","T","R","?","M","M","$","R","B"],"character_chosen":"DEFECT","items_purchased":["Dramatic Entrance","Sweeping Beam"],"campfire_rested":1,"item_purchase_floors":[14,14],"current_hp_per_floor":[49,43,43,43,28,28,26,18,18,40,40,29,24,24,24,2],"gold":109,"neow_bonus":"ONE_RARE_RELIC","is_prod":false,"is_daily":false,"chose_seed":false,"campfire_upgraded":0,"win_rate":0,"timestamp":1541542393,"path_taken":["M","?","?","?","?","R","M","M","T","R","?","M","M","$","R","BOSS"],"build_version":"2018-11-01","purchased_purges":0,"victory":false,"max_hp_per_floor":[75,75,75,75,75,75,75,75,75,75,75,75,75,75,75,75],"card_choices":[{"not_picked":["Coolheaded","Sweeping Beam"],"picked":"Streamline","floor":1},{"not_picked":["Compile Driver","Stack"],"picked":"FTL","floor":2},{"not_picked":["Rebound","Go for the Eyes"],"picked":"Gash","floor":7},{"not_picked":["Compile Driver","Fission"],"picked":"Cold Snap","floor":8},{"not_picked":["Melter","Scrape","Stack"],"picked":"SKIP","floor":12},{"not_picked":["Compile Driver","Cold Snap"],"picked":"Conserve Battery","floor":13}],"player_experience":945509,"relics_obtained":[{"floor":3,"key":"Emotion Chip"},{"floor":9,"key":"Sundial"}],"event_choices":[{"damage_healed":0,"gold_gain":0,"player_choice":"Ignored","damage_taken":0,"max_hp_gain":0,"max_hp_loss":0,"event_name":"Golden Idol","floor":4,"gold_loss":0},{"damage_healed":0,"gold_gain":0,"player_choice":"Entered Light","damage_taken":15,"max_hp_gain":0,"max_hp_loss":0,"event_name":"Shining Light","floor":5,"gold_loss":0,"cards_upgraded":["Streamline","Strike_B"]},{"damage_healed":0,"gold_gain":59,"player_choice":"Gained Gold","damage_taken":0,"max_hp_gain":0,"max_hp_loss":0,"event_name":"Golden Wing","floor":11,"gold_loss":0}],"is_beta":false,"boss_relics":[],"items_purged_floors":[],"is_endless":false,"potions_floor_spawned":[12],"killed_by":"The Guardian","ascension_level":6}