{"gold_per_floor":[210,223,238,24,39,39,39,39,65,65,79,79,112,126,126,228,228,238,257,257],"floor_reached":20,"playtime":2168,"items_purged":[],"score":176,"play_id":"ea20f695-d279-49c5-bc35-03b0cc01ae30","local_time":"20190702190029","is_ascension_mode":false,"campfire_choices":[{"floor":6,"key":"RECALL"},{"data":"Headbutt","floor":8,"key":"SMITH"},{"data":"Infernal Blade","floor":12,"key":"SMITH"},{"data":"Flex","floor":15,"key":"SMITH"}],"neow_cost":"NONE","seed_source_timestamp":32959571338664,"circlet_count":0,"master_deck":["Strike_R","Strike_R","Strike_R","Strike_R","Strike_R","Defend_R","Defend_R","Defend_R","Defend_R","Bash","Reckless Charge+1","Shrug It Off","Headbutt+1","Flex+1","Shrug It Off","Infernal Blade+1","Flex","Feel No Pain","Double Tap","Rampage+1","Anger"],"relics":["Burning Blood","HandDrill","Omamori","Eternal Feather"],"potions_floor_usage":[16],"damage_taken":[{"damage":1,"enemies":"Cultist","floor":1,"turns":3},{"damage":6,"enemies":"Small Slimes","floor":2,"turns":3},{"damage":1,"enemies":"Jaw Worm","floor":3,"turns":3},{"damage":2,"enemies":"Looter","floor":5,"turns":2},{"damage":8,"enemies":"Large Slime","floor":11,"turns":7},{"damage":25,"enemies":"3 Sentries","floor":13,"turns":8},{"damage":3,"enemies":"2 Fungi Beasts","floor":14,"turns":2},{"damage":50,"enemies":"Slime Boss","floor":16,"turns":14},{"damage":20,"enemies":"Spheric Guardian","floor":18,"turns":4},{"damage":29,"enemies":"Chosen","floor":19,"turns":6},{"damage":47,"enemies":"Snecko","floor":20,"turns":7}],"seed_played":"-8283990196860767657","potions_obtained":[{"floor":2,"key":"EssenceOfSteel"},{"floor":3,"key":"SkillPotion"},{"floor":13,"key":"Strength Potion"}],"is_trial":false,"path_per_floor":["M","M","M","$","M","R","?","R","T","$","M","R","E","M","R","B",null,"M","M","M"],"character_chosen":"IRONCLAD","items_purchased":["HandDrill","Flex"],"campfire_rested":0,"item_purchase_floors":[4,4],"current_hp_per_floor":[80,80,80,80,80,80,80,80,80,80,78,78,59,62,62,18,80,66,43,0],"gold":257,"neow_bonus":"HUNDRED_GOLD","is_prod":false,"is_daily":false,"chose_seed":false,"campfire_upgraded":3,"win_rate":0,"timestamp":1562086829,"path_taken":["M","?","M","$","M","R","?","R","T","?","M","R","E","M","R","BOSS","M","M","M"],"build_version":"2019-07-01","purchased_purges":0,"victory":false,"max_hp_per_floor":[80,80,80,80,80,80,80,80,80,80,80,80,80,80,80,80,80,80,80,80],"card_choices":[{"not_picked":["Havoc","True Grit"],"picked":"Reckless Charge","floor":1},{"not_picked":["Flex","Reckless Charge"],"picked":"Shrug It Off","floor":2},{"not_picked":["Disarm","Shockwave"],"picked":"Headbutt","floor":3},{"not_picked":["Heavy Blade","Wild Strike"],"picked":"Shrug It Off","floor":5},{"not_picked":["Entrench","Bloodletting"],"picked":"Infernal Blade","floor":11},{"not_picked":["Twin Strike","Sword Boomerang"],"picked":"Flex","floor":13},{"not_picked":["Shockwave","Fire Breathing"],"picked":"Feel No Pain","floor":14},{"not_picked":["Dark Embrace","Offering"],"picked":"Double Tap","floor":16},{"not_picked":["Dual Wield","Power Through"],"picked":"Rampage+1","floor":18},{"not_picked":["Wild Strike","Searing Blow"],"picked":"Anger","floor":19}],"player_experience":142250,"relics_obtained":[{"floor":13,"key":"Omamori"}],"event_choices":[{"damage_healed":0,"gold_gain":0,"player_choice":"Forge","damage_taken":0,"max_hp_gain":0,"max_hp_loss":0,"event_name":"Accursed Blacksmith","floor":7,"gold_loss":0,"cards_upgraded":["Reckless Charge"]}],"is_beta":false,"boss_relics":[{"not_picked":["Ectoplasm","Runic Dome"],"picked":"Eternal Feather"}],"items_purged_floors":[],"is_endless":false,"potions_floor_spawned":[2,3,13],"killed_by":"Snecko","ascension_level":0}