{"gold_per_floor":[109,59,72,72,87,87,103,126,126,149,167,39,39,39,39,160,160,173,173,173],"floor_reached":20,"playtime":1926,"items_purged":["Injury"],"score":166,"play_id":"16025151-fa62-4bf1-ac90-2a16acc84252","local_time":"20180717092321","is_ascension_mode":false,"campfire_choices":[{"data":"Infinite Blades","floor":6,"key":"SMITH"},{"floor":13,"key":"REST"},{"data":"Prepared","floor":15,"key":"SMITH"}],"neow_cost":"NONE","seed_source_timestamp":171080973029476,"circlet_count":0,"master_deck":["Survivor","Neutralize","Catalyst","Sucker Punch","Backflip","Slice","PiercingWail","Underhanded Strike","Dagger Throw","Infinite Blades+1","Masterful Stab","Cloak And Dagger","Infinite Blades","Dagger Spray","Quick Slash","Wraith Form v2","Prepared+1","Predator+1"],"relics":["Pandora\u0027s Box","Golden Idol","Gremlin Horn","Lizard Tail","Enchiridion"],"potions_floor_usage":[16,16,16],"damage_taken":[{"damage":0,"enemies":"Jaw Worm","floor":1,"turns":3},{"damage":0,"enemies":"2 Louse","floor":3,"turns":3},{"damage":0,"enemies":"Small Slimes","floor":5,"turns":3},{"damage":8,"enemies":"Exordium Wildlife","floor":7,"turns":3},{"damage":2,"enemies":"Looter","floor":8,"turns":3},{"damage":6,"enemies":"Exordium Thugs","floor":10,"turns":3},{"damage":1,"enemies":"Blue Slaver","floor":11,"turns":3},{"damage":15,"enemies":"Slime Boss","floor":16,"turns":11},{"damage":28,"enemies":"2 Thieves","floor":18,"turns":5},{"damage":15,"enemies":"3 Byrds","floor":20,"turns":2}],"seed_played":"1697034055347687598","potions_obtained":[{"floor":1,"key":"SpeedPotion"},{"floor":8,"key":"Block Potion"},{"floor":10,"key":"GamblersBrew"},{"floor":11,"key":"Regen Potion"}],"is_trial":false,"path_per_floor":["M","?","M","?","M","R","M","M","T","M","M","$","R","$","R","B",null,"M","?"],"character_chosen":"THE_SILENT","items_purchased":["Prepared"],"campfire_rested":1,"item_purchase_floors":[12],"current_hp_per_floor":[70,70,70,70,70,70,62,60,60,54,53,53,70,70,70,63,70,42,26,11],"gold":173,"neow_bonus":"BOSS_RELIC","is_prod":false,"is_daily":false,"chose_seed":false,"campfire_upgraded":2,"win_rate":0,"timestamp":1531844601,"path_taken":["M","?","M","?","M","R","M","M","T","?","M","$","R","$","R","BOSS","M","?","M"],"build_version":"2018-07-12","purchased_purges":1,"victory":false,"max_hp_per_floor":[70,70,70,70,70,70,70,70,70,70,70,70,70,70,70,70,70,70,70,70],"card_choices":[{"not_picked":["Finisher","Expertise"],"picked":"Cloak And Dagger","floor":1},{"not_picked":["Heel Hook","Dagger Throw"],"picked":"Infinite Blades","floor":3},{"not_picked":["Outmaneuver","Cloak And Dagger"],"picked":"Dagger Spray","floor":5},{"not_picked":["Riddle With Holes","Underhanded Strike"],"picked":"Quick Slash","floor":7},{"not_picked":["Leg Sweep","Caltrops"],"picked":"Wraith Form v2","floor":8},{"not_picked":["Caltrops","Backflip","Dagger Throw"],"picked":"SKIP","floor":10},{"not_picked":["Backflip","Setup","Terror"],"picked":"SKIP","floor":11},{"not_picked":["Sucker Punch","Accuracy+1"],"picked":"Predator+1","floor":18}],"player_experience":67665,"relics_obtained":[{"floor":9,"key":"Gremlin Horn"},{"floor":19,"key":"Enchiridion"}],"event_choices":[{"event_name":"The Cleric","player_choice":"Card Removal","floor":2,"damage_taken":0},{"event_name":"Golden Idol","player_choice":"Take Wound","floor":4,"damage_taken":0},{"event_name":"Cursed Tome","player_choice":"Obtained Book","floor":19,"damage_taken":0}],"boss_relics":[{"not_picked":["Eternal Feather","Coffee Dripper"],"picked":"Lizard Tail"}],"items_purged_floors":[12],"is_endless":false,"potions_floor_spawned":[1,8,10,11],"killed_by":"3 Byrds","ascension_level":0}