{"gold_per_floor":[109,59,59,71,82,82,95,95,95,122,35,35,52,78,78,182,182,201,218,230,155,3,3,33,33,33,67,67,83,99,109,109,109],"floor_reached":33,"playtime":2427,"items_purged":["Defend_B"],"score":297,"play_id":"d1927445-4c13-4ed5-8412-c3ff73e06b6e","local_time":"20190702142747","is_ascension_mode":false,"campfire_choices":[{"data":"Zap","floor":6,"key":"SMITH"},{"data":"Redo","floor":8,"key":"SMITH"},{"data":"Dualcast","floor":12,"key":"SMITH"},{"floor":15,"key":"REST"},{"floor":23,"key":"RECALL"},{"floor":25,"key":"REST"},{"floor":32,"key":"REST"}],"neow_cost":"PERCENT_DAMAGE","seed_source_timestamp":2154989538466537,"circlet_count":0,"master_deck":["Strike_B","Strike_B","Defend_B","Zap+1","Dualcast+1","Undo","Melter","Hologram","Conserve Battery","Redo+1","Cold Snap","Darkness","Flash of Steel+1","Cold Snap+1","Double Energy","Creative AI","Conserve Battery","Sweeping Beam+1","Rip and Tear+1","Sweeping Beam+1","Conserve Battery","Streamline+1","Meteor Strike+1","Melter+1","White Noise","Rebound+1"],"relics":["Cracked Core","Orichalcum","Molten Egg 2","Juzu Bracelet","Sozu","Anchor","Darkstone Periapt"],"potions_floor_usage":[10,16,16,33],"damage_taken":[{"damage":0,"enemies":"Cultist","floor":1,"turns":3},{"damage":1,"enemies":"2 Louse","floor":4,"turns":4},{"damage":0,"enemies":"Jaw Worm","floor":5,"turns":3},{"damage":0,"enemies":"Exordium Thugs","floor":7,"turns":4},{"damage":23,"enemies":"Gremlin Nob","floor":10,"turns":4},{"damage":4,"enemies":"Exordium Wildlife","floor":13,"turns":4},{"damage":15,"enemies":"Lagavulin","floor":14,"turns":8},{"damage":11,"enemies":"Hexaghost","floor":16,"turns":7},{"damage":0,"enemies":"Spheric Guardian","floor":18,"turns":2},{"damage":15,"enemies":"2 Thieves","floor":19,"turns":4},{"damage":5,"enemies":"3 Cultists","floor":20,"turns":6},{"damage":33,"enemies":"Slavers","floor":24,"turns":4},{"damage":18,"enemies":"Book of Stabbing","floor":27,"turns":5},{"damage":9,"enemies":"Snake Plant","floor":29,"turns":3},{"damage":0,"enemies":"Snecko","floor":30,"turns":3},{"damage":2,"enemies":"Centurion and Healer","floor":31,"turns":4},{"damage":42,"enemies":"Collector","floor":33,"turns":5}],"seed_played":"1188506673498529973","potions_obtained":[{"floor":4,"key":"LiquidBronze"},{"floor":7,"key":"SteroidPotion"},{"floor":10,"key":"Swift Potion"},{"floor":13,"key":"GamblersBrew"}],"is_trial":false,"path_per_floor":["M","?","?","M","M","R","M","R","T","E","$","R","M","E","R","B",null,"M","M","M","?","$","R","E","R","T","E","?","M","M","M","R","B"],"character_chosen":"DEFECT","items_purchased":["Flash of Steel+1","Sweeping Beam+1","Conserve Battery"],"campfire_rested":3,"item_purchase_floors":[11,22,22],"current_hp_per_floor":[54,54,54,53,53,53,53,53,53,30,30,30,26,11,33,22,75,75,60,55,55,55,55,22,44,44,26,26,17,17,15,37,0],"gold":109,"neow_bonus":"TRANSFORM_TWO_CARDS","is_prod":false,"is_daily":false,"chose_seed":false,"campfire_upgraded":3,"win_rate":0,"timestamp":1562099267,"path_taken":["M","?","?","M","?","R","M","R","T","E","?","R","M","E","R","BOSS","M","M","M","?","$","R","E","R","T","E","?","M","M","M","R","BOSS"],"build_version":"2019-07-01","purchased_purges":1,"victory":false,"max_hp_per_floor":[75,75,75,75,75,75,75,75,75,75,75,75,75,75,75,75,75,75,75,75,75,75,75,75,75,75,75,75,75,75,75,75,75],"card_choices":[{"not_picked":["Gash","Consume"],"picked":"Hologram","floor":1},{"not_picked":["Fusion","Doom and Gloom"],"picked":"Conserve Battery","floor":4},{"not_picked":["Hologram","Go for the Eyes"],"picked":"Redo","floor":5},{"not_picked":["Melter","Barrage"],"picked":"Cold Snap","floor":7},{"not_picked":["Sunder","Double Energy"],"picked":"Darkness","floor":10},{"not_picked":["Leap","Chill"],"picked":"Cold Snap+1","floor":13},{"not_picked":["Steam Power","Fission"],"picked":"Double Energy","floor":14},{"not_picked":["Hyperbeam+1","Machine Learning"],"picked":"Creative AI","floor":16},{"not_picked":["Leap","Go for the Eyes+1"],"picked":"Conserve Battery","floor":18},{"not_picked":["Hello World+1","Stack"],"picked":"Sweeping Beam+1","floor":19},{"not_picked":["Heatsinks+1","Leap"],"picked":"Rip and Tear+1","floor":20},{"not_picked":["Skim+1","Reinforced Body"],"picked":"Streamline+1","floor":24},{"not_picked":["Cold Snap+1","Barrage+1"],"picked":"Meteor Strike+1","floor":27},{"not_picked":["Scrape+1","Barrage+1"],"picked":"Melter+1","floor":29},{"not_picked":["Scrape+1","Skim"],"picked":"White Noise","floor":30},{"not_picked":["Barrage+1","Coolheaded"],"picked":"Rebound+1","floor":31}],"player_experience":88957,"relics_obtained":[{"floor":9,"key":"Orichalcum"},{"floor":10,"key":"Molten Egg 2"},{"floor":14,"key":"Juzu Bracelet"},{"floor":24,"key":"Anchor"},{"floor":27,"key":"Darkstone Periapt"}],"event_choices":[{"cards_removed":["Defend_B"],"damage_healed":0,"gold_gain":0,"player_choice":"Card Removal","damage_taken":0,"max_hp_gain":0,"max_hp_loss":0,"event_name":"The Cleric","floor":2,"gold_loss":50},{"damage_healed":0,"gold_gain":0,"player_choice":"Bought 0 Potions","damage_taken":0,"max_hp_gain":0,"max_hp_loss":0,"event_name":"The Woman in Blue","floor":3,"gold_loss":0},{"cards_removed":["Defend_B"],"damage_healed":0,"gold_gain":0,"player_choice":"Gave Gold","damage_taken":0,"max_hp_gain":0,"max_hp_loss":0,"event_name":"Beggar","floor":21,"gold_loss":75},{"damage_healed":0,"gold_gain":0,"player_choice":"Ignored","damage_taken":0,"max_hp_gain":0,"max_hp_loss":0,"event_name":"NoteForYourself","floor":28,"gold_loss":0}],"is_beta":false,"boss_relics":[{"not_picked":["Black Star","Nuclear Battery"],"picked":"Sozu"}],"items_purged_floors":[22],"is_endless":false,"potions_floor_spawned":[4,7,10,13,18,20,27,31],"killed_by":"Collector","ascension_level":0}