{"gold_per_floor":[218,218,168,41,58,58,58,58,58,76,76,107,126,140,140,237,237,254,178,178,178,87,87,99,125,125,125,150,166,178,197,197,297,297,313,6,19,19,19,19,19,31,108,108,456,490,506,506,506,506],"floor_reached":51,"playtime":4453,"items_purged":[],"score":1070,"play_id":"99c36a40-d0aa-4269-869c-abbc6cc82505","local_time":"20181113195425","is_ascension_mode":true,"campfire_choices":[{"data":"Zap","floor":6.0,"key":"SMITH"},{"data":"Dualcast","floor":8.0,"key":"SMITH"},{"data":"Loop","floor":15.0,"key":"SMITH"},{"data":"Buffer","floor":23.0,"key":"SMITH"},{"floor":27.0,"key":"REST"},{"data":"Defragment","floor":32,"key":"SMITH"},{"data":"Static Discharge","floor":40,"key":"SMITH"},{"data":"Go for the Eyes","floor":44,"key":"SMITH"},{"floor":49,"key":"REST"}],"neow_cost":"NONE","seed_source_timestamp":0,"circlet_count":0,"master_deck":["AscendersBane","Strike_B","Strike_B","Strike_B+1","Defend_B","Defend_B","Defend_B","Defend_B+1","Zap+1","Dualcast+1","Steam","Ball Lightning","Loop+1","Ball Lightning+1","Steam Power+1","Steam+1","Chill+1","Conserve Battery+1","Buffer+1","Auto Shields+1","Defragment+1","Bandage Up+1","Leap+1","Consume+1","Electrodynamics","Compile Driver+1","Go for the Eyes+1","Static Discharge+1","Reboot+1","Consume+1","Doom and Gloom","Conserve Battery+1","Madness+1","Madness+1","Redo+1","Capacitor+1"],"special_seed":0,"relics":["Cracked Core","Letter Opener","Toxic Egg 2","Bronze Scales","White Beast Statue","Potion Belt","Ornamental Fan","Bag of Preparation","Busted Crown","Runic Capacitor","Bottled Lightning","Old Coin","Molten Egg 2"],"potions_floor_usage":[33,33,33,33,33,46,46,50],"damage_taken":[{"damage":4.0,"enemies":"Jaw Worm","floor":1.0,"turns":4.0},{"damage":0.0,"enemies":"Small Slimes","floor":5.0,"turns":2.0},{"damage":0.0,"enemies":"Cultist","floor":10.0,"turns":3.0},{"damage":6.0,"enemies":"Lagavulin","floor":12.0,"turns":5.0},{"damage":0.0,"enemies":"3 Louse","floor":13.0,"turns":2.0},{"damage":7.0,"enemies":"Exordium Thugs","floor":14.0,"turns":3.0},{"damage":44.0,"enemies":"Slime Boss","floor":16.0,"turns":9.0},{"damage":3.0,"enemies":"Spheric Guardian","floor":18.0,"turns":4.0},{"damage":0.0,"enemies":"Chosen","floor":24.0,"turns":6.0},{"damage":51.0,"enemies":"Gremlin Leader","floor":25.0,"turns":8.0},{"damage":2.0,"enemies":"Book of Stabbing","floor":28.0,"turns":6.0},{"damage":0.0,"enemies":"Centurion and Healer","floor":29.0,"turns":6.0},{"damage":9.0,"enemies":"Sentry and Sphere","floor":30.0,"turns":4.0},{"damage":0,"enemies":"Chosen and Byrds","floor":31,"turns":4},{"damage":22,"enemies":"Collector","floor":33,"turns":10},{"damage":0,"enemies":"3 Shapes","floor":35,"turns":4},{"damage":0,"enemies":"Orb Walker","floor":37,"turns":3},{"damage":0,"enemies":"Transient","floor":42,"turns":5},{"damage":5,"enemies":"2 Orb Walkers","floor":45,"turns":5},{"damage":30,"enemies":"Giant Head","floor":46,"turns":8},{"damage":0,"enemies":"Maw","floor":47,"turns":6},{"damage":29,"enemies":"Time Eater","floor":50,"turns":10}],"seed_played":"948990705063210752","potions_obtained":[{"floor":12.0,"key":"Strength Potion"},{"floor":13.0,"key":"SteroidPotion"},{"floor":14.0,"key":"SneckoOil"},{"floor":18.0,"key":"Swift Potion"},{"floor":24.0,"key":"SpeedPotion"},{"floor":25.0,"key":"Block Potion"},{"floor":28.0,"key":"Strength Potion"},{"floor":29.0,"key":"EntropicBrew"},{"floor":30.0,"key":"Fire Potion"},{"floor":31,"key":"Dexterity Potion"},{"floor":33,"key":"SpeedPotion"},{"floor":35,"key":"Block Potion"},{"floor":37,"key":"Ancient Potion"},{"floor":45,"key":"Fruit Juice"},{"floor":46,"key":"EssenceOfSteel"},{"floor":47,"key":"FearPotion"}],"is_trial":false,"path_per_floor":["M","?","?","$","M","R","?","R","T","M","?","E","M","M","R","B",null,"M","$","?","?","$","R","M","E","T","R","E","M","M","M","R","B",null,"M","$","M","?","?","R","?","M","T","R","?","E","M","?","R","B",null],"character_chosen":"DEFECT","items_purchased":["Ball Lightning","Loop","Defragment","Bandage Up+1","Runic Capacitor","Consume+1","Doom and Gloom"],"campfire_rested":2,"item_purchase_floors":[4,4,19,22,36,36,36],"current_hp_per_floor":[64,64,64,64,64,64,49,49,49,49,75,69,69,62,62,18,61,58,58,58,58,58,58,64,19,19,41,45,51,48,54,54,38,66,66,66,66,57,57,57,57,63,63,63,64,45,45,45,69,46],"gold":506,"neow_bonus":"HUNDRED_GOLD","is_prod":false,"is_daily":false,"chose_seed":false,"campfire_upgraded":7,"win_rate":0,"timestamp":1542160465,"path_taken":["M","?","?","$","M","R","?","R","T","?","?","E","M","M","R","BOSS","M","?","?","?","$","R","M","E","T","R","E","?","M","M","R","BOSS","M","$","?","?","?","R","?","?","T","R","?","E","M","?","R","BOSS"],"build_version":"2018-11-08","purchased_purges":0,"victory":true,"max_hp_per_floor":[75,75,75,75,75,75,75,75,75,75,75,75,75,75,75,75,75,75,75,75,75,75,75,75,75,75,75,75,75,75,75,75,75,75,75,75,75,75,75,75,75,75,75,75,75,80,80,80,80,80],"card_choices":[{"not_picked":["Turbo","Hologram"],"picked":"Steam","floor":1.0},{"not_picked":["Compile Driver","Leap"],"picked":"Ball Lightning","floor":5.0},{"not_picked":["Hologram+1","Leap+1"],"picked":"Steam Power+1","floor":10.0},{"not_picked":["Stack+1","Blizzard"],"picked":"Steam+1","floor":12.0},{"not_picked":["Stack+1","Barrage"],"picked":"Chill+1","floor":13.0},{"not_picked":["Redo+1","Hologram+1"],"picked":"Conserve Battery+1","floor":14.0},{"not_picked":["Hyperbeam","Core Surge"],"picked":"Buffer","floor":16.0},{"not_picked":["Sweeping Beam","Steam+1"],"picked":"Auto Shields+1","floor":18.0},{"not_picked":["Sweeping Beam","Turbo+1"],"picked":"Leap+1","floor":24.0},{"not_picked":["Streamline","Steam Power+1"],"picked":"Consume+1","floor":25.0},{"not_picked":["Streamline+1","Machine Learning"],"picked":"Electrodynamics","floor":28.0},{"not_picked":["Redo+1","Beam Cell"],"picked":"Compile Driver+1","floor":29.0},{"not_picked":["Stack+1","Consume+1"],"picked":"Go for the Eyes","floor":30.0},{"not_picked":["Storm","Hyperbeam"],"picked":"Static Discharge","floor":31},{"not_picked":["Fission+1","All For One"],"picked":"Reboot+1","floor":33},{"not_picked":["Gash"],"picked":"SKIP","floor":35},{"not_picked":[],"picked":"Conserve Battery+1","floor":37},{"not_picked":[],"picked":"Redo+1","floor":42},{"not_picked":["Creative AI"],"picked":"SKIP","floor":46},{"not_picked":[],"picked":"Capacitor+1","floor":47}],"player_experience":999969,"relics_obtained":[{"floor":9.0,"key":"Toxic Egg 2"},{"floor":12.0,"key":"Bronze Scales"},{"floor":25.0,"key":"Potion Belt"},{"floor":26.0,"key":"Ornamental Fan"},{"floor":28.0,"key":"Bag of Preparation"},{"floor":43,"key":"Bottled Lightning"},{"floor":45,"key":"Old Coin"},{"floor":46,"key":"Molten Egg 2"}],"event_choices":[{"damage_healed":0.0,"max_hp_gain":0.0,"max_hp_loss":0.0,"gold_gain":0.0,"event_name":"Big Fish","player_choice":"Box","floor":2.0,"gold_loss":0.0,"damage_taken":0.0,"relics_obtained":["Letter Opener"],"cards_obtained":["Regret"]},{"cards_removed":["Regret"],"damage_healed":0.0,"max_hp_gain":0.0,"max_hp_loss":0.0,"gold_gain":0.0,"event_name":"The Cleric","player_choice":"Card Removal","floor":3.0,"gold_loss":50.0,"damage_taken":0.0},{"damage_healed":0.0,"max_hp_gain":0.0,"max_hp_loss":0.0,"gold_gain":0.0,"event_name":"Shining Light","player_choice":"Entered Light","floor":7.0,"gold_loss":0.0,"damage_taken":15.0,"cards_upgraded":["Defend_B","Strike_B"]},{"damage_healed":26.0,"max_hp_gain":0.0,"max_hp_loss":0.0,"gold_gain":0.0,"event_name":"Wheel of Change","player_choice":"Full Heal","floor":11.0,"gold_loss":0.0,"damage_taken":0.0},{"damage_healed":0.0,"max_hp_gain":0.0,"max_hp_loss":0.0,"gold_gain":0.0,"event_name":"Vampires","player_choice":"Ignored","floor":20.0,"gold_loss":0.0,"damage_taken":0.0},{"damage_healed":0.0,"max_hp_gain":0.0,"max_hp_loss":0.0,"gold_gain":0.0,"event_name":"The Woman in Blue","player_choice":"Bought 0 Potions","floor":21.0,"gold_loss":0.0,"damage_taken":0.0},{"damage_healed":0,"gold_gain":0,"player_choice":"Embrace Madness","damage_taken":9,"max_hp_gain":0,"max_hp_loss":0,"event_name":"Winding Halls","floor":38,"gold_loss":0,"cards_obtained":["Madness","Madness"]},{"cards_removed":["Strike_B"],"damage_healed":0,"gold_gain":0,"player_choice":"Removed Attack","damage_taken":0,"max_hp_gain":0,"max_hp_loss":0,"event_name":"Falling","floor":39,"gold_loss":0},{"damage_healed":0,"gold_gain":0,"player_choice":"Ignored","damage_taken":0,"max_hp_gain":0,"max_hp_loss":0,"event_name":"SecretPortal","floor":41,"gold_loss":0},{"damage_healed":0,"gold_gain":0,"player_choice":"Fight","damage_taken":0,"max_hp_gain":0,"max_hp_loss":0,"event_name":"Mysterious Sphere","floor":45,"gold_loss":0},{"damage_healed":0,"gold_gain":0,"player_choice":"Forge","damage_taken":0,"max_hp_gain":0,"max_hp_loss":0,"event_name":"Accursed Blacksmith","floor":48,"gold_loss":0,"cards_upgraded":["Ball Lightning"]}],"is_beta":false,"boss_relics":[{"not_picked":["Runic Dome","Ectoplasm"],"picked":"White Beast Statue"},{"not_picked":["Sozu","Pandora\u0027s Box"],"picked":"Busted Crown"}],"items_purged_floors":[],"is_endless":false,"potions_floor_spawned":[12,13,14,18,24,25,28,29,30,31,33,35,37,42,45,46,47],"ascension_level":10}