{"gold_per_floor":[118,118,137,137,150,193,193,207,207,232,232,232,11,34,34,158,158,174,198,198,198,297,37,37,37,37,71,71,71,2,22,22,153,153,171,171],"floor_reached":36,"playtime":2231,"items_purged":["Normality"],"score":475,"play_id":"96d18484-5286-4a16-8610-db69e25ed4ff","local_time":"20181112204654","is_ascension_mode":true,"campfire_choices":[{"floor":7,"key":"REST"},{"floor":11,"key":"REST"},{"floor":15,"key":"REST"},{"floor":24,"key":"REST"},{"floor":25,"key":"REST"},{"floor":29,"key":"REST"},{"floor":32,"key":"REST"}],"neow_cost":"NONE","seed_source_timestamp":730636133280006,"circlet_count":0,"master_deck":["Strike_R","Strike_R","Strike_R","Strike_R","Strike_R","Defend_R","Defend_R","Defend_R","Defend_R","Bash","Armaments","Shrug It Off","Sentinel","Demon Form","Thunderclap","Body Slam","Flame Barrier+1","Demon Form","Impervious+1","Pain","Doubt","Anger","Flame Barrier+1","Writhe","Finesse+1","Offering+1","Power Through+1","Shame","True Grit+1","Metallicize","Battle Trance+1","Juggernaut","Ghostly Armor+1"],"relics":["Burning Blood","NeowsBlessing","Golden Idol","Blood Vial","Toxic Egg 2","Unceasing Top","Strawberry","Calling Bell","Orichalcum","The Courier","WingedGreaves","Anchor","Blue Candle","Happy Flower","Pantograph","Philosopher\u0027s Stone"],"potions_floor_usage":[6,8,10,31,33,35],"damage_taken":[{"damage":0,"enemies":"Jaw Worm","floor":1,"turns":1},{"damage":0,"enemies":"Small Slimes","floor":3,"turns":1},{"damage":0,"enemies":"2 Louse","floor":5,"turns":1},{"damage":78,"enemies":"Lagavulin","floor":6,"turns":11},{"damage":31,"enemies":"Exordium Wildlife","floor":8,"turns":4},{"damage":9,"enemies":"Blue Slaver","floor":10,"turns":4},{"damage":10,"enemies":"3 Louse","floor":14,"turns":5},{"damage":52,"enemies":"Slime Boss","floor":16,"turns":7},{"damage":29,"enemies":"Shell Parasite","floor":18,"turns":5},{"damage":25,"enemies":"3 Byrds","floor":19,"turns":5},{"damage":54,"enemies":"Slavers","floor":27,"turns":6},{"damage":47,"enemies":"Centurion and Healer","floor":31,"turns":9},{"damage":76,"enemies":"Automaton","floor":33,"turns":10},{"damage":2,"enemies":"3 Shapes","floor":35,"turns":7},{"damage":89,"enemies":"2 Orb Walkers","floor":36,"turns":4}],"seed_played":"5850168613815788137","potions_obtained":[{"floor":3,"key":"BloodPotion"},{"floor":6,"key":"AttackPotion"},{"floor":8,"key":"Block Potion"},{"floor":27,"key":"LiquidBronze"},{"floor":31,"key":"Swift Potion"},{"floor":33,"key":"PowerPotion"}],"is_trial":false,"path_per_floor":["M","?","M","?","M","E","R","M","T","M","R","?","$","M","R","B",null,"M","M","?","?","?","$","R","R","T","E","?","R","$","M","R","B",null,"M","?"],"character_chosen":"IRONCLAD","items_purchased":["Strawberry","Flame Barrier+1","Finesse+1","Offering+1","True Grit+1","Metallicize"],"campfire_rested":7,"item_purchase_floors":[13,13,23,23,30,30],"current_hp_per_floor":[80,80,80,73,79,15,39,16,16,15,39,27,34,32,58,14,69,48,31,31,31,31,31,57,83,83,37,37,63,63,24,50,7,67,73,0],"gold":171,"neow_bonus":"THREE_ENEMY_KILL","is_prod":false,"is_daily":false,"chose_seed":false,"campfire_upgraded":0,"win_rate":0,"timestamp":1542084414,"path_taken":["M","?","M","?","M","E","R","M","T","M","R","?","$","?","R","BOSS","M","M","?","?","?","$","R","R","T","E","?","R","?","?","R","BOSS","M","?"],"build_version":"2018-11-08","purchased_purges":1,"victory":false,"max_hp_per_floor":[80,80,80,80,80,80,80,80,80,80,80,80,87,87,87,87,87,87,87,87,87,87,87,87,87,87,87,87,87,87,87,87,87,87,87,87],"card_choices":[{"not_picked":["Warcry","True Grit"],"picked":"Armaments","floor":1},{"not_picked":["Clash","Perfected Strike"],"picked":"Shrug It Off","floor":3},{"not_picked":["Bloodletting","Anger"],"picked":"Sentinel","floor":5},{"not_picked":["Sword Boomerang","Iron Wave"],"picked":"Demon Form","floor":6},{"not_picked":["Sword Boomerang","Spot Weakness"],"picked":"Thunderclap","floor":8},{"not_picked":["Clash","Hemokinesis"],"picked":"Body Slam","floor":10},{"not_picked":["Body Slam","Havoc+1"],"picked":"Demon Form","floor":14},{"not_picked":["Limit Break+1","Juggernaut"],"picked":"Impervious+1","floor":16},{"not_picked":["Rampage+1","Clash"],"picked":"Anger","floor":18},{"not_picked":["Flex+1","Iron Wave"],"picked":"Flame Barrier+1","floor":19},{"not_picked":["Offering+1","Rampage"],"picked":"Power Through+1","floor":27},{"not_picked":["Headbutt","Anger"],"picked":"Battle Trance+1","floor":31},{"not_picked":["Double Tap+1","Feed"],"picked":"Juggernaut","floor":33},{"not_picked":["Metallicize","Clash"],"picked":"Ghostly Armor+1","floor":35}],"player_experience":508450,"relics_obtained":[{"floor":6,"key":"Blood Vial"},{"floor":9,"key":"Toxic Egg 2"},{"floor":17,"key":"Orichalcum"},{"floor":17,"key":"The Courier"},{"floor":17,"key":"WingedGreaves"},{"floor":26,"key":"Blue Candle"},{"floor":27,"key":"Happy Flower"}],"event_choices":[{"damage_healed":0,"gold_gain":0,"player_choice":"Take Wound","damage_taken":0,"relics_obtained":["Golden Idol"],"max_hp_gain":0,"max_hp_loss":0,"event_name":"Golden Idol","floor":2,"gold_loss":0,"cards_obtained":["Injury"]},{"cards_removed":["Injury"],"damage_healed":0,"gold_gain":0,"player_choice":"Card Removal","damage_taken":7,"max_hp_gain":0,"max_hp_loss":0,"event_name":"Golden Wing","floor":4,"gold_loss":0},{"damage_healed":0,"gold_gain":0,"player_choice":"Success","damage_taken":12,"relics_obtained":["Unceasing Top"],"max_hp_gain":0,"max_hp_loss":0,"event_name":"Scrap Ooze","floor":12,"gold_loss":0},{"damage_healed":0,"gold_gain":0,"player_choice":"Ignored","damage_taken":0,"max_hp_gain":0,"max_hp_loss":0,"event_name":"Cursed Tome","floor":20,"gold_loss":0},{"damage_healed":0,"gold_gain":0,"player_choice":"Opened","damage_taken":0,"relics_obtained":["Anchor"],"max_hp_gain":0,"max_hp_loss":0,"event_name":"The Mausoleum","floor":21,"gold_loss":0,"cards_obtained":["Writhe"]},{"damage_healed":0,"gold_gain":99,"player_choice":"Stole From Cult","damage_taken":0,"max_hp_gain":0,"max_hp_loss":0,"event_name":"Nest","floor":22,"gold_loss":0},{"damage_healed":0,"gold_gain":0,"player_choice":"Stole Relic","damage_taken":0,"relics_obtained":["Pantograph"],"max_hp_gain":0,"max_hp_loss":0,"event_name":"Addict","floor":28,"gold_loss":0,"cards_obtained":["Shame"]},{"damage_healed":0,"gold_gain":0,"player_choice":"Fight","damage_taken":0,"max_hp_gain":0,"max_hp_loss":0,"event_name":"Mysterious Sphere","floor":36,"gold_loss":0}],"is_beta":false,"boss_relics":[{"not_picked":["Coffee Dripper","Runic Cube"],"picked":"Calling Bell"},{"not_picked":["Runic Dome","Snecko Eye"],"picked":"Philosopher\u0027s Stone"}],"items_purged_floors":[23],"is_endless":false,"potions_floor_spawned":[3,6,8,27,31,33],"killed_by":"2 Orb Walkers","ascension_level":5}