{"gold_per_floor":[117,136,136,136,211,211,277,289,289,289,314,327,327,327],"floor_reached":14,"playtime":646,"items_purged":[],"score":150,"play_id":"79515704-b8fa-4571-8039-76cc687953ef","local_time":"20190524123808","is_ascension_mode":true,"campfire_choices":[{"data":"Flying Knee","floor":6,"key":"SMITH"},{"data":"Riddle With Holes","floor":10,"key":"SMITH"},{"floor":13,"key":"REST"}],"neow_cost":"NONE","seed_source_timestamp":753726352202235,"circlet_count":0,"master_deck":["AscendersBane","Defend_G","Defend_G","Defend_G+1","Defend_G","Defend_G","Strike_G","Strike_G","Strike_G","Strike_G","Strike_G","Survivor","Neutralize","Flying Knee+1","Blade Dance+1","Riddle With Holes+1","Slice","Sucker Punch"],"relics":["Ring of the Snake","War Paint","Dodecahedron","Ice Cream"],"potions_floor_usage":[11,12],"damage_taken":[{"damage":0,"enemies":"Cultist","floor":1,"turns":4},{"damage":2,"enemies":"Jaw Worm","floor":2,"turns":4},{"damage":0,"enemies":"2 Louse","floor":8,"turns":3},{"damage":30,"enemies":"Gremlin Nob","floor":11,"turns":4},{"damage":2,"enemies":"Exordium Wildlife","floor":12,"turns":6},{"damage":37,"enemies":"Lagavulin","floor":14,"turns":5}],"seed_played":"-2508954448854214011","potions_obtained":[{"floor":1,"key":"GamblersBrew"},{"floor":2,"key":"Dexterity Potion"}],"is_trial":false,"path_per_floor":["M","M","$","?","?","R","?","M","T","R","E","M","R","E"],"character_chosen":"THE_SILENT","items_purchased":[],"campfire_rested":1,"item_purchase_floors":[],"current_hp_per_floor":[65,63,63,51,40,40,40,40,40,40,10,8,29,0],"gold":327,"neow_bonus":"TEN_PERCENT_HP_BONUS","is_prod":false,"is_daily":false,"chose_seed":false,"campfire_upgraded":2,"win_rate":0,"timestamp":1558719488,"path_taken":["M","M","?","?","?","R","?","M","T","R","E","M","R","E"],"build_version":"2019-01-23","purchased_purges":0,"victory":false,"max_hp_per_floor":[72,72,72,72,72,72,72,72,72,72,72,72,72,72],"card_choices":[{"not_picked":["Deflect","Leg Sweep"],"picked":"Flying Knee","floor":1},{"not_picked":["Leg Sweep","Tactician"],"picked":"Blade Dance","floor":2},{"not_picked":["Dodge and Roll","Bane"],"picked":"Riddle With Holes","floor":8},{"not_picked":["Deadly Poison","Dodge and Roll"],"picked":"Slice","floor":11},{"not_picked":["Distraction","Dodge and Roll"],"picked":"Sucker Punch","floor":12}],"player_experience":1395228,"relics_obtained":[{"floor":9,"key":"Dodecahedron"},{"floor":11,"key":"Ice Cream"}],"event_choices":[{"damage_healed":0,"gold_gain":0,"player_choice":"Success","damage_taken":12,"relics_obtained":["War Paint"],"max_hp_gain":0,"max_hp_loss":0,"event_name":"Scrap Ooze","floor":4,"gold_loss":0},{"damage_healed":0,"gold_gain":75,"player_choice":"Gather Gold","damage_taken":11,"max_hp_gain":0,"max_hp_loss":0,"event_name":"World of Goop","floor":5,"gold_loss":0},{"damage_healed":0,"gold_gain":66,"player_choice":"Gained Gold","damage_taken":0,"max_hp_gain":0,"max_hp_loss":0,"event_name":"Golden Wing","floor":7,"gold_loss":0}],"is_beta":false,"boss_relics":[],"items_purged_floors":[],"is_endless":false,"potions_floor_spawned":[1,2],"killed_by":"Lagavulin","ascension_level":14}