{"gold_per_floor":[10,10,10,30,47,75,75,87,87,99,119,174,23,41,41,141,141,154,171,171,247,247,247,277,296,296,316,330,330,330,330,330,433,433,448,348,348,361,29,64,64,64],"floor_reached":43,"playtime":7161,"items_purged":["Strike_R","Strike_R","Defend_R"],"score":628,"play_id":"01fae2e9-72e3-49f5-9c27-7f2d2986daf3","local_time":"20180711115451","is_ascension_mode":false,"campfire_choices":[{"data":"Pommel Strike","floor":7,"key":"SMITH"},{"data":"Fiend Fire","floor":15,"key":"SMITH"},{"data":"Immolate","floor":23,"key":"SMITH"},{"data":"Seeing Red","floor":29,"key":"SMITH"},{"data":"Flex","floor":32,"key":"SMITH"}],"neow_cost":"NO_GOLD","seed_source_timestamp":1275142318329965,"circlet_count":0,"master_deck":["Strike_R+1","Strike_R+1","Defend_R","Defend_R","Defend_R+1","Bash","Reaper","Flex+1","Pommel Strike+1","Battle Trance+1","Headbutt","Fiend Fire+1","Seeing Red+1","Immolate+1","Pommel Strike","Heavy Blade","Battle Trance","Headbutt+1","Pommel Strike+1","Immolate+1"],"relics":["Burning Blood","Pear","Darkstone Periapt","Matryoshka","Whetstone","Mark of Pain","Bag of Marbles","Pantograph","Bag of Preparation","Lantern","Gambling Chip","Nilry\u0027s Codex","White Beast Statue","DollysMirror","War Paint"],"potions_floor_usage":[16,16,24,24,42,42,42],"damage_taken":[{"damage":5,"enemies":"2 Louse","floor":1,"turns":3},{"damage":1,"enemies":"Cultist","floor":4,"turns":3},{"damage":8,"enemies":"Small Slimes","floor":5,"turns":5},{"damage":42,"enemies":"3 Sentries","floor":6,"turns":11},{"damage":12,"enemies":"Looter","floor":8,"turns":4},{"damage":5,"enemies":"3 Louse","floor":10,"turns":3},{"damage":0,"enemies":"Large Slime","floor":11,"turns":5},{"damage":15,"enemies":"Gremlin Nob","floor":12,"turns":4},{"damage":5,"enemies":"Exordium Thugs","floor":14,"turns":3},{"damage":66,"enemies":"Hexaghost","floor":16,"turns":5},{"damage":19,"enemies":"Spheric Guardian","floor":18,"turns":4},{"damage":10,"enemies":"2 Thieves","floor":19,"turns":2},{"damage":22,"enemies":"Book of Stabbing","floor":24,"turns":4},{"damage":12,"enemies":"3 Cultists","floor":25,"turns":3},{"damage":10,"enemies":"Chosen and Byrds","floor":27,"turns":2},{"damage":0,"enemies":"Centurion and Healer","floor":28,"turns":1},{"damage":52,"enemies":"Collector","floor":33,"turns":4},{"damage":6,"enemies":"3 Shapes","floor":35,"turns":1},{"damage":0,"enemies":"Orb Walker","floor":38,"turns":1},{"damage":10,"enemies":"2 Orb Walkers","floor":40,"turns":2},{"damage":82,"enemies":"Donu and Deca","floor":42,"turns":10}],"seed_played":"4919231926467072107","potions_obtained":[{"floor":6,"key":"SneckoOil"},{"floor":10,"key":"FearPotion"},{"floor":11,"key":"LiquidBronze"},{"floor":14,"key":"Fire Potion"},{"floor":19,"key":"Block Potion"},{"floor":35,"key":"FearPotion"},{"floor":38,"key":"Weak Potion"},{"floor":40,"key":"Fire Potion"}],"is_trial":false,"path_per_floor":["M","?","?","M","M","E","R","M","T","M","M","?","$","M","R","B",null,"M","M","?","T","?","R","E","M","T","M","M","R","?","?","R","B",null,"M","$","?","M","$","E","?","B"],"character_chosen":"IRONCLAD","items_purchased":["Fiend Fire","DollysMirror"],"campfire_rested":0,"item_purchase_floors":[13,39],"current_hp_per_floor":[80,80,83,88,90,62,62,62,62,76,90,87,87,88,88,28,90,77,77,59,59,59,59,47,56,56,52,58,58,42,42,42,45,95,95,95,95,95,95,91,91,19],"gold":64,"neow_bonus":"THREE_RARE_CARDS","is_prod":false,"is_daily":false,"chose_seed":false,"campfire_upgraded":5,"win_rate":0,"timestamp":1531328091,"path_taken":["M","?","?","?","M","E","R","M","T","M","M","?","?","M","R","BOSS","M","M","?","?","?","R","E","?","T","M","M","R","?","?","R","BOSS","M","$","?","M","$","E","?","BOSS"],"build_version":"2018-07-05","purchased_purges":3,"victory":true,"max_hp_per_floor":[80,80,90,90,90,90,90,90,90,90,90,90,90,90,90,90,90,90,90,95,95,95,95,95,95,95,95,95,95,95,95,95,95,95,95,95,95,95,95,95,95,95],"card_choices":[{"not_picked":["Feed","Impervious"],"picked":"Reaper","floor":0},{"not_picked":["Shrug It Off","Thunderclap"],"picked":"Flex","floor":1},{"not_picked":["Rage","Fire Breathing","Evolve"],"picked":"SKIP","floor":4},{"not_picked":["Wild Strike","Shrug It Off"],"picked":"Pommel Strike","floor":5},{"not_picked":["Rupture","Pummel"],"picked":"Battle Trance","floor":6},{"not_picked":["Corruption","Warcry"],"picked":"Headbutt","floor":8},{"not_picked":["Shockwave","Blood for Blood","Warcry"],"picked":"SKIP","floor":10},{"not_picked":["Disarm","True Grit","Blood for Blood"],"picked":"SKIP","floor":11},{"not_picked":["Shockwave","Armaments"],"picked":"Seeing Red","floor":14},{"not_picked":["Limit Break","Fiend Fire"],"picked":"Immolate","floor":16},{"not_picked":["Combust","Clothesline","Dual Wield"],"picked":"SKIP","floor":18},{"not_picked":["Disarm","Sentinel","Wild Strike"],"picked":"SKIP","floor":19},{"not_picked":["Carnage","Metallicize"],"picked":"Pommel Strike","floor":24},{"not_picked":["Sword Boomerang","Warcry"],"picked":"Heavy Blade","floor":25},{"not_picked":["Fire Breathing","True Grit"],"picked":"Battle Trance","floor":27},{"not_picked":["Hemokinesis+1","Armaments","Warcry"],"picked":"SKIP","floor":28},{"not_picked":["Sword Boomerang","Clash"],"picked":"Headbutt+1","floor":35},{"not_picked":["Clothesline+1","Warcry+1"],"picked":"Pommel Strike+1","floor":38},{"not_picked":["True Grit","Disarm+1","Impervious"],"picked":"SKIP","floor":40}],"player_experience":144590,"relics_obtained":[{"floor":6,"key":"Darkstone Periapt"},{"floor":9,"key":"Matryoshka"},{"floor":12,"key":"Whetstone"},{"floor":21,"key":"Bag of Marbles"},{"floor":21,"key":"Pantograph"},{"floor":24,"key":"Bag of Preparation"},{"floor":26,"key":"Lantern"},{"floor":26,"key":"Gambling Chip"},{"floor":30,"key":"Nilry\u0027s Codex"},{"floor":40,"key":"War Paint"}],"event_choices":[{"event_name":"Purifier","player_choice":"One Purge","floor":2,"damage_taken":0},{"event_name":"Scrap Ooze","player_choice":"success","floor":3,"damage_taken":7},{"event_name":"Dead Adventurer","player_choice":"Searched \u00271\u0027 times","floor":12,"damage_taken":0},{"event_name":"Forgotten Altar","player_choice":"Shed Blood","floor":20,"damage_taken":0},{"event_name":"Drug Dealer","player_choice":"Ignored","floor":22,"damage_taken":0},{"event_name":"Cursed Tome","player_choice":"Obtained Book","floor":30,"damage_taken":0},{"event_name":"Vampires","player_choice":"Ignored","floor":31,"damage_taken":0},{"event_name":"Tomb of Lord Red Mask","player_choice":"Ignored","floor":37,"damage_taken":0},{"event_name":"SecretPortal","player_choice":"Took Portal.","floor":41,"damage_taken":0}],"boss_relics":[{"not_picked":["Tiny House","Runic Pyramid"],"picked":"Mark of Pain"},{"not_picked":["Philosopher\u0027s Stone","Snecko Eye"],"picked":"White Beast Statue"}],"items_purged_floors":[13,36,39],"is_endless":false,"potions_floor_spawned":[6,10,11,14,19,35,38,40],"ascension_level":0}