{"gold_per_floor":[363,374,45,55,55,89,101,134,146,179,216,228,281,306,318,330],"floor_reached":16,"playtime":1691,"items_purged":["Doubt"],"score":125,"play_id":"25a53337-e3da-45e9-b8dd-3adf7cd52a01","local_time":"20180831180956","is_ascension_mode":true,"campfire_choices":[{"floor":7,"key":"REST"},{"floor":12,"key":"REST"},{"data":"Neutralize","floor":15,"key":"SMITH"}],"neow_cost":"CURSE","seed_source_timestamp":115418443091117,"circlet_count":0,"master_deck":["Defend_G","Defend_G","Defend_G","Defend_G","Defend_G","Strike_G","Strike_G","Strike_G","Strike_G","Strike_G","Survivor","Neutralize+1","Slice","Escape Plan","Blur+1","Injury","Endless Agony","Storm of Steel+1","Prepared+1","PiercingWail+1","Backflip+1","Cloak And Dagger+1"],"relics":["Ring of the Snake","Toxic Egg 2","Golden Idol","MawBank","Orichalcum","Molten Egg 2"],"potions_floor_usage":[6,8,13,14,16],"damage_taken":[{"damage":4,"enemies":"Small Slimes","floor":1,"turns":7},{"damage":0,"enemies":"2 Louse","floor":2,"turns":4},{"damage":2,"enemies":"Cultist","floor":4,"turns":4},{"damage":19,"enemies":"Lagavulin","floor":6,"turns":9},{"damage":17,"enemies":"Lots of Slimes","floor":8,"turns":4},{"damage":0,"enemies":"3 Louse","floor":10,"turns":3},{"damage":0,"enemies":"Blue Slaver","floor":11,"turns":3},{"damage":4,"enemies":"3 Sentries","floor":13,"turns":5},{"damage":0,"enemies":"Looter","floor":14,"turns":2},{"damage":69,"enemies":"Hexaghost","floor":16,"turns":16}],"seed_played":"573281514695413468","potions_obtained":[{"floor":1,"key":"Strength Potion"},{"floor":6,"key":"PowerPotion"},{"floor":10,"key":"Energy Potion"},{"floor":11,"key":"AttackPotion"},{"floor":13,"key":"Fire Potion"}],"is_trial":false,"path_per_floor":["M","M","$","M","?","E","R","M","T","M","M","R","E","M","R"],"character_chosen":"THE_SILENT","items_purchased":["Toxic Egg 2"],"campfire_rested":2,"item_purchase_floors":[3],"current_hp_per_floor":[66,66,66,64,64,45,66,49,49,49,49,70,66,66,66,0],"gold":330,"neow_bonus":"TWO_FIFTY_GOLD","is_prod":false,"is_daily":false,"chose_seed":false,"campfire_upgraded":1,"win_rate":0,"timestamp":1535764196,"path_taken":["M","M","$","M","?","E","R","M","T","M","M","R","E","?","R","BOSS"],"build_version":"2018-08-30","purchased_purges":1,"victory":false,"max_hp_per_floor":[70,70,70,70,70,70,70,70,70,70,70,70,70,70,70,70],"card_choices":[{"not_picked":["Acrobatics","PiercingWail"],"picked":"Slice","floor":1},{"not_picked":["Prepared","Quick Slash"],"picked":"Escape Plan","floor":2},{"not_picked":["Flying Knee","Expertise+1"],"picked":"Blur+1","floor":4},{"not_picked":["Skewer","Slice"],"picked":"Endless Agony","floor":6},{"not_picked":["Setup+1","Terror+1"],"picked":"Storm of Steel+1","floor":8},{"not_picked":["Flying Knee","Deflect+1"],"picked":"Prepared+1","floor":10},{"not_picked":["Accuracy","Bane"],"picked":"PiercingWail+1","floor":11},{"not_picked":["Venomology+1","Acrobatics+1"],"picked":"Backflip+1","floor":13},{"not_picked":["Caltrops","Bouncing Flask+1"],"picked":"Cloak And Dagger+1","floor":14}],"player_experience":268031,"relics_obtained":[{"floor":6,"key":"MawBank"},{"floor":9,"key":"Orichalcum"},{"floor":13,"key":"Molten Egg 2"}],"event_choices":[{"event_name":"Golden Idol","player_choice":"Take Wound","floor":5,"damage_taken":0}],"is_beta":false,"boss_relics":[],"items_purged_floors":[3],"is_endless":false,"potions_floor_spawned":[1,6,10,11,13],"killed_by":"Hexaghost","ascension_level":2}