{"gold_per_floor":[18,35,35,35,35,35,55,71,97,126,126,145,122,189,189,294,294,310,88,88,40,55,85,85,85,112,112,125,72,90,115,115],"floor_reached":32,"playtime":1620,"items_purged":[],"score":353,"play_id":"e0227908-16fc-4767-a0ab-6b745f2f4a60","local_time":"20190314153608","is_ascension_mode":false,"campfire_choices":[{"data":"Mind Blast","floor":6.0,"key":"SMITH"},{"data":"Sunder","floor":11.0,"key":"SMITH"},{"data":"Dualcast","floor":15.0,"key":"SMITH"},{"data":"Apotheosis","floor":24.0,"key":"SMITH"},{"data":"Scrape","floor":27.0,"key":"SMITH"},{"floor":32,"key":"REST"}],"neow_cost":"NO_GOLD","seed_source_timestamp":0,"circlet_count":0,"master_deck":["Zap+1","Dualcast+1","Mind Blast+1","Deep Breath","FTL","Sweeping Beam","Darkness+1","Sunder+1","Ball Lightning","FTL","Stack","Core Surge","Double Energy","Thunder Strike","Hologram","Hello World","FTL","Conserve Battery","Scrape+1","Sweeping Beam+1","Redo+1","Apotheosis+1","Bite","Bite","Bite","Bite","Bite","Conserve Battery","Doom and Gloom","Consume","Doom and Gloom","Conserve Battery","Skim","Rebound"],"special_seed":0,"relics":["Cracked Core","War Paint","Pandora\u0027s Box","Bronze Scales","Happy Flower","Turnip"],"potions_floor_usage":[28,30,31],"damage_taken":[{"damage":0.0,"enemies":"2 Louse","floor":1.0,"turns":1.0},{"damage":7.0,"enemies":"Jaw Worm","floor":2.0,"turns":4.0},{"damage":0.0,"enemies":"Cultist","floor":7.0,"turns":3.0},{"damage":7.0,"enemies":"3 Louse","floor":8.0,"turns":2.0},{"damage":4.0,"enemies":"3 Sentries","floor":10.0,"turns":4.0},{"damage":5.0,"enemies":"Looter","floor":12.0,"turns":2.0},{"damage":0.0,"enemies":"Slime Boss","floor":16.0,"turns":6.0},{"damage":16.0,"enemies":"2 Thieves","floor":18.0,"turns":2.0},{"damage":5.0,"enemies":"3 Byrds","floor":22.0,"turns":3.0},{"damage":27.0,"enemies":"Gremlin Leader","floor":23.0,"turns":4.0},{"damage":0,"enemies":"Snake Plant","floor":28,"turns":2},{"damage":11,"enemies":"Shelled Parasite and Fungi","floor":30,"turns":4},{"damage":30,"enemies":"Book of Stabbing","floor":31,"turns":4}],"seed_played":"7400271494731787711","potions_obtained":[{"floor":2.0,"key":"PowerPotion"},{"floor":7.0,"key":"Energy Potion"},{"floor":10.0,"key":"Strength Potion"},{"floor":16.0,"key":"GamblersBrew"},{"floor":18.0,"key":"SkillPotion"},{"floor":23.0,"key":"PowerPotion"},{"floor":28,"key":"Fire Potion"},{"floor":30,"key":"PowerPotion"}],"is_trial":false,"path_per_floor":["M","M","?","?","?","R","M","M","T","E","R","M","$","?","R","B",null,"M","$","?","$","M","E","R","?","T","R","M","$","M","E","R"],"character_chosen":"DEFECT","items_purchased":["Stack","Redo","Apotheosis","Conserve Battery","Conserve Battery"],"campfire_rested":1,"item_purchase_floors":[13,19,19,21,29],"current_hp_per_floor":[75,68,73,57,57,57,57,50,50,46,46,41,41,41,41,41,80,64,64,56,56,55,35,35,35,35,35,35,35,29,3,19],"gold":115,"neow_bonus":"RANDOM_COLORLESS_2","is_prod":false,"is_daily":false,"chose_seed":false,"campfire_upgraded":5,"win_rate":0,"timestamp":1552595768,"path_taken":["M","M","?","?","?","R","?","M","T","E","R","M","$","?","R","BOSS","M","$","?","$","M","E","R","?","T","R","?","?","M","E","R"],"build_version":"2019-01-23","purchased_purges":0,"victory":false,"max_hp_per_floor":[75,75,80,80,80,80,80,80,80,80,80,80,80,80,80,80,80,80,80,56,56,56,56,56,56,56,56,56,56,56,56,56],"card_choices":[{"not_picked":["Aggregate","Blizzard"],"picked":"FTL","floor":1.0},{"not_picked":["Recycle","Coolheaded"],"picked":"Sweeping Beam","floor":2.0},{"not_picked":["Self Repair","Double Energy"],"picked":"Darkness","floor":7.0},{"not_picked":["Self Repair","Genetic Algorithm"],"picked":"Sunder","floor":8.0},{"not_picked":["Stack","Melter"],"picked":"Ball Lightning","floor":10.0},{"not_picked":["Beam Cell","Leap"],"picked":"FTL","floor":12.0},{"not_picked":["Hyperbeam","Thunder Strike"],"picked":"Core Surge","floor":16.0},{"not_picked":["Beam Cell","Stack"],"picked":"Sweeping Beam+1","floor":18.0},{"not_picked":["Hello World","Streamline"],"picked":"Doom and Gloom","floor":22.0},{"not_picked":["Turbo","Buffer"],"picked":"Consume","floor":23.0},{"not_picked":["Aggregate","Double Energy"],"picked":"Doom and Gloom","floor":28},{"not_picked":["Leap","Compile Driver"],"picked":"Skim","floor":30},{"not_picked":["Undo+1","Sunder"],"picked":"Rebound","floor":31}],"player_experience":1176039,"relics_obtained":[{"floor":10.0,"key":"War Paint"},{"floor":23.0,"key":"Bronze Scales"},{"floor":26.0,"key":"Happy Flower"},{"floor":31,"key":"Turnip"}],"event_choices":[{"damage_healed":0.0,"max_hp_gain":5.0,"max_hp_loss":0.0,"gold_gain":0.0,"event_name":"Big Fish","player_choice":"Donut","floor":3.0,"gold_loss":0.0,"damage_taken":0.0},{"damage_healed":0.0,"max_hp_gain":0.0,"max_hp_loss":0.0,"gold_gain":0.0,"event_name":"Shining Light","player_choice":"Entered Light","floor":4.0,"gold_loss":0.0,"damage_taken":16.0,"cards_upgraded":["Zap","Strike_B"]},{"cards_removed":["Strike_B"],"damage_healed":0.0,"max_hp_gain":0.0,"max_hp_loss":0.0,"gold_gain":0.0,"event_name":"Purifier","player_choice":"Purged","floor":5.0,"gold_loss":0.0,"damage_taken":0.0},{"damage_healed":0.0,"max_hp_gain":0.0,"max_hp_loss":0.0,"gold_gain":67.0,"event_name":"Golden Wing","player_choice":"Gained Gold","floor":14.0,"gold_loss":0.0,"damage_taken":0.0},{"damage_healed":0.0,"max_hp_gain":0.0,"max_hp_loss":24.0,"gold_gain":0.0,"event_name":"Vampires","player_choice":"Became a vampire","floor":20.0,"gold_loss":0.0,"damage_taken":0.0,"cards_obtained":["Bite","Bite","Bite","Bite","Bite"]},{"damage_healed":0.0,"max_hp_gain":0.0,"max_hp_loss":0.0,"gold_gain":0.0,"event_name":"Accursed Blacksmith","player_choice":"Forge","floor":25.0,"gold_loss":0.0,"damage_taken":0.0,"cards_upgraded":["Redo"]}],"is_beta":false,"boss_relics":[{"not_picked":["Fusion Hammer","FrozenCore"],"picked":"Pandora\u0027s Box"}],"items_purged_floors":[],"is_endless":false,"potions_floor_spawned":[2,7,10,16,18,23,28,30],"ascension_level":0}