{"gold_per_floor":[109,184,197,372,304,304,314,314,395,409,420,454,49,64,64,167,167,185,185,185,89,103,132,144,0,0,0,0,0,12,27,27,130,130,146,146,146,146,161,161,191,66,66,66,66,84,84,101,101,101,101,101,13,47,47],"floor_reached":55,"playtime":3049,"items_purged":["Doubt"],"score":740,"play_id":"9dc6d09b-9f8f-40d8-9142-8df245c7be7e","local_time":"20190313082544","is_ascension_mode":false,"campfire_choices":[{"data":"Dagger Spray","floor":6.0,"key":"SMITH"},{"data":"Blade Dance","floor":8.0,"key":"SMITH"},{"floor":15.0,"key":"REST"},{"data":"Choke","floor":27.0,"key":"SMITH"},{"data":"Blade Dance","floor":29.0,"key":"SMITH"},{"floor":32.0,"key":"REST"},{"data":"Finisher","floor":40.0,"key":"SMITH"},{"data":"Slice","floor":44.0,"key":"SMITH"},{"data":"Flash of Steel","floor":47.0,"key":"SMITH"},{"floor":49.0,"key":"RECALL"},{"data":"Infinite Blades","floor":52.0,"key":"SMITH"}],"neow_cost":"NONE","seed_source_timestamp":0,"circlet_count":0,"master_deck":["Defend_G","Defend_G","Defend_G","Defend_G","Defend_G","Strike_G","Strike_G","Strike_G","Strike_G","Strike_G","Survivor","Neutralize+1","Caltrops","Dagger Spray+1","Blade Dance+1","Infinite Blades+1","Blade Dance+1","Choke+1","Flash of Steel+1","Finisher+1","Adrenaline","Backflip+1","Dramatic Entrance","Blade Dance+1","Writhe","Calculated Gamble+1","Adrenaline","Madness","Madness","Slice+1","Infinite Blades","Flash of Steel","Blade Dance+1","Flash of Steel","Cloak And Dagger+1"],"special_seed":0,"relics":["Ring of the Snake","Vajra","Singing Bowl","Ornamental Fan","Bag of Preparation","WristBlade","Juzu Bracelet","Happy Flower","Oddly Smooth Stone","Eternal Feather","Strawberry","Toxic Egg 2","Gambling Chip"],"potions_floor_usage":[],"damage_taken":[{"damage":0.0,"enemies":"Jaw Worm","floor":1.0,"turns":4.0},{"damage":0.0,"enemies":"Small Slimes","floor":3.0,"turns":4.0},{"damage":0.0,"enemies":"2 Louse","floor":7.0,"turns":1.0},{"damage":0.0,"enemies":"Lots of Slimes","floor":10.0,"turns":2.0},{"damage":2.0,"enemies":"Blue Slaver","floor":11.0,"turns":3.0},{"damage":37.0,"enemies":"Gremlin Nob","floor":12.0,"turns":5.0},{"damage":2.0,"enemies":"2 Fungi Beasts","floor":14.0,"turns":3.0},{"damage":17.0,"enemies":"Hexaghost","floor":16.0,"turns":6.0},{"damage":8.0,"enemies":"Shell Parasite","floor":18.0,"turns":3.0},{"damage":0.0,"enemies":"Spheric Guardian","floor":22.0,"turns":1.0},{"damage":10.0,"enemies":"Gremlin Leader","floor":23.0,"turns":4.0},{"damage":0.0,"enemies":"Centurion and Healer","floor":24.0,"turns":2.0},{"damage":1.0,"enemies":"Shelled Parasite and Fungi","floor":30.0,"turns":3.0},{"damage":0.0,"enemies":"Snake Plant","floor":31.0,"turns":1.0},{"damage":60.0,"enemies":"Automaton","floor":33.0,"turns":8.0},{"damage":21.0,"enemies":"3 Darklings","floor":35.0,"turns":3.0},{"damage":0.0,"enemies":"Orb Walker","floor":39.0,"turns":2.0},{"damage":6.0,"enemies":"Nemesis","floor":41.0,"turns":5.0},{"damage":23.0,"enemies":"4 Shapes","floor":46.0,"turns":5.0},{"damage":13.0,"enemies":"Sphere and 2 Shapes","floor":48.0,"turns":3.0},{"damage":66.0,"enemies":"Donu and Deca","floor":50.0,"turns":8.0},{"damage":51.0,"enemies":"Shield and Spear","floor":54.0,"turns":4.0},{"damage":63,"enemies":"The Heart","floor":55,"turns":3}],"seed_played":"4626695107409532615","potions_obtained":[{"floor":1.0,"key":"Energy Potion"},{"floor":7.0,"key":"Energy Potion"},{"floor":10.0,"key":"EntropicBrew"},{"floor":24.0,"key":"PowerPotion"},{"floor":35.0,"key":"EssenceOfSteel"},{"floor":46.0,"key":"Fire Potion"},{"floor":48.0,"key":"Regen Potion"}],"is_trial":false,"path_per_floor":["M","?","M","?","?","R","M","R","T","M","M","E","$","M","R","B",null,"M","?","?","$","M","E","M","$","T","R","?","R","M","M","R","B",null,"M","?","$","?","M","R","E","$","T","R","?","M","R","M","R","B",null,"R","$","E","B"],"character_chosen":"THE_SILENT","items_purchased":["Bag of Preparation","Choke","Flash of Steel","Dramatic Entrance","Happy Flower","Slice","Infinite Blades","Flash of Steel"],"campfire_rested":2,"item_purchase_floors":[13,13,13,21,25,42,42,53],"current_hp_per_floor":[70,59,59,59,59,59,59,59,59,59,57,36,36,34,55,38,72,64,64,51,51,53,43,45,45,45,45,45,45,44,46,70,10,83,64,64,64,53,55,70,73,73,73,91,91,70,88,75,93,27,98,98,98,56,0],"gold":47,"neow_bonus":"UPGRADE_CARD","is_prod":false,"is_daily":false,"chose_seed":false,"campfire_upgraded":8,"win_rate":0,"timestamp":1552483544,"path_taken":["M","?","M","?","?","R","M","R","T","?","M","E","$","M","R","BOSS","M","?","?","$","M","E","M","$","T","R","?","R","M","M","R","BOSS","M","?","$","?","M","R","E","?","T","R","?","M","R","M","R","BOSS","R","$","E","BOSS"],"build_version":"2019-01-23","purchased_purges":1,"victory":false,"max_hp_per_floor":[70,70,70,70,70,70,70,70,70,70,70,72,72,72,72,72,72,72,72,77,77,79,79,81,81,81,81,81,81,81,83,83,83,83,85,85,85,85,87,87,96,96,96,96,96,98,98,98,98,98,98,98,98,98,98],"card_choices":[{"not_picked":["Underhanded Strike","PiercingWail"],"picked":"Caltrops","floor":1.0},{"not_picked":["Flechettes","Tactician"],"picked":"Dagger Spray","floor":3.0},{"not_picked":["Terror","Masterful Stab"],"picked":"Blade Dance","floor":7.0},{"not_picked":["Prepared","Underhanded Strike"],"picked":"Infinite Blades","floor":10.0},{"not_picked":["Bane","PiercingWail"],"picked":"Blade Dance","floor":11.0},{"not_picked":["Caltrops","Tools of the Trade","Calculated Gamble"],"picked":"Singing Bowl","floor":12.0},{"not_picked":["Bouncing Flask","Bane"],"picked":"Finisher","floor":14.0},{"not_picked":["Phantasmal Killer","Doppelganger"],"picked":"Adrenaline","floor":16.0},{"not_picked":["Dagger Throw","Deadly Poison+1"],"picked":"Backflip+1","floor":18.0},{"not_picked":["Outmaneuver","Setup","Dodge and Roll"],"picked":"Singing Bowl","floor":22.0},{"not_picked":["Slice","Storm of Steel"],"picked":"Blade Dance+1","floor":23.0},{"not_picked":["Flying Knee","Terror","Outmaneuver"],"picked":"Singing Bowl","floor":24.0},{"not_picked":["Crippling Poison","Blade Dance"],"picked":"Calculated Gamble+1","floor":30.0},{"not_picked":["Blur","Dash","Underhanded Strike"],"picked":"Singing Bowl","floor":31.0},{"not_picked":["Doppelganger","Grand Finale"],"picked":"Adrenaline","floor":33.0},{"not_picked":["Eviscerate","Dagger Throw","Underhanded Strike"],"picked":"Singing Bowl","floor":35.0},{"not_picked":["Calculated Gamble","Sucker Punch","Flying Knee+1"],"picked":"Singing Bowl","floor":39.0},{"not_picked":["Glass Knife","Concentrate","Dagger Throw+1"],"picked":"Singing Bowl","floor":41.0},{"not_picked":["Secret Technique+1","Metamorphosis+1"],"picked":"Flash of Steel","floor":45.0},{"not_picked":["Prepared+1","Bane","Outmaneuver+1"],"picked":"Singing Bowl","floor":46.0},{"not_picked":["Outmaneuver+1","Flying Knee+1"],"picked":"Blade Dance+1","floor":48.0},{"not_picked":["Underhanded Strike+1","Deadly Poison+1"],"picked":"Cloak And Dagger+1","floor":54.0}],"player_experience":1159391,"relics_obtained":[{"floor":9.0,"key":"Singing Bowl"},{"floor":12.0,"key":"Ornamental Fan"},{"floor":23.0,"key":"Juzu Bracelet"},{"floor":41.0,"key":"Strawberry"},{"floor":43.0,"key":"Toxic Egg 2"},{"floor":54.0,"key":"Gambling Chip"}],"event_choices":[{"damage_healed":0.0,"max_hp_gain":0.0,"max_hp_loss":0.0,"gold_gain":75.0,"event_name":"World of Goop","player_choice":"Gather Gold","floor":2.0,"gold_loss":0.0,"damage_taken":11.0},{"damage_healed":0.0,"max_hp_gain":0.0,"max_hp_loss":0.0,"gold_gain":175.0,"event_name":"Liars Game","player_choice":"AGREE","floor":4.0,"gold_loss":0.0,"damage_taken":0.0,"cards_obtained":["Doubt"]},{"damage_healed":0.0,"max_hp_gain":0.0,"max_hp_loss":0.0,"gold_gain":0.0,"event_name":"WeMeetAgain","player_choice":"Paid Gold","floor":5.0,"gold_loss":68.0,"damage_taken":0.0,"relics_obtained":["Vajra"]},{"damage_healed":0.0,"max_hp_gain":0.0,"max_hp_loss":0.0,"gold_gain":0.0,"event_name":"Ghosts","player_choice":"Ignored","floor":19.0,"gold_loss":0.0,"damage_taken":0.0},{"damage_healed":0.0,"max_hp_gain":5.0,"max_hp_loss":0.0,"gold_gain":0.0,"event_name":"Forgotten Altar","player_choice":"Shed Blood","floor":20.0,"gold_loss":0.0,"damage_taken":18.0},{"damage_healed":0.0,"max_hp_gain":0.0,"max_hp_loss":0.0,"gold_gain":0.0,"event_name":"The Mausoleum","player_choice":"Opened","floor":28.0,"gold_loss":0.0,"damage_taken":0.0,"relics_obtained":["Oddly Smooth Stone"],"cards_obtained":["Writhe"]},{"damage_healed":0.0,"max_hp_gain":0.0,"max_hp_loss":0.0,"gold_gain":0.0,"event_name":"Tomb of Lord Red Mask","player_choice":"Ignored","floor":36.0,"gold_loss":0.0,"damage_taken":0.0},{"damage_healed":0.0,"max_hp_gain":0.0,"max_hp_loss":0.0,"gold_gain":0.0,"event_name":"Winding Halls","player_choice":"Embrace Madness","floor":38.0,"gold_loss":0.0,"damage_taken":11.0,"cards_obtained":["Madness","Madness"]},{"damage_healed":0.0,"max_hp_gain":0.0,"max_hp_loss":0.0,"gold_gain":0.0,"event_name":"SensoryStone","player_choice":"Memory 1","floor":45.0,"gold_loss":0.0,"damage_taken":0.0}],"is_beta":false,"boss_relics":[{"not_picked":["Orrery","Busted Crown"],"picked":"WristBlade"},{"not_picked":["Pandora\u0027s Box","Coffee Dripper"],"picked":"Eternal Feather"}],"items_purged_floors":[13],"is_endless":false,"potions_floor_spawned":[1,7,10,24,35,46,48],"killed_by":"The Heart","ascension_level":0}