{"gold_per_floor":[117,117,134,148,148,175,187,214,226,263,275,131,147,157,157,255,255,266,47,58,58],"floor_reached":21,"playtime":2202,"items_purged":[],"score":191,"play_id":"4fc3c2ab-e312-4a1e-846e-ec5f5d46936c","local_time":"20190619151805","is_ascension_mode":false,"campfire_choices":[{"data":"Loop","floor":7,"key":"SMITH"},{"floor":11,"key":"REST"},{"data":"Multi-Cast","floor":15,"key":"SMITH"}],"neow_cost":"NONE","seed_source_timestamp":197387568240865,"circlet_count":0,"master_deck":["Strike_B","Strike_B+1","Strike_B","Defend_B","Defend_B","Defend_B+1","Defend_B+1","Zap","Dualcast+1","Loop+1","Steam Power","Cold Snap","Capacitor","Compile Driver","Ball Lightning","Multi-Cast+1","Compile Driver","Rainbow","Chaos","Glacier","Coolheaded","Loop","Ball Lightning","Chill","Leap+1"],"relics":["Cracked Core","MawBank","Bag of Preparation","Matryoshka","War Paint","Orrery","PreservedInsect"],"potions_floor_usage":[6,8],"damage_taken":[{"damage":0,"enemies":"Small Slimes","floor":1,"turns":3},{"damage":6,"enemies":"Jaw Worm","floor":3,"turns":4},{"damage":0,"enemies":"2 Louse","floor":4,"turns":2},{"damage":19,"enemies":"Lagavulin","floor":6,"turns":7},{"damage":10,"enemies":"Exordium Thugs","floor":8,"turns":4},{"damage":21,"enemies":"Gremlin Nob","floor":10,"turns":4},{"damage":0,"enemies":"3 Louse","floor":13,"turns":3},{"damage":2,"enemies":"Looter","floor":14,"turns":2},{"damage":23,"enemies":"The Guardian","floor":16,"turns":12},{"damage":26,"enemies":"Shell Parasite","floor":18,"turns":7},{"damage":2,"enemies":"Spheric Guardian","floor":20,"turns":5}],"seed_played":"970214493347329747","potions_obtained":[{"floor":1,"key":"Swift Potion"},{"floor":3,"key":"Strength Potion"},{"floor":10,"key":"Strength Potion"},{"floor":18,"key":"EssenceOfSteel"},{"floor":20,"key":"Regen Potion"}],"is_trial":false,"path_per_floor":["M","?","M","M","?","E","R","M","T","E","R","$","M","M","R","B",null,"M","$","M","?"],"character_chosen":"DEFECT","items_purchased":["War Paint","PreservedInsect","Chill"],"campfire_rested":1,"item_purchase_floors":[12,19,19],"current_hp_per_floor":[82,75,69,69,53,34,34,24,24,3,27,27,27,25,25,2,82,56,56,54,54],"gold":58,"neow_bonus":"TEN_PERCENT_HP_BONUS","is_prod":false,"is_daily":false,"chose_seed":false,"campfire_upgraded":2,"win_rate":0,"timestamp":1560975485,"path_taken":["M","?","M","M","?","E","R","M","T","E","R","?","M","M","R","BOSS","M","$","M","?"],"build_version":"2019-01-23","purchased_purges":0,"victory":false,"max_hp_per_floor":[82,82,82,82,82,82,82,82,82,82,82,82,82,82,82,82,82,82,82,82,82],"card_choices":[{"not_picked":["Barrage","White Noise"],"picked":"Loop","floor":1},{"not_picked":["Beam Cell","Sunder"],"picked":"Steam Power","floor":3},{"not_picked":["Reprogram","Gash"],"picked":"Cold Snap","floor":4},{"not_picked":["Beam Cell","Fusion"],"picked":"Capacitor","floor":6},{"not_picked":["Double Energy","Stack"],"picked":"Compile Driver","floor":8},{"not_picked":["Gash","Beam Cell"],"picked":"Ball Lightning","floor":10},{"not_picked":["Heatsinks","Redo"],"picked":"Multi-Cast","floor":13},{"not_picked":["Steam","Turbo"],"picked":"Compile Driver","floor":14},{"not_picked":["Hyperbeam","Biased Cognition"],"picked":"Rainbow","floor":16},{"not_picked":["Leap","Go for the Eyes"],"picked":"Chaos","floor":17},{"not_picked":["Redo","Ball Lightning"],"picked":"Glacier","floor":17},{"not_picked":["Stack","Leap"],"picked":"Coolheaded","floor":17},{"not_picked":["Streamline","Rebound"],"picked":"Loop","floor":17},{"not_picked":["Turbo","Compile Driver+1"],"picked":"Ball Lightning","floor":18},{"not_picked":["Aggregate","Beam Cell"],"picked":"Leap+1","floor":20}],"player_experience":1478788,"relics_obtained":[{"floor":6,"key":"MawBank"},{"floor":9,"key":"Bag of Preparation"},{"floor":10,"key":"Matryoshka"}],"event_choices":[{"cards_removed":["Strike_B"],"damage_healed":0,"gold_gain":0,"player_choice":"Card Removal","damage_taken":7,"max_hp_gain":0,"max_hp_loss":0,"event_name":"Golden Wing","floor":2,"gold_loss":0},{"damage_healed":0,"gold_gain":0,"player_choice":"Entered Light","damage_taken":16,"max_hp_gain":0,"max_hp_loss":0,"event_name":"Shining Light","floor":5,"gold_loss":0,"cards_upgraded":["Strike_B","Defend_B"]}],"is_beta":false,"boss_relics":[{"not_picked":["Cursed Key","Calling Bell"],"picked":"Orrery"}],"items_purged_floors":[],"is_endless":false,"potions_floor_spawned":[1,3,10,18,20],"ascension_level":0}